1903 3306
423 251 464 285 τ’.
498 253 646 285 FAssm
681 246 1195 282 OBSERVATIUNGULAE.
1445 238 1528 280 187

83 351 241 403 negotio
260 355 299 388 et
318 349 401 387 sine
421 348 525 386 omni
559 347 792 385 insuavitate
822 344 1018 396 explicuit.
1075 343 1204 387 Quare
1226 354 1304 379 non
1325 344 1527 389 assentior,

81 427 207 465 neque
242 412 466 457 Plutarcho,
504 412 570 462 qui
617 412 842 456 Homerum,
882 408 1099 447 studiosum
1134 407 1249 443 bonae
1282 406 1526 449 narrationis,

81 476 398 528 compositionem
419 475 640 526 neglexisse
673 474 817 520 scribit,
852 480 891 510 et
922 472 1085 523 primum
1117 469 1247 508 statim
1266 481 1417 506 versum
1440 471 1530 519 ἄμε-

81 556 166 589 τρον
184 539 370 578 extulisse
387 551 396 576 ε

240 615 370 659 Μῆνιν
391 611 506 655 ἄειδε,
529 614 610 656 θεὰ,
632 610 853 656 Πηληϊάδεω
874 610 1076 662 Ἀχιλῆοςὶ

79 700 159 725 non
179 687 280 725 enim
301 687 365 724 ille
386 687 439 724 ita
471 685 621 731 extulit,
654 692 698 722 ut
718 684 966 730 Plutarchus,
993 684 1113 721 multo
1143 683 1269 720 minus
1298 687 1342 719 ut
1361 694 1446 727 nos,
1466 694 1527 718 se-

79 751 249 789 cundum
278 750 511 801 perscriptas
539 749 693 786 literas:
738 762 865 799 neque
897 748 1095 798 Scaligero
1127 745 1344 784 infulcienti
1364 745 1526 782 creticos

77 815 118 852 in
138 815 323 853 iambicos
345 813 494 851 modos.
553 812 636 849 Etsi
662 811 711 849 ad
730 812 804 849 hoc
835 811 1027 849 delabitur
1057 817 1112 855 ut,
1133 809 1328 860 voluptas,
1348 821 1526 858 anapaes-

77 878 194 916 ticam
215 878 307 915 velit
335 890 421 914 esse
456 873 693 913 dictionem:
723 873 763 911 id
794 874 951 925 quidem
984 873 1135 919 melius,
1156 873 1225 910 sed
1245 873 1321 910 illae
1343 874 1527 920 συγκοπαὶ

78 940 404 992 pronuntiationis
424 939 565 977 rectius
586 938 800 989 expediunt
830 951 1023 984 numeros,
1043 950 1128 975 mea
1147 937 1302 988 quidem
1322 936 1529 982 sententia,

78 1011 118 1042 et
136 1005 366 1056 antiquitate
385 1010 497 1049 teste,
523 1002 634 1054 cujus
671 1016 792 1040 unum
822 1003 938 1041 etiam
959 1015 1062 1040 nunc
1093 1001 1312 1052 exemplum
1334 1000 1526 1039 adducere

76 1071 216 1116 visum,
238 1068 426 1107 Hesiodi:
922 1077 925 1079 ’

226 1142 385 1194 ”Ασκρῃ,
406 1149 524 1195 χεῖμα
545 1141 650 1192 κακῇ,
672 1143 767 1190 θέρει
788 1143 973 1193 ἀργαλέῃ,
993 1138 1155 1177 οὐδέποτ’
1173 1139 1302 1190 ἐσθλῇ.

79 1218 151 1255 Est
168 1217 268 1255 enim
290 1219 368 1266 θρεῖ
386 1224 426 1255 et
445 1221 505 1263 λη.
561 1217 639 1255 Sed
661 1217 709 1255 de
738 1217 812 1254 hac
840 1228 894 1261 re,
925 1227 1012 1252 cum
1045 1219 1196 1251 tantum
1222 1213 1305 1263 jam
1325 1212 1525 1251 verborum

76 1280 246 1327 fecerim,
266 1280 354 1331 plus
388 1281 545 1331 quidem
571 1294 687 1331 quam
716 1280 826 1317 initio
860 1278 1103 1315 institueram
1134 1290 1194 1314 me
1214 1276 1406 1314 facturum
1426 1289 1525 1322 esse,

77 1357 183 1381 nunc
202 1343 390 1390 desinam,
411 1351 451 1381 et
475 1344 560 1383 haec
580 1350 714 1382 nostra
741 1343 891 1394 judicio
925 1341 1085 1379 aliorum
1106 1340 1289 1378 submitto
1307 1352 1316 1377 z
1347 1346 1398 1385 et,
1418 1338 1525 1389 quod

78 1413 213 1453 restat,
239 1408 548 1446 observationem
580 1414 618 1445 et
651 1419 784 1445 curam
813 1406 949 1444 harum
969 1417 1093 1442 rerum
1124 1403 1365 1454 diligentium
1398 1401 1526 1440 studio

75 1471 288 1509 committo.
364 1471 770 1520 Quantulamcumque
818 1475 947 1507 autem
984 1480 1140 1518 operam
1176 1467 1278 1504 hanc
1324 1466 1525 1504 industriae

76 1547 174 1572 meae
194 1534 309 1585 cupio
329 1546 462 1572 omnes
481 1534 572 1572 boni
592 1532 810 1578 consulere,
839 1531 944 1582 quod
964 1532 1087 1568 bonos
1108 1537 1147 1568 et
1177 1531 1366 1568 bonarum
1386 1531 1524 1567 artium

76 1597 239 1648 cupidos
262 1597 342 1635 scio
363 1611 449 1636 esse
469 1598 638 1635 facturos
657 1609 666 1634 ε
706 1595 731 1633 ii
753 1596 853 1633 enim
874 1608 1000 1645 neque
1019 1593 1138 1631 ullam
1157 1593 1196 1630 in
1216 1593 1334 1630 literis
1356 1592 1522 1642 exquisi-

76 1662 219 1699 tionem
239 1661 352 1699 nimis
372 1675 529 1712 parvam
550 1668 590 1698 et
609 1660 760 1698 futilem
781 1659 942 1705 ducunt,
963 1671 1090 1708 neque
1109 1657 1180 1695 hos
1201 1663 1363 1696 conatus
1384 1654 1523 1707 judicii

76 1725 199 1763 nostri
217 1731 400 1776 poterunt
420 1725 639 1776 despicere:

237 1811 333 1862 Περὶ
353 1811 393 1849 δὲ
411 1819 483 1850 τῶν
504 1813 644 1858 ἄλλων,
666 1813 707 1849 οὒ
726 1812 870 1862 φροντὶς
885 1807 1131 1862 Ἱπποκλείδῃ.

301 2087 356 2129 Τ.
403 2085 602 2129 FABRI
650 2082 1296 2127 OBSERVATIUNCULAE

356 2204 703 2238 MISCELLANEAE
727 2203 790 2234 AD
815 2203 986 2234 METRA
1006 2202 1242 2235 TERENTII.

75 2314 170 2354 1221
191 2329 232 2354 se
254 2314 344 2353 mihi
372 2326 515 2365 magna
535 2312 704 2364 quadam
722 2311 935 2363 voluptate,
964 2318 1002 2350 et
1031 2311 1160 2349 fructu
1189 2310 1296 2348 haud
1323 2310 1520 2357 mediocri,

73 2380 222 2432 privare
240 2378 431 2423 videntur,
451 2376 517 2428 qui
536 2377 755 2415 Terentium
776 2376 978 2414 studentes
997 2377 1138 2426 legere,
1158 2388 1230 2413 nec
1251 2382 1372 2412 metra
1388 2381 1519 2412 tamen

73 2443 155 2490 illa,
175 2443 260 2494 quis
289 2442 347 2480 uti
373 2440 579 2479 Terentius
613 2439 829 2485 consuevit,
859 2451 1015 2477 novere.
1073 2437 1272 2476 Memoriae
1306 2438 1407 2476 enim
1438 2444 1520 2475 tam

74 2513 294 2552 venustum,
313 2512 468 2555 tamque
489 2504 690 2542 amabilem
725 2503 947 2554 scriptorem
981 2502 1066 2552 quis
1095 2501 1279 2539 mandare
1313 2501 1452 2552 possit,
1481 2506 1520 2538 et

74 2570 301 2608 mandatum
320 2568 528 2614 custodire,
564 2567 637 2605 nisi
667 2567 699 2604 si
735 2574 774 2604 et
804 2567 885 2617 ipse
906 2572 1029 2604 metra
1056 2565 1157 2603 illius
1180 2564 1373 2603 senserit?
1402 2565 1518 2610 Dein,

74 2634 195 2671 multo
215 2633 285 2670 sibi
318 2632 500 2683 majorem
522 2630 858 2669 admirabilitatem
891 2631 1007 2682 poeta
1027 2635 1236 2680 comparet,
1257 2628 1321 2666 ubi
1342 2628 1519 2666 intellex-

75 2697 173 2735 erint
190 2696 353 2734 lectores
373 2708 451 2746 quo
472 2707 612 2745 genere
631 2694 812 2733 carminis
832 2694 895 2731 hic
916 2700 983 2731 aut
1007 2692 1070 2732 hic
1088 2700 1232 2731 utatur.
1290 2693 1392 2730 Nam
1413 2692 1517 2743 apud

75 2760 295 2799 Terentium
319 2759 474 2811 quidem
495 2759 609 2810 plane
627 2757 681 2796 ita
695 2757 868 2796 videmus
889 2757 969 2795 fieri
989 2770 1034 2796 ae
1055 2755 1159 2808 apud
1180 2756 1383 2808 Virgilium
1404 2756 1516 2802 solet,
