1903 3306
331 229 416 270 250

832 241 1014 272 ELOGlA
1048 242 1073 270 V
1086 242 1283 272 li'l'ERUM

619 376 795 426 Cicero,
817 376 871 416 de
893 376 1062 430 optimo
1084 388 1239 429 genere
1262 381 1498 418 oratorum.

393 457 444 498 ln
465 469 509 496 re
529 455 645 509 quod
667 455 878 508 optimum
910 455 967 495 sit
997 455 1232 508 quaeritur:
1263 455 1309 495 in
1329 454 1580 497 hominibus
1612 456 1786 505 dicitur,

335 525 454 578 quod
470 529 550 564 est.

612 520 771 575 Itaque
793 521 898 563 lieet
914 522 1073 572 dicere,
1095 527 1140 563 et
1161 521 1352 563 Ennium
1374 534 1591 564 summum
1611 523 1786 577 epicum

333 591 522 645 poetam,
543 591 580 631 si
602 590 676 631 eui
696 590 759 630 ita
779 590 979 642 videtur3
1011 593 1056 631 et
1077 591 1325 632 Pacuvium
1355 591 1594 643 tragicum
1625 594 1667 632 et
1687 590 1786 632 Cae-

336 717 379 747 de
394 722 508 748 nostro
527 718 629 757 poeta
650 717 830 756 excidisse,
854 727 928 758 quae
946 716 1036 748 nullo

336 767 434 798 modo
456 768 608 807 defendi,
625 778 663 799 ac
680 778 721 799 ue
739 768 876 800 tolerari
901 767 1035 808 quidem

336 823 490 859 possunt.

380 868 468 899 Illud
502 869 637 910 quidem
669 869 817 899 libenter
863 866 1036 907 sumimus,

337 920 426 960 quod
451 920 493 950 de
512 920 641 960 judicio
663 920 779 960 populi
797 919 945 950 fatetur:
972 928 1036 959 quo

337 972 471 1001 etiamsi
488 977 682 1011 superatum
701 981 774 1002 esse
792 971 901 1010 legam
919 980 938 1001 a
957 969 1036 1000 Phia

337 1022 470 1051 lemone
499 1020 898 1060 li'lenaudrum,nondum
924 1025 1036 1050 tamen

337 1070 417 1101 ideo
435 1071 626 1102 Menandro
651 1071 757 1110 major
782 1076 833 1102 est
848 1070 1038 1102 Philemon.

339 1124 456 1153 Debet
474 1124 574 1160 enim,
593 1124 625 1153 ni
648 1123 760 1162 fallor,
784 1122 926 1153 eruditis
949 1122 1038 1153 idem

338 1173 458 1211 licere,
483 1172 572 1213 quod
598 1173 744 1212 populo:
770 1177 805 1202 ut
832 1172 884 1203 hic
900 1171 1038 1213 quidem

340 1233 403 1262 pro
421 1232 479 1253 suo
496 1227 611 1263 captu,
623 1222 669 1252 illi
686 1231 745 1262 pro
762 1221 898 1261 iugenio
912 1225 947 1252 et
960 1221 1039 1252 doc-

340 1274 432 1304 trina
448 1274 651 1304 sententiam
669 1271 791 1304 ferant.
815 1272 862 1303 At
878 1271 967 1303 enim
985 1282 1042 1313 po·

340 1316 623 1365 pulijudicio'hic
637 1323 793 1354 standum
818 1327 890 1354 est:
915 1323 1043 1364 populo

341 1374 511 1405 dabantur
527 1372 671 1412 fabul-«1³3
696 1378 731 1404 et
754 1373 781 1403 is
807 1374 816 1390 ‘
832 1382 897 1403 non
919 1371 961 1403 ad
978 1372 1044 1408 dis-

342 1425 483 1456 cendam
511 1424 672 1455 sermonis
690 1423 873 1463 puritatem
896 1432 937 1453 eo
965 1432 1044 1454 con-

342 1473 485 1514 fluebat,
508 1475 566 1505 sed
584 1474 626 1504 ad
642 1473 788 1505 animum
807 1474 874 1505 risu
893 1482 932 1505 ac
953 1473 1042 1514 jocis

343 1525 562 1556 relaxandum
581 1524 599 1555 :'
637 1535 712 1565 quae
746 1524 908 1561 Scaligeri
940 1524 1044 1555 verba

343 1580 432 1606 sunt.
477 1574 543 1606 Sed
570 1573 728 1615 περιεργία
743 1574 860 1614 populi
873 1583 940 1604 non
953 1574 1044 1605 tollit

343 1625 465 1656 artium
503 1625 675 1656 instituta.
731 1624 875 1656 Quando
904 1624 937 1654 in
969 1623 1043 1655 foro

346 1686 423 1707 reus
441 1680 620 1706 accusatur
642 1685 680 1705 ac
704 1673 912 1714 defenditur,
938 1683 1044 1715 popu-

343 1726 396 1758 lus
414 1735 479 1757 non
493 1724 635 1756 confluit
652 1724 694 1755 ad
705 1723 900 1755 discendam
918 1732 1044 1754 sermo-

345 1777 396 1807 nis
409 1776 612 1816 elegantiam
630 1786 638 1813 3
657 1784 765 1815 neque
783 1778 968 1814 propterea
980 1783 1045 1805 non

346 1826 540 1858 laudabitur
550 1825 690 1865 Orator,
702 1825 758 1866 qui
771 1825 801 1855 ei
815 1824 942 1855 studet.
958 1824 1045 1855 Con-

346 1875 484 1908 fluxerit
502 1876 646 1917 populus
660 1874 702 1906 ad
721 1874 962 1906 oblectandum
977 1875 1047 1905 ani-

347 1937 437 1958 mum
457 1926 526 1957 visu
543 1931 577 1957 et
605 1925 721 1957 auditu
745 1935 857 1956 rerum
887 1925 1047 1956 ridicula-

348 1987 444 2016 rum;
468 1977 544 2007 huic
558 1976 726 2007 desiderio
742 1975 925 2016 explendo,
949 1983 1048 2005 nemo

348 2028 468 2069 opinor
479 2027 588 2058 Poeta
600 2025 749 2057 fabulam
766 2026 961 2066 scripserit:
985 2025 1050 2056 his-

349 2079 459 2109 trione
475 2078 563 2109 enim
582 2087 679 2118 quam
695 2076 797 2117 poeta
820 2076 955 2116 dignior
976 2075 1051 2106 haee

349 2138 452 2169 opera
466 2132 567 2159 esset.
588 2127 707 2158 Poetae
721 2127 910 2158 institutum
925 2126 966 2157 ad
978 2126 1051 2166 phi-

351 2179 539 2219 losophiam
556 2181 692 2218 spectat
710 2189 717 2209 :
742 2182 842 2217 atque
874 2177 906 2207 in
920 2177 1049 2209 Comoe-

353 2229 410 2259 dia
437 2229 497 2259 lioc
524 2228 635 2267 ipsum
666 2227 750 2267 agit,
776 2232 825 2266 ut,
847 2227 925 2257 dum
953 2231 1051 2267 putat

351 2279 493 2320 populus
506 2278 667 2309 ludicram
682 2288 751 2308 rem
761 2278 845 2318 geri,
859 2287 974 2308 amore
988 2277 1052 2307 vir-

353 2334 478 2368 tutum,
508 2327 585 2359 odio
615 2328 785 2366 vitiorum,
822 2337 965 2369 quaeque
1001 2327 1052 2359 his

353 2378 467 2411 affinia
484 2382 572 2418 sunt,
589 2384 624 2409 et
640 2378 682 2409 ad
698 2378 925 2410 emendandos
942 2387 1052 2409 mores

353 2429 542 2471 pertinent,
560 2428 741 2459 imbuatur.
774 2428 976 2459 Rudioribus
988 2428 1052 2459 ita·

355 2488 421 2520 que
438 2478 660 2519 temporibus,
688 2478 802 2509 rudius
832 2478 894 2509 hoc
919 2478 1052 2510 solebat

353 2530 447 2562 fieri:
472 2530 657 2570 animisque
684 2539 747 2560 ncc
770 2529 967 2570 compositis
989 2539 1052 2561 nec

355 2580 500 2611 excultis
534 2579 660 2620 aliquid
693 2579 935 2620 indulgendum
966 2584 1052 2611 erat.

356 2629 558 2660 Accedeute
577 2628 722 2669 quodam
738 2629 843 2669 cultu,
868 2634 905 2659 ut
928 2629 961 2660 in
985 2639 1056 2660 om-

355 2679 453 2710 nibus
471 2678 667 2709 civitatibus
685 2678 727 2708 ab
745 2678 927 2709 inconditis
955 2680 1055 2710 mori-

358 2729 422 2760 bus
455 2728 495 2759 ad
525 2729 647 2767 gradus
674 2728 835 2768 quosdam
867 2728 1055 2769 disciplina:

360 2779 569 2819 proceditur,
595 2778 850 2818 temperandum
868 2784 942 2810 crat
965 2780 1057 2821 quic-

1092 716 1172 759 quid
1196 718 1334 749 nimium
1353 718 1555 757 videbatur;
1580 715 1734 749 invitatis
1753 718 1789 746 et

1092 768 1226 809 placide
1239 769 1406 800 traductis
1429 769 1472 800 ad
1493 768 1642 800 rectiora
1658 765 1788 804 animis,

1091 823 1129 848 ut
1142 819 1355 858 voluptatem
1372 829 1438 850 non
1448 819 1518 858 jam
1543 828 1584 849 ex
1613 818 1685 849 solo
1707 816 1791 850 risu,

1091 867 1182 909 quod
1211 866 1535 909 imperitissimorum
1563 872 1628 908 est,
1659 865 1718 897 sed
1748 874 1790 896 ex

1091 918 1338 949 consuetudine
1356 918 1435 950 vitae
1450 918 1663 958 fortunaeque
1675 917 1790 946 huma-

1090 978 1156 1007 nae,
1172 968 1320 1008 eleganti
1338 978 1448 999 rerum
1462 971 1559 999 textu
1576 977 1616 997 ac
1628 974 1792 997 consecu-

1091 1018 1184 1049 tione
1206 1028 1268 1058 per
1292 1018 1515 1049 imitationem
1532 1025 1705 1057 expressa,
1727 1014 1791 1045 sibi

1091 1068 1274 1109 petendam
1295 1068 1506 1108 Judicarent.
1550 1067 1658 1099 Quam
1683 1065 1792 1105 ipsam

1093 1128 1163 1149 rem
1180 1128 1255 1149 cum
1272 1118 1446 1149 Comoedia
1466 1117 1564 1149 Nova
1580 1115 1644 1146 sibi
1669 1124 1792 1155 propo-

1092 1169 1228 1207 suisset,
1243 1168 1382 1199 aliorum
1400 1167 1568 1199 industria
1584 1175 1664 1196 sane
1681 1163 1793 1206 profe-

1093 1219 1203 1259 cerit3
1225 1224 1319 1250 certe
1343 1219 1447 1250 solius
1474 1217 1631 1249 Terentii
1659 1214 1795 1255 ingenio

1095 1269 1137 1300 ad
1154 1268 1325 1308 fastigium
1343 1264 1507 1300 ascendit.
1551 1266 1588 1298 Si
1601 1261 1795 1305 igitur—Vol-

1096 1319 1205 1351 catius
1223 1318 1395 1360 Sedigitas
1412 1317 1454 1350 de
1467 1316 1615 1350 Comicis
1626 1314 1794 1357 judicium

1096 1371 1188 1402 ferre
1199 1369 1319 1409 voluit,
1333 1379 1394 1400 cur
1410 1373 1480 1400 tam
1493 1365 1627 1400 diversa
1640 1363 1795 1398 miscuit?

1100 1421 1168 1452 Cur
1184 1421 1343 1451 Plautum
1360 1424 1396 1451 et
1422 1419 1505 1450 alios
1532 1417 1610 1450 ideo
1635 1416 1798 1458 praetulit,

1096 1469 1187 1510 quod
1205 1470 1280 1511 plus
1299 1469 1342 1501 de
1358 1469 1504 1510 antiquae
1529 1466 1713 1500 Comoediae
1739 1474 1796 1506 ge-

1098 1520 1154 1551 nio
1170 1519 1361 1558 referrent3
1385 1529 1445 1551 cur
1461 1519 1599 1560 populo,
1611 1516 1712 1548 etiam
1730 1515 1798 1546 cul·

1098 1570 1175 1601 tiori
1200 1570 1326 1601 saeculo
1341 1569 1430 1601 haud
1454 1579 1547 1610 aegre
1571 1568 1614 1599 ad
1638 1566 1799 1598 solutiora

1099 1621 1305 1661 respicienti,
1345 1620 1500 1652 adulatus
1540 1619 1669 1660 potius,
1698 1625 1798 1658 quam

1098 1671 1248 1703 Po'eseos
1260 1671 1431 1711 instituto,
1444 1675 1478 1702 et
1491 1668 1657 1702 doctrinae
1671 1667 1801 1708 legibus

1100 1722 1282 1753 obsecutus
1298 1718 1375 1752 est?
1418 1719 1485 1752 Sed
1507 1719 1682 1751 mittamus
1705 1715 1800 1748 Sedi-

1101 1772 1207 1813 gitum
1226 1781 1234 1801 :
1258 1772 1316 1813 qui
1333 1776 1446 1802 tamen
1470 1769 1607 1802 errandi
1628 1766 1801 1809 Scaligero

1101 1826 1221 1853 auctor
1249 1820 1337 1852 fuit:
1361 1831 1452 1861 nam,
1478 1825 1516 1852 ut
1539 1820 1613 1861 ejus
1633 1817 1801 1859 judicium

1101 1872 1319 1913 defenderet,
1339 1882 1399 1904 suo
1426 1882 1494 1903 non
1521 1872 1608 1903 bene
1633 1879 1713 1902 usus
1737 1872 1804 1899 est.

1103 1923 1187 1955 Quis
1204 1924 1291 1954 enim
1309 1933 1408 1964 porro
1425 1922 1513 1954 ferat
1530 1922 1616 1953 ista?
1659 1921 1668 1938 ‘
1684 1919 1731 1952 At
1748 1928 1802 1949 res

1104 1970 1377 2014 putenturipsae,
1395 1972 1553 2014 profecto
1571 1969 1803 2012 languidiores

1105 2029 1202 2054 erunt
1218 2023 1433 2054 Terentianae
1448 2021 1469 2053 :'
1487 2028 1589 2064 quam
1597 2021 1686 2062 apud
1701 2021 1803 2051 Plau-

1106 2077 1177 2104 tum
1202 2073 1334 2105 scilicet
1358 2074 1522 2114 aliosque.
1568 2073 1651 2104 Quis
1668 2071 1801 2102 demum

1105 2123 1162 2154 ille
1179 2123 1345 2166 languor?
1369 2123 1397 2154 si
1413 2119 1523 2155 omnia
1548 2122 1716 2157 excutias,
1739 2121 1802 2150 hoc

1105 2175 1286 2206 dicendum
1303 2173 1425 2206 fuerit:
1449 2174 1535 2207 Quae
1552 2182 1605 2204 res
1622 2173 1655 2203 in
1671 2171 1803 2202 Comoe-

1105 2225 1158 2256 dia
1175 2225 1224 2258 ita
1240 2225 1455 2265 exhibentur,
1471 2223 1626 2255 utminus
1644 2226 1804 2263 captetur

1108 2276 1206 2316 risus,
1235 2284 1344 2317 neque
1360 2275 1448 2316 jocis
1475 2278 1512 2306 et
1538 2272 1672 2304 facetiis
1695 2270 1807 2302 omnia

1107 2326 1324 2367 impleantur,
1355 2325 1422 2356 illae
1450 2323 1682 2364 languidiores
1716 2325 1805 2353 sunt.

1106 2378 1289 2417 Nunquam
1313 2376 1448 2406 tulisset
1471 2375 1527 2406 ille
1552 2374 1709 2415 princeps
1733 2371 1807 2403 Cri·

1106 2426 1249 2458 ticorum
1258 2435 1356 2466 aequo
1366 2425 1490 2464 animo,
1501 2424 1528 2455 si
1540 2424 1714 2465 quisquam
1722 2421 1806 2453 alius

1107 2476 1361 2518 pronuntiasset
1374 2474 1618 2516 languidiorem
1633 2481 1706 2504 esse
1717 2470 1806 2502 Poe-

1107 2527 1170 2568 sin,
1191 2526 1249 2557 ubi
1266 2526 1447 2565 retinetur,
1470 2524 1559 2566 quod
1575 2528 1628 2554 est
1650 2521 1808 2553 difficilli-

1107 2586 1210 2616 mum,
1226 2574 1286 2607 sed
1303 2575 1413 2607 Poeta
1427 2578 1586 2607 accurato
1600 2573 1749 2614 dignum,
1765 2582 1807 2603 ex

1107 2625 1280 2659 hilaritate
1294 2626 1421 2658 moduS.
1465 2624 1580 2657 Quid?
1600 2622 1688 2666 quod
1708 2622 1806 2654 urba-

1110 2677 1230 2709 nitatis
1245 2677 1389 2708 eruditae
1398 2685 1436 2707 ac
1451 2674 1646 2707 festivitatis
1663 2673 1808 2705 artificio

1112 2728 1236 2758 nemini
1274 2727 1367 2758 cedit
1403 2726 1592 2756 Terentius.
1657 2725 1805 2755 Tantum

1112 2780 1210 2811 obest
1226 2778 1349 2810 rationi
1365 2778 1567 2817 auctoritas,
1583 2776 1636 2808 cui
1651 2780 1686 2807 te
1703 2777 1806 2807 semel
