1903 3306
596 220 659 250 DE
692 219 877 250 mimus
910 219 1122 250 conitus.
1501 209 1586 253 223

129 315 266 354 ultima
285 327 364 354 non
384 314 547 365 amplius
564 313 753 361 ultimam,
775 313 844 351 sed
862 313 909 351 ab
929 312 1065 351 ultima
1081 311 1294 350 secundam
1315 312 1447 350 sedem
1468 325 1586 351 occu-

127 386 220 431 pet:
250 392 284 416 e.
304 392 342 429 g.
363 378 416 424 in,
438 378 548 424 Deae,
569 377 719 415 acuitur
740 376 875 427 prima,
893 377 930 413 in
954 377 1143 426 Deaeque,
1165 375 1351 413 secunda.

183 443 317 488 Sexto,
349 441 387 478 in
410 441 646 492 dissyllabis,
667 453 830 491 quorum
850 440 954 490 prior
985 440 1110 477 brevis
1144 446 1218 484 est,
1248 439 1370 476 altera
1389 438 1521 490 longa,
1555 442 1586 478 si

127 517 278 542 caesura
295 505 334 542 in
355 504 529 542 diversos
558 504 677 555 pedes
699 502 977 548 distrahantur,
997 509 1182 540 accentus
1203 502 1425 539 necessario
1445 502 1588 552 migrat

126 568 165 605 in
186 568 382 618 ultimam3
405 568 511 619 quod
531 568 619 606 ideo
635 568 784 605 licitum
804 567 891 613 fuit,
912 567 1003 617 quia
1021 567 1102 604 fieri
1122 579 1200 603 non
1221 572 1374 617 poterat
1394 572 1436 602 ut
1457 567 1584 616 po'etae

126 630 202 669 hac
233 632 392 670 licentia
411 645 490 670 non
509 638 737 674 uterentur3
769 631 854 681 ipsa
888 632 999 668 metri
1033 630 1245 668 necessitas
1267 635 1442 667 excusat.
1502 629 1586 669 Nec

126 695 237 734 vitari
276 703 409 746 potest
454 697 493 733 in
534 695 705 746 cujusvis
745 695 899 745 generis
942 694 1128 740 iambicis,
1169 694 1322 745 quoties
1361 707 1497 732 versus
1536 695 1585 731 ab

126 759 349 810 hujusmodi
370 773 465 798 voce
494 760 652 811 incipit;
689 766 740 806 et,
773 760 862 796 siin
892 759 1011 796 talem
1041 758 1209 804 desinat,
1231 771 1488 808 quaecumque
1508 770 1584 795 vox

125 823 384 873 praecesserit,
404 823 540 862 ultima
560 823 643 874 ejus
665 823 817 875 syllaba
837 823 868 859 si
889 822 1008 872 longa
1036 822 1099 868 sit,
1132 835 1155 859 a
1175 821 1313 859 ceteris
1335 821 1491 859 divulsa
1519 822 1586 860 fiet

126 887 250 937 prima
283 887 394 938 pedis
434 888 578 933 cretici,
616 886 795 936 adeoque
837 886 877 922 in
914 884 1205 936 pronuntiando
1246 890 1429 923 acuetur:
1479 885 1585 935 quod

125 951 231 988 valet
250 951 365 988 etiam
385 950 425 988 in
455 950 661 989 trochaicis
682 949 934 995 catalecticis‚
959 950 1025 1000 qui
1054 949 1129 987 hac
1150 949 1189 986 in
1208 955 1319 1000 parte
1341 949 1388 986 ab
1409 948 1584 987 iambicis

126 1014 222 1052 nihil
240 1014 439 1053 differunt.

180 1078 368 1128 Septimo,
387 1078 426 1115 in
447 1077 659 1129 trisyllabis
679 1076 791 1115 metri
812 1076 984 1115 conditio
1005 1076 1200 1115 interdum
1219 1083 1346 1115 mutat
1365 1083 1584 1125 accentum,

124 1141 296 1192 facitque
329 1148 372 1179 ut
405 1155 425 1179 e
454 1142 579 1192 prima
608 1142 647 1179 in
683 1141 896 1179 secundam
927 1141 1091 1192 migret;
1141 1154 1231 1179 cum
1258 1141 1408 1180 scilicet
1434 1141 1587 1193 syllaba

123 1206 252 1244 brevis
272 1213 362 1244 ante
387 1215 537 1245 mutam
567 1213 608 1245 et
638 1206 829 1258 liquidam
863 1206 1115 1257 producitur:
1158 1211 1202 1244 ut
1236 1206 1267 1244 si
1299 1205 1512 1244 secundam
1531 1206 1585 1252 in,

122 1270 314 1318 volucres,
334 1270 544 1322 producas,
575 1285 665 1322 quae
700 1278 809 1309 extra
837 1279 1002 1308 metrum
1024 1277 1063 1308 et
1097 1271 1136 1308 in
1169 1283 1234 1309 ore
1265 1270 1398 1322 populi
1431 1283 1585 1321 semper

123 1334 325 1386 corripitur
342 1349 351 1374 ε
383 1335 453 1374 sed
473 1348 551 1373 non
568 1335 660 1373 licet
680 1342 817 1373 contra
837 1334 875 1371 in
895 1334 1107 1384 trisyllabis
1129 1341 1333 1373 accentum
1365 1349 1385 1373 e
1407 1336 1583 1374 secunda

122 1399 161 1436 in
191 1399 353 1449 primam
383 1399 445 1437 vel
476 1400 628 1438 tertiam
667 1412 835 1445 movere,
872 1398 1120 1449 mediamque
1154 1399 1248 1437 licet
1284 1399 1478 1450 positione
1499 1400 1585 1437 sola

122 1462 281 1513 longam
314 1464 526 1514 corripere;
568 1477 655 1501 cum
695 1477 741 1502 eo
773 1463 948 1514 legitima
977 1463 1257 1514 pronuntiandi
1288 1464 1386 1501 ratio
1420 1464 1582 1502 nimium

121 1525 359 1574 immutetur,
392 1540 464 1566 nec
499 1527 779 1565 immutationis
814 1526 959 1564 idonea
997 1527 1092 1565 satis
1133 1539 1254 1564 causa
1284 1526 1469 1574 audienti,
1504 1541 1582 1578 quo

121 1590 249 1628 minus
269 1590 502 1637 offendatur,
523 1604 564 1629 se
585 1591 781 1629 ostendat.
831 1591 903 1628 Est
921 1590 1078 1641 quidem
1098 1590 1163 1628 ubi
1184 1590 1350 1628 Plautus
1370 1590 1444 1628 hac
1464 1592 1582 1629 etiam

121 1653 280 1693 licentia
298 1656 431 1702 utitur,
453 1655 522 1693 sed
543 1656 697 1706 parcius
716 1669 725 1698 ;
757 1668 791 1693 e.
814 1669 852 1706 g.
875 1655 910 1693 vi
930 1668 1076 1701 eorum,
1098 1669 1187 1705 quae
1208 1661 1346 1706 quarto
1367 1655 1456 1693 loco
1477 1656 1583 1694 dicta

122 1725 227 1765 sunt,
246 1720 436 1772 corripere
465 1720 557 1758 licet
591 1720 805 1759 secundam
840 1721 893 1768 in,
915 1719 1142 1770 voluptatis,
1173 1719 1243 1756 sed
1263 1732 1341 1756 non
1368 1718 1471 1757 idem
1491 1720 1583 1758 licet

120 1781 173 1828 in,
195 1783 390 1835 voluptas,
411 1785 586 1835 quamvis
606 1785 681 1823 hoc
702 1798 855 1836 quoque
877 1798 899 1822 a
919 1785 1062 1822 Plauto
1083 1784 1227 1834 saepius
1247 1784 1327 1821 fiat.

179 1847 308 1885 Unum
329 1861 442 1899 porro
458 1849 694 1886 monendum
717 1855 896 1899 superest
917 1848 965 1886 de
985 1847 1302 1899 pronuntiatione
1318 1860 1580 1886 consonarum

119 1909 130 1946 i
152 1916 191 1948 et
209 1924 249 1956 u,
269 1924 357 1961 quae
378 1923 457 1949 non
484 1918 564 1949 tam
586 1911 682 1950 dure
714 1911 922 1950 efferendae
944 1918 1048 1957 sunt,
1071 1924 1116 1948 ac
1139 1911 1243 1962 apud
1263 1924 1335 1948 nos
1356 1912 1434 1949 fieri
1465 1913 1579 1960 solet,

120 1973 190 2011 sed
211 1973 384 2013 molliore
407 1988 518 2022 sono,
539 1976 682 2026 quique
701 1975 875 2028 proxime
905 1974 1068 2013 accedat
1103 1974 1152 2011 ad
1173 1975 1281 2012 illum
1301 1988 1378 2026 quo
1406 1988 1580 2025 pronun-

120 2037 260 2075 tiamus
280 2052 305 2089 y
324 2045 363 2076 et
383 2052 441 2082 w;
472 2039 579 2090 quod
600 2047 639 2077 et
659 2041 707 2078 ab
730 2040 814 2077 aliis
847 2040 993 2078 dudum
1014 2040 1262 2077 observatum
1294 2045 1367 2084 est,
1388 2047 1427 2077 et
1446 2053 1579 2078 verum

118 2093 214 2138 esse'
236 2101 392 2139 abunde
427 2109 584 2140 constat
622 2116 669 2140 ex
700 2103 1003 2141 resolutionibus
1036 2103 1273 2153 syllabarum
1305 2116 1392 2153 quae
1424 2104 1472 2140 ab
1494 2104 1578 2141 istis

116 2164 237 2203 literis
269 2165 474 2216 incipiunt,
504 2179 592 2217 quae
623 2180 824 2217 nunquam
858 2173 936 2204 tam
968 2167 1114 2204 crebrae
1144 2166 1326 2214 fuissent,
1349 2168 1382 2204 si
1414 2167 1577 2206 Veteres

115 2227 247 2267 literas
267 2241 334 2267 eas
355 2229 493 2267 eodem
514 2243 592 2280 quo
612 2243 684 2268 nos
716 2230 832 2268 modo
864 2231 1209 2282 pronuntiassent:
1239 2244 1328 2269 cum
1349 2231 1473 2282 majus
1494 2238 1576 2270 tum

116 2291 257 2330 fuisset
284 2293 384 2331 inter
413 2293 590 2344 ejusdem
625 2294 748 2332 literae
784 2307 916 2342 sonos,
952 2295 1093 2346 quibus
1123 2308 1226 2333 nunc
1260 2307 1450 2339 consona,
1470 2309 1576 2333 nunc

116 2356 261 2394 vocalis
292 2355 503 2402 efferretur,
542 2357 764 2404 discrimen,
797 2371 914 2408 quam
952 2358 1058 2409 quod
1092 2372 1140 2397 ex
1179 2359 1302 2396 altera
1334 2358 1371 2395 in
1414 2358 1576 2397 alteram

115 2420 322 2458 transitum
355 2419 470 2458 facile
500 2421 581 2471 pati
609 2420 823 2472 potuisset:
869 2434 903 2458 e.
921 2435 959 2471 g.
999 2421 1111 2468 inter,
1130 2422 1291 2473 pariete,
1325 2429 1376 2468 et,
1412 2423 1575 2474 pargite,

118 2483 316 2534 quomodo
336 2495 408 2521 nos
439 2483 648 2531 efferimus,
679 2484 909 2536 pernimium
930 2477 1113 2528 interest3
1154 2485 1267 2533 inter,
1302 2486 1462 2536 pariete,
1483 2499 1575 2524 vero

114 2555 168 2593 et,
189 2553 362 2600 paryete,
381 2561 516 2599 parum
548 2548 784 2588 admodum:
827 2549 896 2597 sic,
916 2549 1063 2597 tenuia,
1093 2557 1146 2595 et,
1167 2552 1342 2597 ten-wia,
1373 2550 1476 2588 idem
1495 2552 1574 2589 fere

116 2619 271 2658 sonant,
293 2611 377 2660 sed,
396 2613 540 2659 tenuia,
561 2620 612 2660 et,
631 2614 773 2661 tenvia,
792 2627 879 2652 cum
898 2627 986 2660 vau,
1001 2626 1098 2652 sono
1114 2614 1279 2652 multum
1295 2614 1449 2652 diversa
1467 2623 1573 2654 sunt.

116 2675 246 2727 Atque
262 2676 350 2715 haec
370 2677 588 2715 observatio
609 2677 657 2716 de
679 2678 777 2717 veris
797 2678 936 2717 harum
958 2679 1155 2717 literarum
1176 2680 1283 2717 sonis
1304 2686 1365 2717 est
1392 2680 1571 2718 maximae

117 2752 220 2792 saepe
240 2739 438 2779 utilitatis:
468 2753 490 2778 v
511 2753 600 2779 vero
621 2754 834 2780 consonam
857 2742 912 2781 sic
946 2742 1184 2794 pronuntiari
1212 2743 1336 2782 solere
1357 2743 1570 2782 clarissime
