1903 3306
354 236 439 278 240
800 248 1053 280 RicARnus
1087 251 1364 282 BENTLElus

354 340 420 391 qui
441 353 588 388 versus,
617 341 690 380 nisi
712 348 793 380 toto
813 343 994 393 pulmone
1013 344 1218 391 exhausto,
1246 346 1485 395 pronuntiari
1504 352 1593 397 apte
1613 360 1690 386 non
1711 361 1803 400 pos-

355 410 446 441 sunt
463 417 471 442 :
501 405 540 441 in
571 404 750 444 trimetris
783 419 873 444 vero
892 407 1063 445 clamosa
1083 408 1168 446 haec
1187 410 1287 454 πάθη
1305 410 1566 449 inarescerent
1583 423 1742 461 prorsus
1763 420 1803 449 et

354 466 677 507 obmutescerent.

407 530 642 570 Ditrochaeis
661 533 778 583 igitur
799 533 854 571 sic
873 534 1120 572 constituitur
1138 535 1290 573 iambus
1311 535 1504 574 trimetrus
1523 549 1533 574 τ

522 611 562 643 Id
585 611 590 653 Ι
610 612 674 643 sibi
690 613 806 653 negoti
826 612 832 654 Ι
852 612 999 644 credidit
1015 624 1052 645 so
1072 613 1077 655 Ι
1096 614 1165 645 him
1180 614 1263 647 dari.

522 665 567 696 Vi
588 665 594 707 Ι
614 665 826 697 commodavi
845 665 850 708 1
870 665 1079 698 commodavi
1099 666 1104 709 Ι
1124 668 1313 702 commoda.

354 739 546 777 iambicus
567 746 811 778 tetrametrus
831 741 992 792 plenus:

435 815 526 845 Dum
546 812 551 855 Ι
572 813 704 854 tempus
721 814 762 845 ad
780 824 852 845 eam
873 814 878 856 Ι
899 815 966 846 rem
984 815 1062 847 tulit
1077 815 1137 847 sivi
1158 815 1164 858 Ι
1183 816 1330 860 animum
1347 822 1385 850 ut
1401 819 1502 859 exple
1521 817 1528 861 Ι
1547 818 1600 850 ret
1615 829 1723 853 snum.

437 867 482 898 vi
543 866 548 908 Ι
567 867 777 898 commodavi
868 867 873 910 Ι
893 868 1104 901 commodavi
1158 869 1163 912 Ι
1183 871 1395 902 commodavi
1515 871 1520 914 Ι
1541 872 1730 905 commoda.

352 942 586 981 Trochaicus
606 949 850 982 tetrametrus
871 944 1009 994 plenus
1031 944 1110 982 sive
1129 947 1389 992 ἀκατάληκτος,

316 1023 319 1025 ’
349 1016 492 1048 'Adeon'
508 1017 676 1049 hominem
692 1027 763 1049 esse
784 1017 789 1060 Ι
808 1018 1025 1050 invenustum
1043 1023 1101 1050 aut
1120 1018 1126 1060 Ι
1145 1019 1316 1051 infelicem
1338 1020 1342 1061 Ι
1363 1020 1565 1062 quemquam
1582 1025 1620 1053 ut
1635 1031 1699 1063 ego
1713 1031 1797 1054 sum.

353 1071 572 1104 C6mmodavi
702 1069 710 1114 Ι
728 1070 937 1103 commodavi
958 1070 962 1113 Ι
983 1071 1193 1103 commodavi
1212 1072 1217 1115 Ι
1237 1073 1460 1106 commodavi.

351 1147 587 1185 Trochaicus
606 1152 853 1184 tetrametrus
875 1146 1026 1197 syllaba
1044 1146 1243 1194 deficiens,
1273 1149 1352 1186 sive
1371 1149 1638 1196 καταληκτικὸς,

437 1221 532 1254 Quot
545 1220 652 1252 modis
666 1230 728 1252 con
749 1220 754 1263 Ι
775 1220 899 1252 temtus
916 1222 1068 1261 spretus?
1088 1220 1093 1263 Ι
1113 1220 1219 1262 nicta,
1236 1227 1409 1254 transacta
1428 1222 1434 1265 Ι
1453 1222 1586 1254 omnia:
1609 1224 1699 1255 hem.

437 1274 657 1306 commodavi
747 1272 753 1316 Ι
774 1273 983 1306 commodavi
1084 1274 1090 1316 Ι
1110 1275 1322 1306 commodavi
1427 1276 1432 1318 Ι
1452 1276 1640 1309 commoda.

352 1338 622 1378 Pentametrus
641 1340 899 1386 καταληκπ-ικός
911 1353 921 1385 ;
951 1339 1017 1390 qui
1037 1340 1154 1377 semel
1175 1340 1361 1378 iterumve
1382 1340 1611 1380 adhibetur:

435 1425 546 1457 sanus
576 1427 636 1457 es?
671 1426 818 1457 Domum
840 1424 845 1466 Ι
864 1424 913 1456 ire
942 1434 1104 1466 pergam:
1139 1424 1186 1455 ibi
1207 1423 1212 1466 Ι
1231 1425 1410 1465 plurimum
1439 1428 1503 1457 est.
1546 1425 1641 1456 Revo
1660 1423 1666 1467 Ι
1685 1424 1798 1456 cemus

521 1480 699 1510 hominem.
720 1478 725 1520 Ι
744 1479 805 1510 Sta
820 1478 922 1510 illico.

436 1532 655 1564 C6mmodavi
675 1532 680 1574 Ι
700 1531 911 1564 commodavi
931 1530 937 1573 Ι
957 1530 1169 1562 commodavi
1189 1530 1195 1573 Ι
1214 1531 1425 1563 commodavi
1445 1534 1450 1574 Ι
1470 1531 1658 1564 c6mmoda.

352 1609 398 1646 In
426 1607 488 1646 his
521 1608 700 1646 omnibus
727 1606 967 1646 commodius
999 1613 1072 1652 est,
1100 1619 1186 1644 meo
1209 1606 1372 1657 judicio,
1401 1606 1574 1644 ὃιποδίαν
1603 1600 1799 1659 τροχὶιῖκὴν

353 1685 513 1710 caesurae
538 1671 871 1710 accommodatam
900 1677 939 1709 et
967 1683 1192 1720 congruam,
1221 1684 1337 1721 quam
1359 1670 1537 1722 ῖαμβικὴν
1556 1672 1604 1710 ab
1625 1683 1672 1709 ea
1689 1671 1798 1709 deer-

352 1743 514 1782 rantem,
542 1736 581 1773 in
607 1734 802 1773 metiendo
819 1747 933 1772 versu
954 1734 1159 1771 asciscere.

407 1800 592 1850 Superest
610 1806 739 1837 tamen
762 1811 860 1835 unus
881 1798 1030 1835 iambici
1051 1797 1217 1848 generiS‚
1249 1803 1494 1836 tetrametrus
1515 1799 1795 1845 καταληκτικὸς;

352 1865 391 1902 in
411 1877 488 1915 quo
508 1861 656 1900 διποδία
676 1869 844 1900 veterum
869 1860 1141 1911 magistrorum
1174 1860 1326 1910 ἰαμβική
1359 1862 1440 1901 sine
1460 1863 1723 1901 controversia
1741 1869 1799 1900 te-

352 1926 485 1965 nenda
502 1932 587 1969 est3
619 1926 667 1963 ob
700 1925 837 1977 ipsam,
865 1937 888 1962 a
921 1937 999 1974 qua
1028 1924 1065 1962 in
1101 1924 1186 1962 aliis
1207 1924 1386 1972 discedit,
1408 1926 1580 1965 Caesurae
1599 1926 1798 1965 concinni-

354 1997 498 2030 tatem:

525 2065 614 2098 Nam
630 2063 657 2095 si
673 2064 772 2096 remit
793 2063 798 2106 Ι
818 2067 890 2095 tent
907 2063 1081 2104 quippiam
1102 2061 1108 2105 Ι
1129 2062 1360 2096 Philumenam
1395 2063 1400 2106 Ι
1420 2063 1564 2098 domnas.
1582 2060 1585 2062 v

524 2117 634 2158 Ανδρές
647 2124 730 2158 φιλοι
791 2116 796 2158 Ι
815 2129 864 2147 και
880 2115 1006 2155 δήμοται
1101 2115 1106 2158 Ι
1125 2128 1173 2147 και
1189 2116 1244 2147 τού
1259 2129 1360 2148 πονειν
1392 2116 1397 2159 Ι
1417 2117 1553 2159 εράσται.

524 2171 719 2211 Δημόσθενης
787 2170 792 2213 Ι
813 2170 1023 2209 Δημόσθενυυς
1096 2169 1102 2212 Ι
1122 2169 1279 2202 Παιάνιευς
1388 2170 1394 2213 Ι
1413 2171 1538 2213 εγρᾶψε.

524 2226 568 2257 Vi
585 2225 761 2257 commoda
791 2224 796 2267 Ι
817 2225 860 2264 νί,
875 2224 1052 2256 commoda
1099 2223 1104 2265 Ι
1126 2225 1170 2263 vi,
1183 2224 1359 2256 commoda
1392 2224 1398 2267 Ι
1418 2225 1464 2266 vi,
1479 2225 1622 2257 commo.

411 2301 488 2340 Sed
519 2307 558 2338 et
575 2301 614 2338 in
633 2301 693 2338 his
715 2300 862 2338 διποὸία
882 2303 1054 2351 τροχαῖκὴ
1074 2305 1227 2350 tempus
1248 2299 1402 2350 quidem
1422 2306 1461 2338 et
1480 2301 1648 2351 spatium
1665 2307 1800 2338 exacte

359 2373 499 2413 servat,
528 2366 567 2403 in
602 2365 852 2403 incisionibus
873 2371 1002 2402 tamen
1024 2370 1172 2415 peccat.
1230 2364 1409 2403 Ceterum
1430 2371 1554 2401 utram
1576 2364 1667 2402 velit
1683 2364 1801 2402 ratio-

356 2444 444 2468 nem
465 2431 586 2468 lector
606 2437 812 2480 sequatur:
843 2435 1027 2466 accentus
1053 2427 1092 2464 in
1119 2433 1264 2464 nostrae
1283 2426 1464 2465 editionis
1484 2433 1591 2465 textu
1612 2429 1798 2466 ambabus

358 2507 468 2545 aeque
487 2493 746 2531 conveniunt:
776 2499 815 2530 at
844 2493 883 2529 in
911 2504 1058 2542 nupera
1091 2490 1272 2541 quadam,
1302 2491 1470 2529 universi
1498 2491 1613 2542 hujus
1635 2492 1800 2543 generis,

358 2570 521 2608 quorum
551 2557 687 2607 ingens
708 2558 818 2607 copia
837 2563 909 2603 est,
938 2568 1070 2594 versus
1092 2566 1211 2606 prava
1231 2568 1392 2593 caesurae
1413 2554 1660 2593 distinctione
1679 2556 1798 2607 jugu-

358 2622 511 2660 lantur:

519 2694 764 2731 Concurrunt
782 2693 861 2732 laeti
882 2695 931 2732 mi
950 2696 1099 2733 obviam
1120 2708 1194 2746 cup
1217 2694 1225 2747 Ι
1249 2694 1408 2745 pediarii
1428 2706 1576 2741 omnes,

519 2757 674 2803 Cetarii‚
694 2757 798 2805 lanii,
814 2760 942 2810 coqui,
961 2759 1018 2797 far
1042 2759 1047 2811 Ι
1072 2766 1188 2804 tores,
1207 2759 1435 2808 piscatores,
