1903 3306
253 198 340 240 490
750 213 788 243 P.
821 214 1065 245 TERENTH
1100 216 1217 247 Aeni

255 301 372 345 Scin'
386 306 432 346 tu
455 305 629 347 turbam
650 305 764 348 hanc
788 312 969 363 propter
988 313 1030 351 te
1048 323 1147 352 esse
1167 310 1362 354 factam?
1392 317 1436 354 et
1458 314 1569 356 adeo
1591 315 1648 356 ad
1671 319 1714 356 te

425 374 607 415 attinere
624 374 740 416 hanc

254 438 440 482 Omnem
460 443 584 483 rem'?
647 442 737 483 CH.
770 441 843 483 Ad
865 445 964 484 me?
987 444 1093 497 qui?
1116 445 1243 498 quasi
1260 445 1390 487 istuc!
1449 447 1541 488 ΤΗ.
1577 448 1713 500 Quia,

425 508 527 550 dum
550 509 629 551 tibi
650 523 845 551 sororem
867 511 1030 552 studeo

254 574 463 618 Reddere
497 581 541 618 et
577 579 820 628 restituere,
859 579 953 620 haec
995 583 1130 633 atque
1161 580 1413 634 hujusmodi
1450 596 1545 624 sum
1574 585 1715 626 multa

422 658 574 698 passa.

253 710 339 753 CH.
371 711 462 753 Ubi
483 726 536 753 ea
556 714 652 754 ost?
713 714 803 756 TH.
837 715 973 756 Domi
1004 715 1125 770 apud
1146 730 1229 757 me.
1292 717 1379 759 CH.
1413 718 1557 760 Hem!
1617 719 1714 761 ΤΗ.

425 778 543 830 Quid
563 784 629 821 est
645 782 664 822 ’ἲ

251 845 427 889 Educta
447 849 524 898 ita,
545 850 609 889 uti
631 854 764 903 teque
788 850 951 904 illaque
985 850 1165 904 dignum
1199 856 1280 894 est.
1342 852 1431 895 CH.
1466 853 1587 905 Quid
1611 855 1714 896 ais?

432 916 524 957 ΤΗ.
556 917 610 958 Id
633 918 754 971 quod
775 932 845 959 res
866 923 944 960 est.
1659 925 1715 965 10

252 984 386 1027 Hanc
407 984 490 1024 tibi
512 984 630 1026 dono
653 986 726 1036 do,
749 999 894 1041 neque
924 992 1078 1041 repeto
1110 1001 1191 1042 pro
1213 988 1290 1029 illa
1311 988 1550 1044 quicquam
1572 991 1652 1032 abs
1674 995 1716 1032 te

455 1053 568 1093 retii.

251 1118 340 1161 CH.
370 1065 646 1171 Etphabetur,
669 1125 714 1162 et
738 1121 935 1173 refertur,
957 1122 1110 1173 Thais,
1141 1136 1168 1165 a
1197 1136 1281 1175 me,
1303 1124 1370 1166 ita
1392 1125 1458 1166 uti
1478 1126 1634 1167 merita
1653 1139 1715 1176 es,

422 1189 575 1242 gratia.

248 1309 349 1349 ipsum
363 1314 507 1351 expecto.-
531 1311 631 1342 scisne
646 1312 693 1344 tui
709 1323 802 1344 causa
818 1312 1021 1354 hocjurgium
1037 1317 1067 1345 et
1083 1314 1307 1346 contentionem
1322 1314 1490 1346 excitatam
1503 1324 1578 1356 esse,
1592 1316 1666 1346 adeo
1681 1318 1717 1346 ut

250 1353 316 1382 hoec
332 1354 432 1384 omnis
446 1364 495 1385 res
513 1356 553 1384 ad
570 1358 599 1385 te
614 1355 789 1395 pertineat?
833 1357 902 1388 CH.
927 1358 980 1388 Ad
996 1355 1065 1389 me?
1089 1359 1254 1397 quomodo?
1277 1359 1364 1397 quasi
1380 1358 1464 1389 istud
1478 1358 1716 1390 commoverim!

249 1395 318 1426 ΤΗ.
345 1397 440 1436 Quia,
457 1398 529 1428 dum
545 1408 678 1429 sororem
697 1402 783 1429 tuum
806 1399 1040 1440 (Pamphilam)
1063 1410 1155 1431 conor
1171 1401 1229 1431 tibi
1251 1402 1379 1432 reddere
1402 1405 1432 1432 et
1449 1401 1624 1440 restituere,
1650 1400 1717 1431 haec

249 1448 267 1468 a
286 1438 393 1470 Milite
407 1444 499 1480 atque
521 1440 584 1471 alia
601 1443 697 1473 multa
720 1443 840 1482 perpeti
855 1446 961 1474 coacta
976 1453 1056 1474 sum.
1103 1444 1172 1475 (ΓΗ.
1201 1443 1262 1474 Ubi
1278 1453 1312 1474 ea
1328 1446 1393 1474 est?
1435 1444 1501 1475 ΤΗ.
1527 1444 1624 1475 Domi
1639 1453 1716 1474 πιθα»

250 1485 308 1512 est.
353 1483 421 1513 CH.
446 1483 530 1513 Hem
545 1483 650 1523 (quum
667 1485 759 1515 timeo
771 1485 801 1526 l)
847 1486 918 1517 ΤΗ.
946 1486 1031 1521 Quid
1043 1490 1112 1517 est?
1135 1487 1264 1517 timesne
1280 1488 1346 1526 ejus
1364 1485 1551 1526 pudicitiae?
1574 1487 1718 1517 Educata

250 1527 309 1563 est,
324 1528 353 1556 et
368 1525 517 1557 instituta
536 1527 719 1565 liberaliter,
743 1531 775 1557 ut
792 1532 821 1559 et
838 1532 868 1559 te
884 1532 912 1559 et
937 1529 992 1559 illa
1017 1529 1149 1569 dignum
1166 1533 1222 1560 est.
1268 1529 1340 1560 CH.
1375 1530 1461 1565 Quid
1478 1530 1543 1560 ais?
1573 1539 1717 1560 rerumne

250 1566 352 1598 dicis?
394 1569 462 1600 ΤΗ.
487 1569 567 1599 Dico
584 1570 630 1604 id,
644 1572 723 1611 quod
738 1581 787 1601 res
804 1574 860 1602 est.
908 1572 1004 1602 Hanc
1028 1572 1088 1602 tibi
1102 1573 1180 1602 dono
1196 1573 1246 1611 do,
1262 1582 1317 1602 nec
1339 1582 1395 1612 pro
1419 1582 1455 1603 ea
1469 1573 1550 1603 ullus
1565 1572 1718 1612 impensas

251 1611 330 1642 mihi
343 1614 404 1643 ate
417 1612 506 1643 reddi
519 1612 631 1652 posco!
677 1613 747 1645 CH.
773 1614 854 1645 Hoec
868 1616 978 1654 gratia
1001 1614 1060 1646 tibi
1077 1615 1219 1655 habetur,
1234 1618 1264 1646 et
1281 1615 1314 1645 in
1329 1615 1432 1646 animo
1454 1618 1580 1656 accepta
1593 1614 1716 1654 fertur,

853 1718 1095 1732 ‘eeeeeeuaeloe

249 1783 320 1815 bam
345 1784 495 1816 Faernus
522 1786 730 1826 protulerit;
754 1787 861 1818 nostri
884 1788 1030 1818 universi
1058 1791 1194 1828 expecto.
1241 1786 1342 1818 Unde
1369 1786 1497 1828 liquido
1522 1786 1717 1827 legendum,

254 1829 282 1856 Ο
301 1827 342 1857 mi
363 1828 505 1867 Chreme,
534 1833 562 1860 {e
581 1831 679 1870 ipsum
696 1833 815 1870 expeto.
861 1830 896 1860 Si
925 1837 1036 1861 tamen
1063 1832 1157 1861 malit
1181 1831 1255 1871 quis
1279 1831 1532 1861 Tetrametrum
1561 1830 1719 1869 plenum3

250 1875 380 1909 praesto
397 1871 463 1902 erit
480 1872 509 1901 ei
527 1872 633 1903 forma
650 1873 744 1904 verbi
761 1878 905 1911 vetusta,
931 1876 960 1904 0
978 1874 1020 1904 mi
1038 1874 1180 1912 Chreme,
1202 1877 1232 1904 te
1248 1872 1348 1913 ipsum
1364 1876 1530 1913 expetesso.
1575 1873 1717 1912 Expecto

250 1913 291 1944 R.
315 1913 411 1945 Lina.
461 1915 580 1946 Nostri
597 1925 712 1946 omnes
730 1915 832 1946 codd.
848 1920 987 1956 expecto,
1013 1918 1033 1947 i.
1055 1926 1084 1948 e.
1107 1920 1230 1956 expeto,
1254 1921 1291 1946 ut
1308 1916 1410 1946 Bent.
1427 1915 1592 1955 reposuit.
1617 1915 1717 1946 Both.

250 1957 309 1997 qui
334 1956 395 1988 dat
419 1961 541 1998 expeto.
590 1959 731 1999 Expecto
748 1958 862 1990 Guelf.
882 1962 910 1990 l.
925 1962 956 1990 2.
974 1962 1006 1990 3.
1054 1960 1199 1990 Chremes
1214 1959 1317 1989 Bent.
1334 1958 1438 1990 Z.—7
1463 1958 1536 1989 ΕΡ.
1560 1958 1648 1998 quasi
1662 1969 1718 1998 ego

249 2000 340 2031 istuc.
363 1999 538 2032 Acidalius
555 2001 650 2042 legit,
664 2003 717 2042 qm·
732 2012 831 2042 quoeso
848 2001 952 2033 istuc?
968 2003 1156 2042 eleganter.
1176 2002 1275 2033 West.
1304 1999 1391 2037 Qut?
1407 2002 1493 2042 quasi
1507 2001 1602 2041 istuc]
1625 2001 1719 2034 Quo-

249 2051 394 2083 cumque
422 2048 456 2074 te
474 2049 599 2082 vertas,
621 2045 702 2075 nihil
717 2046 792 2074 hinc
811 2046 1006 2084 exsculpes,
1024 2050 1164 2076 auctore
1181 2044 1333 2085 dignum.
1380 2044 1537 2084 Repono,
1551 2045 1602 2084 qui
1617 2054 1718 2085 quaeso

249 2084 356 2117 istuc?
386 2086 443 2117 Sic
462 2087 562 2127 plane
581 2088 698 2119 Codex
717 2088 843 2125 Regius
860 2089 1084 2127 Ctmrtaceus,
1101 2088 1142 2118 de
1160 2089 1289 2127 optimo
1306 2087 1451 2128 quodam
1470 2088 1719 2128 transcriptus3

250 2132 285 2159 et
303 2139 322 2159 a
337 2139 379 2159 m.
398 2139 466 2161 sec.
482 2129 724 2162 Academicus,
770 2131 839 2161 Sua
869 2131 912 2161 sit
930 2132 1033 2170 igitur
1049 2131 1120 2162 laus
1148 2131 1220 2161 viro
1246 2130 1360 2169 docto,
1383 2130 1499 2170 quiex
1516 2130 1718 2170 conjectura

250 2170 313 2202 hoc
331 2171 419 2203 idem
437 2173 579 2204 invenit.
603 2174 700 2205 Bent.
745 2173 855 2204 Recte
873 2174 975 2204 Bent.
992 2174 1073 2214 legit
1090 2173 1142 2214 qui
1158 2183 1258 2213 quoeso
1274 2173 1365 2204 istuc.
1392 2173 1431 2203 R.
1449 2172 1495 2205 D.
1520 2173 1621 2214 Vulg.
1639 2172 1718 2213 qui?

251 2214 342 2253 quusi
360 2214 478 2255 parum
499 2221 614 2255 aptum
633 2217 664 2247 h.
681 2217 701 2247 1.
726 2217 804 2256 Rip.
854 2217 917 2251 Qui
934 2227 1033 2257 quaeso
1048 2216 1128 2247 dant
1147 2216 1225 2256 Bip.
1252 2216 1354 2247 Both.
1378 2216 1472 2246 Perl.
1517 2215 1588 2246 Pro
1611 2217 1718 2247 studeo

252 2258 295 2288 al.
313 2258 378 2298 legi
395 2258 484 2298 cupio
500 2264 598 2290 notat
615 2260 776 2290 Perl.--S
790 2259 838 2290 Ac
854 2269 914 2299 pro
931 2263 961 2290 et
978 2261 1081 2291 Bent.
1099 2259 1177 2299 Bip.
1194 2259 1363 2289 Both.—9
1381 2259 1479 2289 Ehem
1494 2258 1573 2298 Bip.
1588 2259 1717 2299 Delph.

250 2303 333 2331 —ll
356 2301 422 2332 Abs
446 2304 476 2332 te
497 2302 660 2342 quicquam
682 2302 895 2342 Delph.—l2
919 2301 1098 2333 Assentior
1115 2302 1269 2342 Guyeto,
1294 2301 1422 2342 legenti
1438 2301 1603 2342 referetur,
1626 2301 1717 2343 quod

253 2347 340 2375 teste
357 2344 593 2384 Antesignano
620 2345 747 2385 primus
778 2346 827 2376 ita
850 2345 933 2384 legit
962 2345 1118 2377 Linacer.
1164 2345 1209 2375 Et
1236 2353 1316 2375 sane
1341 2353 1457 2375 sensns
1485 2344 1534 2375 ita
1558 2345 1717 2385 postulat.

252 2385 373 2428 Neque
389 2388 478 2418 enim
497 2388 609 2419 verbis
627 2388 775 2418 refertur
792 2388 914 2427 gratia,
940 2388 999 2418 sed
1025 2398 1060 2418 re
1084 2388 1169 2428 ipsa.
1214 2387 1314 2418 Unde
1343 2391 1379 2417 et
1403 2386 1566 2417 Heinsius
1587 2387 1637 2419 ita
1665 2396 1717 2418 re·

253 2430 400 2461 censuit.
447 2431 491 2461 Et
509 2431 606 2461 estin
626 2430 746 2461 Leidd.
762 2435 919 2471 quatuor,
938 2437 974 2461 et
991 2431 1086 2469 Lips.
1114 2430 1291 2461 Editiones
1308 2428 1443 2460 Aldinae
1461 2429 1604 2463 variant.
1651 2430 1718 2461 Illa

252 2482 345 2512 vero,
367 2483 385 2503 α
409 2483 468 2512 me,
496 2473 619 2504 absunt
644 2484 662 2504 a
686 2473 885 2513 quibusdam
911 2474 996 2505 Mss.
1024 2474 1123 2505 West.
1173 2474 1216 2504 Et
1242 2472 1374 2503 habetur
1399 2475 1429 2502 et
1452 2472 1588 2510 refertur
1612 2483 1630 2503 α
1657 2482 1715 2512 me,

255 2515 362 2554 Thais,
384 2516 454 2552 tibi,
476 2517 522 2547 ita
547 2520 579 2547 ut
605 2516 717 2547 merita
743 2526 785 2556 ες,
807 2515 932 2556 gratia]
958 2516 1125 2554 szeretur
1150 2515 1332 2556 legendum
1350 2519 1401 2545 est
1418 2524 1459 2545 ex
1476 2515 1573 2546 Bem.
1590 2520 1625 2546 et
1641 2515 1715 2546 aliis

253 2558 401 2599 antiquis
419 2558 525 2598 libris,
554 2564 590 2590 et
606 2569 647 2590 ex
667 2569 780 2590 sensu.
827 2559 912 2590 Duae
930 2569 1009 2589 vero
1024 2560 1076 2590 hae
1094 2558 1277 2597 dictiones,
1299 2568 1318 2588 α
1333 2567 1394 2596 me,
1416 2559 1526 2588 necin
1544 2558 1641 2589 Bem.
1660 2563 1718 2588 aut

251 2601 307 2632 Vi.
319 2604 407 2641 sunt,
421 2611 481 2632 nec
495 2602 583 2641 apud
600 2603 788 2639 Donatum,
800 2607 858 2632 aut
872 2602 1085 2632 Prisciauum
1099 2602 1187 2632 hunc
1203 2602 1314 2631 locum
1328 2601 1491 2631 citantem
1506 2600 1594 2631 libro
1606 2609 1717 2631 xvnl.

252 2643 430 2674 Praeterea
444 2644 503 2675 tibi
521 2644 553 2674 in
570 2645 662 2674 nullo
676 2645 741 2674 alio
758 2645 855 2684 libro,
869 2650 1095 2685 praeterquam
1110 2644 1288 2682 Bembino,
1300 2641 1374 2674 fere
1387 2643 1551 2673 invenias.
1575 2643 1670 2674 Unus
1683 2643 1717 2673 id

254 2685 359 2717 habet
374 2688 643 2727 superscriptum
657 2688 688 2717 in
705 2688 917 2726 glossematis
933 2687 1086 2724 modun13
1104 2692 1139 2717 et
1153 2696 1232 2717 sane
1246 2686 1317 2716 sine
1331 2695 1370 2716 eo
1383 2690 1450 2716 stat
1463 2694 1586 2723 sermo,
1597 2690 1631 2716 et
1645 2686 1718 2725 pul-

252 2729 331 2759 chre
344 2730 558 2768 intelligitur.
574 2730 630 2761 Fa.
654 2731 696 2760 Et
709 2726 840 2760 hahetur
852 2734 880 2761 et
894 2730 1056 2769 referetur,
1069 2730 1229 2768 Tlmz's,ita
1242 2730 1287 2759 uti
1298 2729 1408 2759 merita
1419 2737 1460 2766 es,
1470 2727 1594 2768 gratia]
1607 2728 1716 2761 Recte

252 2771 342 2803 huuc
362 2782 494 2804 versum
523 2773 704 2804 constituit
732 2773 892 2804 Faernus.
940 2772 1010 2804 Tibi
1034 2773 1133 2814 pauci
1150 2772 1205 2813 qui
1223 2771 1350 2803 habent
1367 2770 1502 2803 codices
1519 2770 1552 2802 iu
1569 2770 1648 2803 sede
1665 2771 1716 2802 in—
