1976 3296
549 637 1189 691 SERENISSIMO

599 809 723 868 GA
731 811 939 868 LLIA
950 813 1072 870 RU
1084 815 1151 869 M

305 984 1421 1079 DELPHINO

490 1187 805 1230 LUDOVICI
840 1189 1056 1232 MAGNI
1096 1191 1278 1233 F1L10.

953 1489 976 1510 ἢ

156 1520 478 1580 TERENTNJM
502 1540 621 1589 Tibi,
648 1541 914 1582 DELPHINE
939 1542 1302 1593 SERssmssmE,
1340 1558 1442 1586 cum
1481 1546 1613 1589 Notis

156 1618 210 1646 ac
233 1606 569 1648 Commentariis
591 1621 743 1649 recens
760 1604 940 1658 editum,
964 1623 1032 1659 ea,
1050 1623 1134 1663 qua
1158 1624 1239 1664 par
1259 1615 1338 1660 esi,
1359 1616 1612 1665 reverentia,

156 1672 313 1725 offe103
343 1687 514 1724 munuS,
542 1680 592 1716 ut
624 1689 767 1729 spero,
800 1690 896 1717 non.
918 1678 1134 1729 ingratum
1146 1692 1163 1735 ¹3
1191 1670 1280 1719 inm
1313 1680 1419 1732 quia
1441 1685 1539 1721 tuos
1569 1683 1613 1722 in

156 1754 261 1782 usus
274 1745 477 1796 paratum
493 1747 575 1792 est,
599 1748 689 1783 ium
707 1744 811 1797 quia
833 1758 970 1796 genus
988 1745 1069 1786 hoc
1084 1748 1377 1788 amoeniorum
1391 1748 1614 1790 literarum

157 1808 311 1850 lubens
336 1822 389 1850 ac
419 1811 549 1851 laetus
575 1812 765 1865 excipis.
827 1812 993 1862 Quanti
1028 1812 1216 1854 Po'ejtam
1245 1814 1360 1856 hunc
1392 1828 1419 1856 a
1451 1818 1613 1857 teneris

156 1889 286 1929 paene
306 1878 556 1930 unguiculis
577 1880 829 1929 aestimaris,
851 1885 937 1921 tam
961 1881 1163 1922 omnibus
1194 1888 1349 1923 notum
1379 1888 1459 1933 est,
1481 1897 1613 1937 quam

157 1943 261 1986 Tibi
291 1945 542 1998 gloriosum.
624 1947 772 2002 Hujus
812 1948 882 1989 Tu
912 1948 1090 1990 fabulas
1123 1954 1334 1992 nocturna
1374 1951 1616 2005 diurnaque

158 2025 287 2053 manu
320 2015 544 2063 versaba'S,
579 2014 753 2068 lepidos
784 2016 948 2069 ubique
981 2016 1100 2057 sales
1128 2017 1244 2057 belle
1280 2031 1417 2072 supra
1438 2023 1616 2059 aetatem

158 2081 404 2131 mirabaris,
435 2085 478 2122 et
509 2086 599 2123 tam
629 2088 814 2123 venuste
845 2084 1080 2134 recitabas,
1113 2097 1244 2137 quam
1278 2085 1351 2126 ille
1377 2087 1617 2143 scripserat

160 2148 390 2201 eleganter.
457 2148 596 2191 Hunc
636 2163 739 2203 ergo
783 2151 927 2205 Regio
963 2151 1128 2191 nomini
1170 2156 1248 2192 tuo
1289 2153 1617 2194 inscribendum

159 2215 285 2265 duxi,
306 2229 433 2270 quem
462 2217 530 2257 Tu
564 2231 655 2270 prae
689 2219 844 2258 ceteris
870 2218 1042 2259 Latinae
1066 2218 1245 2271 Linguae
1277 2220 1529 2261 auctoribus
1552 2221 1616 2261 di-

160 2283 336 2336 dicisti;
367 2290 431 2333 ut,
454 2288 662 2338 quantum
681 2285 783 2325 Tibi
807 2286 952 2326 attulit
978 2287 1142 2327 fructus
1165 2291 1210 2327 et
1233 2287 1492 2340 voluptatis,
1520 2293 1615 2329 tan-

156 2358 252 2390 tum
283 2351 323 2391 ei
351 2351 501 2404 gratiae
532 2351 695 2392 referas
724 2364 777 2393 ac
804 2352 1014 2405 praesidii.
1076 2354 1124 2394 Is
1147 2354 1261 2395 enim
1277 2355 1371 2408 jam
1393 2369 1459 2404 es,
1486 2356 1616 2396 DEL—

164 2429 318 2459 PHINE
341 2419 701 2468 SERENissmss,
723 2420 800 2473 qui
820 2420 1006 2472 ingenia,
1041 2426 1207 2473 quanta
1231 2422 1331 2472 sint,
1367 2424 1476 2464 tanti
1499 2424 1616 2464 aesti-

160 2499 279 2536 mes;
311 2492 357 2526 et
378 2487 610 2527 doctorum
630 2486 854 2527 hominum
885 2487 1048 2528 samam
1074 2493 1149 2529 tuo
1172 2503 1257 2530 non
1279 2494 1444 2531 tantum
1466 2497 1615 2544 patro-

161 2554 295 2604 cinio,
327 2554 402 2594 sed
424 2555 556 2595 etiam
575 2554 750 2607 judicio
785 2556 962 2595 tuearis.
1025 2555 1145 2597 Hinc
1169 2557 1231 2605 fit,
1252 2563 1300 2598 ut
1317 2571 1475 2610 magna
1496 2571 1616 2598 com-

160 2621 399 2671 mendatio,
428 2635 636 2675 magnum
670 2623 816 2664 laudis
848 2624 1041 2676 publicae
1076 2625 1382 2678 praejudicium
1409 2627 1481 2674 sit,
1513 2627 1616 2666 Tibi

159 2689 348 2729 nondum
382 2690 649 2731 adolescenti
671 2691 904 2744 placuisse.
968 2690 1103 2741 Quod
1136 2692 1310 2746 quidem
1340 2693 1383 2733 in
1411 2693 1476 2733 Te
1507 2706 1617 2746 prae-

162 2756 276 2798 stitit
294 2758 470 2810 sapiens
494 2770 544 2798 ac
561 2759 714 2800 sedula
736 2760 940 2814 pucritiae
958 2762 1041 2801 tuae
1059 2761 1285 2803 institutio.
1348 2760 1614 2813 Quanquam

177 2836 185 2842 '
248 2834 362 2876 Delph.
379 2839 407 2865 ec
430 2835 503 2868 Vur.
521 2836 606 2867 Clas.
846 2838 968 2869 Terent.
1502 2839 1527 2867 Αἱ
