1945 3296
694 225 755 254 nss
791 225 1041 256 Tnm'rtzo.
1538 222 1594 262 (29

138 327 215 353 non
238 323 278 353 ut
300 330 387 354 vera
413 325 558 368 pugna,
591 320 626 356 in
660 320 740 357 sole
762 328 801 357 et
820 321 990 371 pulvere.
1052 323 1287 372 Hujusmodi
1317 324 1469 363 lanistae
1500 336 1592 365 sunt

137 379 240 429 apud
260 393 344 424 nos,
375 381 440 431 qui
471 381 671 432 gladiandi
703 391 822 422 artem
853 386 1028 436 privatin]
1065 388 1319 436 profitentur:
1351 389 1416 438 qui
1448 389 1591 428 docent

135 455 268 480 omnes
289 457 467 482 numeros
487 446 711 496 impetendi,
735 448 992 499 cedendique,
1014 449 1173 487 vulnera
1193 451 1398 498 inferendi,
1419 453 1585 491 vitandi-

136 518 225 555 que,
251 514 318 544 aut
337 508 402 545 ubi
431 510 604 559 punctim
626 512 807 549 caesimve
828 512 1055 551 feriendum.
1116 514 1210 551 Ludi
1232 528 1322 553 vero
1342 517 1507 564 Scenici,
1529 520 1593 568 qui

136 578 175 606 et
205 570 363 620 Agones
396 571 538 610 Musici
570 581 608 611 et
644 574 869 626 Dionysiaci
902 577 1145 623 dicebantur,
1181 579 1291 629 quasi
1326 580 1461 619 Libero
1494 585 1594 633 patri

136 632 268 679 dicati,
287 634 336 671 ad
353 636 656 683 Comoediarnm,
673 639 978 689 Tragoediarum‚
1007 650 1072 679 aut
1095 643 1307 680 Satirarum
1329 645 1593 683 recitationem

135 697 402 747 pertinebant:
433 700 522 737 item
543 701 590 738 ad
612 708 751 739 cantus
773 710 811 740 et
842 704 1044 754 po'e'mata:
1079 718 1196 742 scena
1228 707 1276 743 ob
1309 707 1347 744 id
1381 708 1418 744 in
1441 709 1592 747 theatro

135 762 353 812 composita
385 771 501 814 atque
535 773 734 803 exstructa
767 780 812 804 ea
844 768 1006 814 ratione,
1041 782 1157 819 quarn
1193 783 1282 808 mox
1312 771 1591 811 describemus.

138 826 213 869 Qui
234 840 275 864 se
296 827 334 864 in
355 827 414 865 his
436 828 554 866 Ludis
576 831 821 875 exercebant,
852 832 996 869 scenici
1019 834 1133 870 etiam
1156 833 1397 880 dicebantur,
1427 842 1466 873 et
1497 837 1592 875 Dio-

134 890 283 937 nysiaci
317 892 495 930 artifices.
555 892 750 930 Ludorum
778 904 845 931 aut
873 895 1138 933 Certaminum
1170 897 1255 935 Diis
1276 906 1591 939 consecratorum

134 960 299 1003 quatuor
319 962 431 992 erant
450 955 553 1007 apud
577 955 738 994 Graecos
761 971 920 1007 genera.
968 959 1089 997 Erant
1110 959 1211 998 enirn
1235 961 1396 1007 Nemea,
1418 963 1591 1009 Isthmia,

133 1016 290 1068 Pythia,
321 1028 359 1058 et
389 1020 597 1071 Olympia:
627 1034 716 1071 quae
738 1022 909 1060 omnium
928 1031 1038 1060 erant
1058 1024 1227 1062 maxima
1248 1027 1488 1075 spectacula.
1548 1029 1591 1065 In

133 1081 190 1119 his
212 1082 332 1120 Ludis
353 1085 669 1134 proponebantur
689 1086 900 1124 victoribus
929 1099 1074 1137 magna
1105 1089 1277 1138 praemia,
1310 1103 1397 1140 quae
1418 1091 1482 1140 qui
1504 1104 1593 1130 cus-

133 1146 348 1193 todiebant,
378 1148 574 1199 Ludisque
595 1157 800 1199 praeerant,
820 1149 1030 1199 βραβευταὶ
1051 1152 1217 1198 Graecis,
1239 1153 1384 1191 Latinis
1406 1154 1590 1206 designa-

131 1216 235 1248 tores
260 1210 570 1261 appellabantur,
600 1225 765 1262 quorum
787 1214 956 1251 officium
978 1222 1073 1258 erat,
1105 1216 1391 1254 multitudinem
1414 1220 1590 1265 retinere,

132 1274 396 1319 obambulare,
426 1286 465 1313 et
499 1283 740 1327 spectatores
772 1276 963 1315 moderari
993 1279 1187 1329 virgarum
1223 1281 1417 1319 terriculo.
1478 1282 1591 1321 Unde

133 1337 406 1388 mastigonomi
438 1346 477 1377 et
510 1340 725 1378 rhabduchi
746 1341 862 1379 etiam
884 1342 989 1387 dicti,
1019 1343 1124 1392 quod
1146 1343 1274 1394 virgas
1305 1352 1517 1395 gestarent,
1549 1354 1593 1385 ut

132 1402 170 1438 in
190 1402 317 1439 officio
337 1403 581 1442 continerent
602 1412 855 1456 spectatores.
911 1406 1076 1443 Musieis
1098 1420 1252 1458 quoque
1275 1410 1466 1459 agonibus
1483 1417 1593 1448 erant

133 1465 254 1510 critae,
283 1465 323 1503 id
349 1472 423 1513 est,
451 1467 622 1517 judices,
647 1482 670 1506 a
689 1469 830 1520 quibus
852 1469 984 1515 critici,
1013 1470 1053 1507 id
1084 1478 1157 1516 est,
1188 1473 1410 1521 poematum
1438 1473 1591 1524 judices

133 1530 225 1568 dicti
249 1540 351 1571 sunt.
414 1531 624 1578 Ludorum,
657 1533 721 1583 qui
754 1534 837 1571 Diis
868 1534 1215 1581 consecrabantur,
1249 1537 1354 1586 apud
1390 1537 1591 1578 Romanos

132 1601 298 1643 quatuor
319 1604 429 1634 erant
449 1597 613 1648 species.
672 1597 749 1634 Eos
772 1597 903 1634 Ludos
926 1597 1062 1635 aediles
1082 1598 1235 1636 curules
1256 1613 1414 1639 munere
1434 1602 1591 1652 publico

131 1660 341 1708 quotannis
375 1663 578 1699 curabant.
637 1661 903 1712 Megalenses,
930 1662 1011 1700 sive
1046 1663 1184 1713 Magni
1219 1663 1317 1701 Ludi
1349 1664 1455 1712 dicti,
1485 1666 1591 1717 quod

129 1723 282 1774 magnis
304 1724 390 1762 Diis
411 1725 628 1762 consecrati
660 1734 820 1763 essent:
852 1726 993 1776 quibus
1031 1726 1152 1764 Ludis
1185 1735 1352 1778 quatuor
1382 1736 1481 1768 actae
1502 1740 1593 1771 sunt

127 1788 297 1826 Terentii
336 1789 579 1827 Comoediae:
629 1790 790 1836 Andria,
831 1791 1060 1837 Eunuchus,
1107 1792 1588 1842 Heautontimorumenos,

130 1852 300 1903 Hecyra.
358 1854 571 1899 Funebres,
600 1862 666 1892 aut
687 1854 900 1892 Funerales
924 1854 1036 1900 Ludi,
1069 1855 1118 1893 ad
1141 1856 1383 1894 retinendum
1403 1860 1590 1910 populum

128 1917 296 1954 instituti
330 1924 435 1964 sunt,
464 1917 556 1955 dum
593 1931 735 1969 pompa
771 1918 933 1965 funeris,
963 1919 1122 1956 decreta
1154 1919 1193 1956 in
1223 1919 1408 1958 honorem
1442 1924 1589 1973 patricii

128 1981 211 2027 viri,
240 1980 354 2031 plene
375 1994 420 2019 ac
440 1983 591 2032 publice
612 1983 886 2020 instruebatur.
948 1983 1019 2020 His
1053 1982 1172 2020 Ludis
1199 1991 1286 2021 acta
1306 1992 1365 2022 est
1388 1985 1591 2027 Comoedia

130 2045 299 2082 Terentii
320 2044 503 2097 Adelphi.
562 2046 723 2092 Plebeii,
744 2046 824 2084 sive
859 2046 1025 2083 Romani
1062 2046 1174 2092 Ludi,
1208 2060 1277 2097 pro
1313 2048 1438 2087 salute
1469 2051 1590 2101 plebis

128 2108 370 2147 edebantur:
412 2110 553 2160 quibus
587 2109 706 2147 Ludis
740 2118 828 2148 acta
858 2118 919 2147 est
948 2110 1143 2148 Phormio.
1201 2112 1448 2161 Apollinares
1479 2115 1590 2165 Ludi,

129 2172 301 2224 Apollini
321 2175 551 2220 consecrati,
576 2182 644 2212 aut
663 2175 701 2212 in
724 2175 909 2212 honorem
931 2174 1123 2225 Apollinis
1144 2175 1323 2214 instituti.

236 2291 310 2328 DE
338 2292 606 2329 THEATRIS
639 2293 703 2330 ET
730 2292 1180 2331 AMPHITHEATRIS
1210 2293 1480 2337 ANTIQUIS.

183 2374 271 2418 Quo
294 2375 431 2413 melius
462 2383 500 2414 et
529 2377 771 2415 commodius
804 2385 1072 2430 spectarentur
1104 2379 1331 2425 Comoediae,
1353 2379 1586 2430 Tragoediae,

128 2445 196 2477 aut
216 2438 327 2486 Ludi,
349 2439 430 2478 sive
449 2441 474 2478 ii
493 2440 738 2488 Gladiatorii,
756 2442 834 2481 sive
855 2443 971 2480 etiam
992 2444 1159 2490 Scenici,
1176 2444 1236 2481 vel
1253 2444 1413 2482 alterius
1434 2444 1585 2495 generis

128 2510 273 2549 essent,
294 2503 472 2542 instituta
492 2513 583 2542 sunt
604 2507 651 2543 ab
673 2507 856 2557 antiquis,
878 2521 965 2557 quae
982 2507 1151 2544 Theatra
1168 2509 1419 2553 vocabantur,
1437 2521 1460 2545 a
1480 2521 1586 2545 com-

129 2568 244 2606 mode
263 2568 431 2607 videndo
452 2582 497 2607 ac
525 2571 799 2621 prospiciendo
821 2572 874 2609 sic
897 2572 1108 2622 appellata.
1166 2571 1267 2608 Nam
1290 2581 1378 2610 ante
1399 2572 1587 2609 Theatro-

127 2645 211 2670 rum
231 2645 362 2679 usum,
382 2646 511 2671 scenae
532 2647 648 2684 super
668 2634 851 2685 plaustris
873 2635 1085 2672 ductilibus
1107 2635 1419 2681 exstruebantur,
1451 2648 1496 2693 ac
1518 2649 1586 2686 per

129 2696 300 2746 compita
320 2696 464 2743 duetae,
485 2697 630 2748 populo
649 2698 877 2749 praebebant
897 2698 1211 2741 oblectationem.
1268 2697 1438 2736 Theatra
1457 2705 1584 2735 autem

131 2767 240 2799 erant
260 2760 439 2809 aedificia,
468 2761 529 2800 vel
550 2769 758 2814 apparatus
780 2763 816 2800 in
840 2762 972 2815 populi
992 2761 1156 2813 gratiam
1177 2762 1367 2807 instructi,
1392 2761 1444 2799 ad
1466 2761 1585 2799 hemi-
