1903 3306
355 254 440 295 276
853 263 894 292 P.
927 262 1167 293 TERENTH
1199 262 1316 293 Anni

354 360 538 408 Favete,
570 358 720 399 adeste
742 369 871 411 aequo
893 357 1051 405 animo,
1071 359 1116 396 et
1135 368 1222 396 rem
1245 353 1510 407 cognoscite,

355 427 419 468 Ut
439 426 725 481 pernoscatis,
756 429 801 465 et
822 423 929 477 quid
954 423 1048 475 spei
1072 422 1130 462 sit
1151 421 1383 474 reliquum,
1752 423 1811 464 25

353 494 550 536 Posthac
573 506 684 546 quas
706 492 840 533 faciet
858 491 911 531 de
932 491 1101 543 integro
1122 488 1398 538 Comoedias,
1454 481 1484 515 '³’
1512 492 1565 529 Li*
1581 487 1650 518 “v-v·-
1666 489 1683 518 '3’
1704 487 1726 526 ’ζ-

355 561 638 616 Spectandae,
661 573 716 601 an
737 559 969 612 exigendae
992 558 1079 599 sint
1095 558 1224 599 vobis
1245 557 1378 611 prius.

352 695 448 731 tores,
466 693 575 731 favete
587 703 599 730 ,·
620 694 722 724 adeste
748 692 896 730 benevoli,
919 695 948 722 et
973 694 1108 731 spectate
1123 692 1237 722 attenti
1251 692 1329 722 hanc
1347 690 1556 727 comoediam,-
1579 694 1615 722 ιιι
1628 688 1815 730 perscienter

350 736 500 774 noscatis,
524 746 591 775 quoe
606 746 673 776 spes
687 735 826 765 habenda
839 735 881 765 sit
896 736 933 765 de
946 735 1085 775 reliquis,
1099 744 1174 774 quas
1189 736 1225 765 de
1238 744 1315 765 nouo
1333 733 1432 764 Poeta
1439 732 1543 771 faciet
1556 745 1567 765 .·
1588 737 1694 765 utrum
1708 733 1817 765 debea-

351 778 398 808 tis
411 787 462 809 eas
475 782 624 819 spectare,
646 789 685 809 un
702 788 717 809 e
731 787 823 809 scena
837 778 1009 808 excludere.

964 871 1204 884 “OONNN‘O

359 943 418 970 nat
434 938 544 969 West.
588 939 596 955 ‘
611 938 774 979 Expressi
790 941 820 968 et
833 939 906 977 quid
933 947 994 978 pro
1019 939 1138 978 ecquid,
1163 937 1253 979 quod
1280 937 1328 968 ita
1351 941 1444 967 esset
1466 936 1500 967 in
1528 935 1692 977 plusculis
1718 935 1816 967 Mss.'

364 983 460 1013 West.
506 982 514 998 ‘
528 981 590 1012 Est
607 991 706 1012 casca
723 981 892 1021 scriptura
907 985 936 1012 et
953 981 1028 1021 quid
1043 991 1105 1021 pro
1121 981 1228 1021 ecquid
1239 991 1249 1011 .·
1273 981 1322 1011 ita
1347 985 1461 1010 tamen
1488 983 1527 1010 ut
1550 979 1655 1019 etquid
1672 988 1732 1020 pro
1747 989 1816 1010 uno

359 1024 465 1056 verbo
480 1024 606 1061 veniat,
631 1028 666 1054 et
690 1024 763 1064 quid
780 1025 824 1054 sit
843 1024 1051 1055 encliticum.
1098 1023 1211 1054 Semel
1239 1023 1407 1054 monuisse
1433 1027 1486 1053 sat
1511 1021 1602 1053 erit:
1623 1022 1721 1053 Bent.
1770 1022 1816 1052 Ut

354 1077 388 1108 p.
403 1067 477 1107 quid
492 1066 556 1107 spei
570 1067 614 1097 sit
635 1067 724 1107 reliq.
748 1067 807 1097 ΒΓ.
853 1065 965 1106 Vulgo
980 1067 1156 1107 relliquum,
1171 1070 1279 1096 metro
1294 1065 1484 1096 laborante.
1507 1065 1604 1095 Both.
1644 1064 1702 1106 qui
1719 1063 1815 1096 exhi-

358 1110 419 1141 bet
433 1110 594 1149 reliquum,
611 1119 685 1139 cum
702 1119 775 1149 spe.-
798 1113 886 1140 utet
901 1110 1009 1150 ecquid
1023 1119 1099 1140 cum
1117 1109 1208 1140 Perl.
1250 1109 1335 1139 Vult
1350 1108 1437 1140 Gov.
1465 1107 1511 1138 Ut
1531 1111 1561 1139 et
1580 1107 1609 1138 is
1632 1110 1811 1148 pernoscat,

358 1153 433 1193 quid
447 1162 494 1193 sp.
509 1154 649 1192 &ca—26
672 1152 750 1183 Post
765 1152 821 1183 hac
836 1152 896 1183 ΒΓ.
942 1152 1019 1184 Post
1035 1152 1086 1183 hic
1100 1152 1203 1183 Both.

1015 1236 1158 1268 NOTAE

403 1303 444 1332 27
470 1301 661 1341 Exigendoe]
686 1301 726 1332 Id
750 1305 814 1341 est,
837 1300 1061 1341 expellendae.
1115 1310 1224 1340 cyrae:
1247 1299 1405 1330 ‘Partim
1429 1308 1544 1330 earum
1561 1307 1632 1329 snm
1649 1302 1814 1330 exactus:

360 1352 417 1384 Sic
442 1352 532 1384 idem
559 1352 739 1384 Terentius
765 1353 799 1384 in
823 1353 973 1393 Prologo
989 1348 1061 1383 He·
1116 1351 1241 1391 partim
1259 1350 1315 1382 vix
1328 1349 1431 1381 steti!

775 1604 1009 1647 ACTUS†
1041 1605 1078 1646 Ι.
1130 1601 1336 1645 SCENA
1367 1602 1406 1644 I.

926 1733 1059 1764 SIMO-
1100 1732 1255 1763 SOSIA.

367 1801 433 1842 S1.
465 1801 568 1842 Vos
590 1802 713 1842 istaec
735 1802 846 1843 intro
867 1801 1060 1843 auferte:
1092 1801 1226 1858 abite.
1288 1800 1436 1849 Sosia,

367 1869 628 1911 Adesdum:
661 1871 820 1923 paucis
840 1873 883 1910 te
907 1869 1021 1911 volo.
1084 1869 1161 1910 So.
1193 1869 1373 1910 Dictum
1391 1871 1533 1922 puta:
1856 1891 1864 1896 -
1895 1899 1903 1917 s

366 1936 542 1991 Nempe
563 1942 614 1979 ut
634 1942 830 1978 curentur
850 1941 968 1978 recte
986 1937 1095 1979 haec.
1147 1936 1212 1977 S1.
1236 1936 1377 1977 Immo
1399 1935 1536 1976 aliud.
1596 1934 1674 1976 So.
1697 1932 1818 1985 Quid

535 2008 616 2055 est,

411 2101 459 2132 Si.
490 2102 557 2140 Vos,
572 2103 666 2141 servi,
684 2103 782 2134 tollite
794 2103 868 2139 ista,
884 2113 953 2143 quoe
968 2103 1028 2134 emi
1044 2103 1124 2143 apud
1133 2102 1254 2141 sorum,
1270 2106 1301 2134 et
1320 2102 1433 2141 inferte
1447 2111 1482 2132 ea
1497 2102 1531 2132 in
1542 2102 1644 2132 oedes:
1655 2098 1822 2138 festinate.

371 2143 461 2174 Sosia
475 2146 592 2176 accede.
640 2146 756 2176 Paucis
770 2146 871 2176 verbis
881 2148 946 2177 volo
960 2150 1058 2176 tecum
1072 2146 1164 2185 loqui..
1210 2146 1270 2176 So.
1295 2146 1380 2176 Puta
1395 2145 1500 2183 tejam
1514 2144 1592 2174 mihi
1605 2143 1734 2182 dixisse,
1745 2142 1824 2182 quod

370 2187 504 2227 volebas,
524 2192 552 2218 et
568 2198 614 2219 me
629 2189 662 2220 id
678 2189 852 2229 inlelligere
861 2199 872 2225 ‚·
894 2198 999 2229 nempe
1015 2192 1050 2219 ut
1067 2189 1131 2219 haec
1146 2188 1280 2229 obsonia,
1303 2197 1370 2229 quoe
1385 2187 1500 2227 emisti,
1513 2189 1595 2218 recte
1608 2189 1797 2227 apparentur
1808 2181 1825 2215 C?

416 2349 431 2378 1
460 2347 521 2378 Br.
538 2348 599 2379 ista
625 2349 700 2389 hoec,
726 2355 762 2381 et
789 2350 946 2382 alibi.—5
972 2349 1086 2382 Guelf.
1100 2353 1130 2380 1.
1147 2349 1258 2382 omitt.
1274 2351 1418 2381 arte.——-6
1440 2347 1534 2380 Edit.
1549 2346 1610 2379 iis.-
1632 2355 1822 2388 quanquam

1021 2432 1161 2465 NOTAE

415 2498 427 2526 ἢ
453 2494 566 2535 Actus]
601 2494 720 2536 Actus,
745 2497 890 2537 majores
914 2500 994 2528 sunt
1019 2496 1069 2528 fa·
1127 2496 1246 2528 Scenae
1270 2496 1304 2527 in
1327 2495 1442 2527 fabula
1457 2498 1638 2535 sunt,cum
1661 2501 1823 2524 novarum

371 2545 460 2577 bulae
478 2550 614 2586 partes3
630 2547 763 2586 Scenae,
779 2547 938 2578 minores.
962 2546 1070 2578 Actus
1125 2555 1344 2587 personarum
1380 2555 1535 2585 egressus
1575 2549 1612 2577 et
1650 2544 1824 2585 ingressus

371 2600 549 2636 vocantur,
564 2597 642 2637 quia
658 2597 762 2627 variae
778 2597 810 2627 in
832 2605 964 2637 quoque
978 2596 1071 2628 Actu
1124 2596 1212 2627 fiunt
1227 2606 1245 2627 e
1261 2596 1371 2626 Scena
1386 2595 1419 2626 in
1434 2595 1628 2626 Theatrum.

372 2650 452 2676 sunt
479 2646 642 2678 actione&
681 2647 791 2678 Scena
818 2647 942 2678 Graece
971 2648 1072 2688 signi·
1169 2649 1188 2677 2
1212 2645 1329 2677 Paucis
1344 2649 1374 2676 te
1385 2644 1466 2685 volo]
1487 2645 1629 2685 Duplex
1640 2645 1694 2676 hic
1707 2643 1823 2675 defec-

370 2694 454 2726 ficat
470 2696 674 2734 tentorium3
700 2706 775 2727 nam
799 2698 919 2736 priscis
942 2702 1071 2739 tempo·
1129 2700 1182 2727 tus
1197 2695 1371 2735 orationiS,
1386 2704 1463 2726 nam
1487 2696 1497 2712 ‘
1514 2694 1644 2727 verbis'
1659 2698 1696 2726 et
1718 2695 1728 2712 ‘
1744 2693 1825 2726 allo-

373 2745 468 2776 ribus
505 2751 584 2777 ante
619 2755 713 2777 usum
750 2747 973 2778 Tlieatrorum
1012 2748 1073 2779 sub
1129 2745 1202 2787 qui'
1218 2745 1466 2777 desiderantur.

375 2794 549 2828 frondibus
591 2801 626 2828 et
665 2797 868 2829 umbraculis
911 2797 1071 2837 agebant.
