1903 3306
528 248 579 278 iu
616 248 898 279 EUNUCHUM
937 248 1206 282 PROLOGUS.
1505 245 1590 285 4023

135 340 427 395 Magistratus
448 356 546 384 cum
568 343 629 384 ibi
652 343 842 394 adesset,
864 346 1055 397 occepta
1075 343 1131 384 'st
1152 345 1236 397 agi.

134 408 388 460 Exclamat,
412 411 584 460 Furem,
605 424 690 451 non
712 411 915 460 Po'etam,
941 411 1135 451 fabulam

135 476 340 526 Dedisse,
363 480 406 517 et
425 478 531 518 nihil
552 478 728 519 dedisse
751 480 977 519 verborum
999 482 1139 519 tamen
1158 492 1167 519 :

134 542 346 584 Colacem
366 557 464 585 esse
488 544 621 586 Naevi
642 550 683 586 et
703 545 870 595 Plauti,
893 550 1083 586 veterem
1104 546 1298 587 fabulam
1317 561 1325 588 :

130 609 320 651 Parasiti
336 624 571 664 personam
592 612 693 652 inde
716 613 908 653 ablatam
930 617 973 654 et
991 614 1163 655 militis.

133 677 182 717 Si
202 677 248 717 id
270 683 338 718 est
357 683 606 731 peccatum,
628 683 858 732 peccatum
880 680 1178 733 imprudentia
1199 680 1253 723 'st

133 743 291 786 Poetae
308 758 318 786 ε
341 758 430 786 non
452 746 527 798 qui
546 746 711 786 furtum
731 747 877 788 facere
894 748 1122 789 studuerit.

132 811 188 852 Id
209 813 274 853 ita
293 826 403 862 esse,
425 826 506 854 vos
522 813 616 866 jam
630 813 832 867 judicare
851 816 1074 868 poteritis.

132 878 282 920 Colax
302 879 537 921 Menandri
558 885 652 923 est:
676 882 721 922 in
742 894 793 922 ea
813 885 879 922 est
898 884 1119 936 parasitus
1142 883 1305 933 Colax,
1534 885 1590 925 30

131 947 189 988 Et
210 946 342 988 Miles
365 948 582 1000 gloriosus
602 961 611 989 ε
634 961 709 989 eas
731 962 780 989 se
802 962 889 989 non
909 953 1041 1002 negat

130 1014 352 1056 Personas
374 1015 652 1056 transtulisse
672 1017 717 1056 in
740 1015 1000 1058 Eunuchum
1023 1030 1147 1059 suam

131 1081 203 1122 Ex
224 1081 411 1123 Graeca:
435 1082 512 1122 sed
532 1096 608 1123 eas
627 1083 802 1124 fabulas
821 1083 963 1125 factas
985 1084 1112 1137 prius

129 1150 331 1201 Latinas,
353 1151 492 1192 scisse
513 1164 630 1201 sese,
652 1151 699 1192 id
718 1164 822 1193 vero
845 1156 1062 1205 pernegat.

1533 549 1560 589 (0

1564 550 1589 588 U!

128 1283 176 1320 tu,
190 1281 244 1321 agi
258 1285 359 1322 coepta
370 1286 429 1321 est,
442 1292 510 1313 cum
521 1283 721 1322 vociferatur,
729 1284 836 1321 farem
847 1294 922 1323 esse,
934 1295 992 1315 non
1004 1284 1127 1324 po'e'tam
1139 1283 1191 1325 qui
1203 1284 1282 1315 hanc
1294 1284 1472 1315 comoediam
1488 1285 1585 1324 dedit,

126 1332 182 1354 nec
197 1335 265 1355 eum
279 1326 398 1356 dedisse
412 1327 574 1356 dicendum
589 1336 666 1365 esse,
689 1337 757 1357 cum
779 1337 816 1358 ne
839 1328 960 1358 verbam
985 1328 1106 1368 quidem
1127 1327 1302 1368 apposuerit
1318 1328 1354 1358 de
1378 1338 1442 1359 suo.
1492 1328 1584 1358 Hunc

125 1376 191 1397 esse
207 1367 394 1398 Comoediam
412 1369 555 1399 Colacem
567 1369 696 1408 dictam,
712 1371 745 1400 id
761 1374 819 1409 est,
834 1370 1152 1408 Assentatorem‚jam
1169 1371 1242 1401 olim
1257 1381 1277 1401 a
1295 1370 1405 1401 Noevio
1421 1375 1450 1402 et
1467 1371 1584 1401 Plauto

125 1409 253 1442 editam.
299 1411 469 1441 Personam
485 1412 625 1443 Parasiti
644 1422 683 1442 ex
709 1423 744 1443 ea
760 1413 852 1450 furto
877 1413 1013 1444 ablatam
1035 1416 1065 1443 et
1088 1413 1210 1444 Militis
1224 1423 1287 1444 esse
1302 1423 1320 1443 α
1339 1413 1496 1445 Terentio.
1544 1413 1583 1444 Si

126 1451 161 1481 id
176 1452 292 1490 fecisse
303 1458 462 1493 peccatum
489 1458 547 1490 est,
572 1455 749 1495 imprudens
763 1459 793 1486 et
810 1455 925 1486 inscius
940 1456 993 1486 ille
1005 1457 1161 1496 peccavit.-
1185 1466 1240 1486 nec
1256 1456 1336 1487 enim
1354 1457 1448 1487 ullum
1457 1456 1584 1494 sartum

126 1496 294 1526 meditatus
308 1500 366 1528 est.
414 1497 453 1527 Id
467 1507 571 1528 verum
587 1508 664 1536 esse,
691 1508 755 1537 vos,
777 1502 974 1538 spectatores,
997 1499 1149 1529 arbitrari
1174 1500 1261 1529 modo
1280 1499 1436 1539 poteritis.
1484 1500 1583 1530 Colax

126 1539 272 1569 conzoedia
286 1550 306 1569 a
321 1539 498 1570 Menandro
513 1540 605 1577 fricta
632 1544 677 1571 est
692 1552 704 1578 ;
727 1541 761 1571 in
777 1552 811 1571 ea
825 1541 993 1572 Parasitus
1011 1542 1109 1572 Colax
1125 1541 1296 1580 inducitur,
1311 1545 1341 1572 et
1358 1542 1455 1572 Miles
1467 1542 1585 1580 glorio-

126 1589 188 1610 sus.
235 1582 301 1612 Eas
328 1591 474 1622 personas
494 1582 618 1620 fatetur
645 1584 766 1623 quidem
792 1593 825 1614 se
855 1584 1077 1624 transposuisse
1106 1585 1139 1615 in
1167 1585 1363 1623 Eunuchum,
1397 1586 1585 1615 Comaediam

127 1631 227 1663 suam,
239 1633 278 1655 ex
295 1624 411 1656 Graeca
421 1636 433 1663 ;
448 1627 500 1657 sed
514 1626 602 1667 prius
614 1626 873 1667 interpretatione
890 1627 995 1658 Naem‘i
1012 1630 1067 1658 aut
1083 1627 1193 1658 Plauti
1210 1627 1324 1658 Latine
1340 1637 1446 1658 versas
1461 1637 1534 1667 esse,
1551 1628 1583 1658 id

738 1732 972 1746 “novoe-‘200

125 1812 170 1833 ex
195 1804 320 1834 nostris
348 1804 572 1845 antiquissimi
600 1806 759 1837 adessent:
789 1805 838 1838 ita
865 1816 999 1847 quoque
1026 1807 1082 1838 ed.
1106 1807 1200 1838 Peri.
1242 1808 1438 1848 Legendum
1471 1808 1583 1847 potius

123 1846 266 1878 adessent
296 1852 438 1878 censent
463 1848 502 1879 R.
531 1849 576 1879 D.
601 1848 686 1878 Post
712 1859 762 1881 vs.
784 1852 836 1880 20.
861 1849 894 1880 in
922 1850 1024 1881 Both.
1053 1851 1208 1891 sequitur
1234 1850 1304 1890 ille,
1328 1851 1423 1892 cujus
1453 1851 1583 1884 initium

126 1888 281 1928 Perfecit,
303 1899 401 1931 quem
418 1889 540 1921 deinde
559 1891 735 1930 excipiunt
755 1893 870 1930 verba,
895 1893 1122 1932 Magistratus,
1137 1904 1206 1924 cum
1231 1893 1275 1923 ibi
1301 1895 1519 1925 adesset.—23
1545 1894 1585 1924 In

125 1930 196 1962 Ms.
213 1932 307 1972 Lips.
324 1933 445 1972 altero,
459 1933 569 1971 furem
585 1937 746 1965 essa—24
773 1935 864 1965 Nihil
881 1942 958 1975 post
975 1939 1076 1967 tamen
1092 1935 1209 1967 Guelf.
1226 1939 1257 1967 3.
1303 1935 1370 1966 Alii
1394 1937 1514 1977 legunt
1528 1937 1585 1969 nil.

124 1976 209 2005 ——25
234 1975 321 2006 Cod.
354 1976 459 2006 bonus
491 1976 590 2007 CCC.
618 1977 712 2008 Noevi
728 1977 851 2012 Plauti,
876 1979 947 2008 sine
973 1979 1212 2019 conjunctione
1229 1982 1270 2009 et.
1316 1979 1440 2019 Fallor,
1463 1989 1505 2010 an
1533 1981 1583 2011 sic

125 2015 222 2047 dedit
238 2018 416 2049 Terentius
430 2029 438 2049 ε
467 2019 608 2050 Colacem
623 2029 686 2050 esse
700 2030 817 2060 nempe,
836 2021 959 2056 Plauti,
974 2032 1001 2051 v.
1017 2022 1048 2059 f.
1073 2022 1175 2053 Bent.
1222 2023 1339 2062 Nempe
1353 2023 1457 2054 Bent.
1472 2023 1584 2055 omiss.

123 2059 220 2090 Naevi
235 2064 277 2091 et.
323 2061 413 2092 Nam
432 2061 538 2091 Naeviz'
555 2067 652 2101 putat
668 2064 787 2093 nullibi
807 2063 945 2094 Colacem
963 2066 1152 2095 memorari.
1199 2064 1246 2095 At
1267 2074 1347 2095 vero
1373 2075 1390 2095 a
1420 2066 1532 2096 Nonio
1549 2072 1584 2097 et

125 2101 301 2134 Prisciauo
324 2105 334 2121 ‘
349 2104 455 2135 Colax
473 2104 596 2135 Novii’
622 2105 810 2143 memorari,
834 2106 922 2147 quod
941 2107 1037 2138 Novii
1062 2117 1123 2147 pro
1140 2107 1248 2138 Noevii
1265 2113 1462 2147 corruptum
1479 2109 1581 2139 facile

124 2149 238 2183 putes,
261 2147 351 2177 Perl.
396 2147 497 2178 Both.
516 2147 608 2178 Noevz'
622 2151 676 2177 aut
703 2149 742 2178 P.
789 2148 848 2178 ΒΓ.
877 2149 1071 2180 Nemi—27
1096 2150 1154 2182 ΒΓ.
1178 2150 1395 2190 imprudentiae
1410 2155 1469 2190 est,
1484 2151 1583 2188 male,

117 2186 238 2227 judice
255 2189 433 2221 Perl.—28
448 2189 685 2231 Antiquissmu
708 2190 790 2222 libb.
814 2201 871 2231 quo
886 2192 1028 2230 habent,
1042 2202 1109 2223 non
1127 2193 1200 2233 qui:
1221 2204 1279 2233 qao
1296 2200 1411 2224 autem
1427 2204 1487 2234 pro
1503 2196 1583 2234 quod

124 2232 375 2270 exponendum.
400 2233 458 2264 Fa.
496 2234 592 2264 Unus
609 2234 714 2264 etiam
731 2234 834 2265 Bent.
853 2236 1024 2265 vetustiss.
1042 2235 1129 2267 Edd.
1149 2235 1240 2266 Perl.
1255 2237 1358 2268 Both.
1374 2237 1414 2268 Z.
1431 2247 1500 2276 quo.
1541 2238 1583 2267 Ut
1644 2264 1646 2266 ,

124 2281 186 2311 pro
202 2283 261 2314 quo
285 2274 401 2306 Guelf.
417 2278 534 2307 3.-30
558 2276 627 2306 Pro
647 2278 747 2307 Colax
773 2281 919 2317 utroque
945 2278 978 2308 in
1002 2279 1076 2309 loco
1098 2279 1330 2318 reponendum
1350 2286 1466 2310 censet
1480 2280 1580 2311 Both.

125 2316 329 2348 Coram-31
345 2319 540 2358 Legendum
553 2325 668 2350 monet
680 2320 782 2350 Bent.
796 2320 963 2359 probante
976 2320 1069 2352 Peri.
1082 2331 1132 2352 eas
1144 2332 1176 2351 se
1187 2322 1235 2352 hic
1251 2332 1283 2353 n.
1299 2332 1329 2353 n.
1345 2322 1433 2353 idem
1449 2332 1582 2363 quoque

122 2357 224 2390 Both.
268 2361 315 2392 Et
339 2370 390 2391 eas
413 2361 532 2393 Guelf.
548 2364 667 2393 2.-34
686 2362 771 2393 Haee
785 2363 886 2393 lectio
904 2364 1017 2403 placet
1034 2364 1114 2394 milii
1129 2369 1272 2404 propter
1286 2374 1440 2396 versum:
1466 2375 1582 2406 quam-

124 2400 174 2431 vis
189 2411 303 2434 omnes
319 2403 399 2435 libb.
412 2404 532 2445 scripti
551 2414 614 2435 uon
629 2404 850 2435 habeantnisi
867 2415 967 2436 unum
985 2416 1037 2437 se:
1061 2411 1096 2437 et
1121 2407 1154 2437 in
1178 2408 1274 2438 Beni.
1298 2407 1355 2438 ubi
1373 2407 1580 2448 geminatum

123 2449 213 2482 erat,
236 2447 405 2484 posterius
422 2447 466 2478 sit
490 2447 652 2478 deletum.
677 2448 735 2478 Fa.
782 2448 876 2478 Male
900 2448 1043 2488 factum,
1065 2449 1155 2490 quod
1186 2460 1227 2480 ex
1255 2451 1351 2481 Bem.
1377 2451 1581 2482 deleverunt

122 2495 166 2517 se.
213 2487 357 2519 Fallitur
380 2490 468 2520 enim
495 2490 543 2520 vir
569 2490 703 2529 doctus,
727 2500 802 2521 cum
830 2500 961 2522 versum
989 2497 1078 2522 stare
1102 2502 1200 2532 posse
1226 2494 1387 2533 opinetur
1411 2495 1511 2524 unico
1538 2504 1580 2526 se.

122 2527 253 2561 Omnes
270 2531 392 2563 Fae'rni
411 2536 536 2572 praeter
552 2532 648 2564 Bem.
672 2538 707 2564 et
730 2535 836 2564 nostri
853 2534 1000 2565 universi
1019 2535 1065 2565 ibi
1081 2545 1143 2566 sese
1159 2535 1296 2567 liabent.
1320 2537 1417 2568 Bent.
1457 2537 1516 2568 Br.
1534 2537 1578 2568 G.

783 2629 924 2661 NOTAE

164 2693 205 2723 34
230 2692 268 2724 Id
282 2702 352 2723 vero
364 2693 532 2733 pernegat]
550 2693 627 2724 Non
642 2698 746 2734 negat
758 2695 820 2725 Te·
877 2694 937 2725 sed
966 2696 1140 2736 accepisse
1169 2706 1211 2728 ex
1237 2698 1359 2729 Naevio
1391 2702 1425 2729 et
1452 2698 1578 2729 Plauto

122 2742 251 2773 rentius
268 2751 310 2774 ex
327 2744 450 2775 Colace
478 2744 661 2775 Menandri
684 2754 718 2775 se
746 2754 820 2784 pei·-
875 2751 1053 2786 pernegat.

120 2802 235 2825 sonam
246 2793 368 2827 Militis
382 2798 417 2825 et
429 2794 578 2826 Parasiti
593 2795 820 2836 transtulisse,
