1903 3306
504 239 729 270 EUNUGffl
766 237 876 268 ΛοΤ.
899 238 962 266 ιν,
996 237 1064 268 sc.
1089 238 1157 267 111.
1476 228 1560 268 477

106 335 197 376 ΡΗ.
229 334 403 376 insanis
422 348 431 376 :
454 336 530 388 qui
552 336 666 376 istuc
690 333 834 375 facere
856 332 1090 374 Eunuchus
1111 333 1280 386 potuit?
1343 332 1434 372 PY.
1468 332 1562 384 Ego

275 402 396 443 illum
418 404 569 443 nescio
1511 401 1564 439 15

107 470 199 521 Qui
220 469 366 510 fuerit:
389 469 491 519 hoc,
513 470 634 523 quod
656 470 774 519 feeit,
796 483 866 511 res
887 470 989 523 ipsa
1011 469 1191 509 indicat.

105 536 246 590 Virgo
276 538 378 591 ipsa
404 537 633 592 lacrymat,
665 551 825 591 neque,
858 551 960 578 cum
994 537 1156 590 rogites
1188 534 1294 590 quid
1324 535 1396 585 sit,
1430 533 1564 575 audet

279 605 438 646 dicere.

108 670 193 713 Ille
214 676 358 714 autem
377 673 521 714 bonus
542 672 609 714 vir
628 684 847 726 nusquam
878 675 1090 725 apparet:
1128 670 1263 710 etiam
1292 669 1374 710 hoc
1406 668 1567 709 misera

280 740 501 793 suspicor,

107 804 291 860 Aliquid
332 806 460 848 domo
493 807 727 848 abeuntem
763 805 1016 847 abstulisse.
1078 805 1167 845 PH·
1202 803 1391 857 Nequeo
1419 804 1567 845 mirari

278 875 402 925 satis,

105 939 210 991 Quo
231 941 305 982 ille
328 943 446 983 abire
467 942 654 995 ignavus
675 941 821 995 possit
841 941 1013 993 longius
1032 953 1042 991 ;
1070 940 1156 981 nisi
1179 939 1217 979 si
1239 939 1417 980 domum
1505 940 1562 981 20

110 1007 243 1050 Forte
283 1009 341 1050 ad
379 1023 461 1051 nos
501 1009 644 1050 rediit.
704 1008 795 1051 PY.
826 1008 939 1050 Vise
977 1009 1153 1056 amabo,
1195 1021 1298 1048 num
1341 1008 1412 1049 sit.
1475 1008 1567 1049 PH.

280 1077 309 1119 J
313 1091 383 1118 am
404 1078 510 1118 faxo
531 1078 663 1119 scies.

110 1146 201 1187 Do.
232 1145 375 1187 Perii!
406 1147 588 1187 obsecro
622 1150 711 1187 tam
744 1144 969 1186 infandum
991 1144 1182 1193 facinus,
1211 1157 1308 1185 mea
1328 1149 1392 1194 tu,
1416 1157 1470 1184 ne
1492 1157 1569 1185 au-

283 1212 375 1254 divi
396 1212 594 1266 quidem.

111 1283 203 1325 PY.
234 1280 294 1323 At
332 1281 410 1334 pol
450 1294 532 1333 ego
574 1284 796 1322 amatores
837 1279 1066 1321 mulierum
1100 1292 1199 1320 esse
1233 1279 1459 1321 audieram
1492 1294 1569 1322 eos

280 1362 548 1400 maxumos3

109 1482 219 1522 ecquid
233 1483 317 1514 istud
328 1484 460 1514 monstri
474 1482 569 1519 suit?
592 1482 664 1514 PH.
689 1483 819 1523 Desipis
830 1493 841 1518 ,·
865 1483 1011 1522 quomodo
1032 1482 1115 1513 istud
1135 1481 1245 1518 facere
1261 1480 1427 1511 Eunuchus
1448 1480 1573 1520 poluit?

111 1524 181 1556 PY.
208 1526 278 1564 Ego
303 1526 404 1557 nescio
430 1526 499 1566 quis
520 1527 573 1557 ille
588 1526 705 1565 suerit,
727 1537 766 1556 an
782 1527 842 1565 vir,
866 1529 920 1555 aut
937 1522 1130 1556 Eunuchus?
1154 1524 1219 1560 hoc,
1245 1525 1324 1564 quod
1344 1523 1508 1560 commisit,
1522 1533 1572 1553 res

109 1567 173 1598 ista
195 1568 394 1607 manifestum
408 1570 505 1607 facit.
556 1569 655 1608 Virgo
670 1570 817 1610 lacrymis
838 1568 1015 1609 conficitur,
1036 1577 1142 1608 neque,
1158 1577 1226 1598 cum
1241 1567 1464 1606 interrogatur,
1479 1566 1573 1596 audet

95 1609 213 1642 'dicere
233 1611 308 1652 quid
322 1613 351 1642 ei
360 1612 485 1650 factum
499 1611 552 1643 sit.
597 1612 657 1643 Ille
672 1615 775 1643 autem
791 1611 884 1642 bonus
897 1611 948 1641 vir
963 1611 1130 1651 disparuit,
1144 1620 1240 1650 neque
1261 1619 1388 1649 usquam
1404 1610 1573 1639 invenitur.

112 1653 242 1694 Insuper
255 1655 310 1685 hoc
325 1664 382 1694 ego
400 1655 513 1685 misera
534 1654 685 1695 suspicor,
699 1655 817 1695 aliquid
832 1664 899 1685 eum
921 1655 1008 1684 domo
1024 1654 1117 1692 surm
1136 1653 1307 1684 sustulisse.
1354 1652 1428 1683 PH.
1452 1651 1574 1682 Mirum

111 1698 275 1728 admodum
289 1697 365 1728 mihi
381 1698 516 1737 videtur,
531 1708 588 1738 quo
600 1698 651 1728 ille
665 1698 786 1729 enervis
801 1700 830 1728 et
846 1697 956 1728 debilis
971 1697 1087 1727 viribus
1108 1700 1172 1727 tam
1188 1698 1276 1735 longe
1285 1694 1402 1734 fugere
1415 1694 1552 1735 potuerit
1561 1704 1573 1731 ;

111 1739 176 1770 nisi
193 1738 281 1778 forle
303 1741 424 1770 domum
442 1751 507 1772 sese
531 1741 694 1780 receperit.
740 1740 812 1771 ΡΥ.
842 1740 927 1777 Vise,
947 1749 1069 1780 precor,
1093 1749 1165 1770 num
1185 1739 1226 1769 sit
1250 1739 1284 1769 iu
1310 1738 1418 1769 vestris
1442 1737 1573 1768 cedibus.

112 1781 186 1813 Pu.
208 1782 416 1819 Moxsuciam
431 1786 462 1814 te
476 1784 649 1815 certiorem.
681 1784 748 1814 Do.
772 1783 876 1814 Perii.
912 1784 988 1822 Oro,
1004 1787 1039 1814 tu
1056 1791 1122 1813 mea
1142 1781 1291 1822 Pythiam,
1307 1784 1372 1812 tam
1389 1781 1574 1812 horrendum

104 1823 232 1861 facinus
246 1835 284 1857 ne
297 1825 406 1857 audivi
431 1827 566 1866 quidem.
611 1827 681 1858 ΡΥ.
703 1827 749 1858 At
758 1826 812 1867 pol
826 1836 882 1866 ego
896 1827 1057 1858 audieram
1074 1826 1238 1857 Eunuchos
1251 1825 1444 1856 veliementer
1464 1825 1574 1855 ardere

733 1921 966 1933 ee‘e‘eeee‘ee

113 1970 207 2002 Perl.
254 1971 374 2012 Pythia
398 1970 517 2003 Guelf.
539 1974 670 2003 1.—15.
697 1975 738 2003 16
760 1972 816 2003 Sic
844 1971 928 2003 editi
953 1981 993 2003 ac
1023 1971 1154 2012 scripti.
1197 1970 1256 2002 Sic
1285 1975 1397 2001 tamen
1423 1980 1571 2010 repono:

110 2014 232 2045 nescio.-
253 2014 319 2053 ὴοε,
344 2013 537 2054 Quodfecz‘t,
557 2025 607 2046 res
622 2017 689 2055 ipsa
700 2015 829 2046 indicat.
854 2015 955 2045 Bent.
1002 2015 1065 2051 Qui
1081 2014 1131 2054 f.]
1168 2014 1264 2044 Lind.
1295 2014 1348 2043 ed.
1378 2014 1482 2048 Quid.-
1507 2024 1573 2045 non

112 2058 238 2097 placet.
264 2057 350 2089 Perl.
396 2057 462 2088 Ista
479 2058 579 2089 Both.
596 2067 657 2097 pro
677 2059 854 2089 istum—17
878 2058 966 2088 Post
991 2056 1201 2097 ‘lacrymat'
1232 2058 1351 2087 lacuna
1379 2062 1432 2087 est
1456 2057 1489 2086 in
1514 2057 1574 2089 Br.

111 2109 220 2140 usque
234 2099 275 2129 ad
293 2100 347 2130 Sc.
364 2102 394 2130 6.
411 2110 460 2130 vs.
476 2103 618 2132 21.—18
644 2101 750 2132 Abest
766 2101 821 2131 hoc
838 2111 856 2131 a
873 2099 988 2132 Guelf.
1003 2103 1033 2131 2.
1060 2106 1096 2130 et
1121 2100 1233 2130 misera
1258 2109 1276 2130 a
1301 2099 1468 2138 ssip.-20
1491 2100 1573 2130 Tres

111 2142 235 2174 Leidd.
251 2142 313 2173 nisi
327 2144 468 2174 domum.-
492 2143 582 2184 quod
601 2144 628 2174 si
650 2145 730 2175 olim
754 2144 919 2184 scriptum
943 2143 1020 2181 fuit,
1041 2142 1125 2173 m‘SI
1137 2144 1268 2176 domum,
1294 2142 1435 2181 valebit,
1458 2142 1521 2173 nisi
1545 2144 1574 2173 si.

111 2186 244 2217 domum.
268 2185 311 2216 G.
328 2185 401 2216 ET.·
413 2187 494 2218 EM.
507 2190 621 2226 posset.
645 2188 755 2218 West.
803 2188 909 2227 Lege,
935 2196 1053 2218 versus
1070 2195 1184 2224 causa,
1210 2186 1278 2220 Quo
1303 2185 1375 2215 hinc
1397 2185 1449 2216 ille
1477 2185 1574 2216 ubire.

113 2228 217 2260 Bent.
264 2228 353 2259 Hinc
366 2228 471 2260 infert
486 2229 586 2260 Bent.
605 2229 715 2260 bene:
743 2240 809 2269 quo
831 2229 896 2270 ipsi
927 2229 1062 2272 quidem
1093 2238 1221 2266 versus,
1246 2228 1324 2258 mihi
1351 2237 1432 2258 vero
1454 2237 1573 2259 sensns

114 2271 309 2311 expressior
321 2272 376 2302 sit.
415 2272 525 2303 Posset
543 2273 627 2303 GM.
650 2273 745 2304 Domi
761 2272 874 2303 Guelt'.
894 2275 925 2304 3.
949 2273 1034 2304 Perl-
1076 2272 1143 2306 Quo
1157 2272 1287 2311 ignavus
1302 2271 1354 2301 ille
1367 2270 1455 2301 abire
1471 2271 1574 2302 Both.

113 2314 211 2345 Abire
225 2314 358 2354 ignavus
373 2315 426 2345 ille
442 2320 477 2345 et
498 2315 697 2346 nisidomum
723 2315 776 2346 ed.
802 2316 1013 2354 Delon—21
1039 2314 1127 2345 Scias
1151 2314 1228 2344 edd.
1257 2323 1373 2344 omnes
1402 2314 1572 2345 vetustiss.

117 2357 215 2388 West.
264 2357 417 2388 Redierit.
470 2357 545 2389 Vise
560 2358 679 2396 amabo,
701 2369 774 2389 num
790 2358 835 2388 ibi
851 2359 909 2399 sit]
933 2359 972 2389 In
990 2358 1146 2389 omnibus
1173 2361 1341 2398 quotquot
1366 2361 1443 2387 sunt
1469 2357 1575 2396 libris,

110 2409 177 2440 pro
192 2400 321 2431 redierit
338 2406 391 2431 est
409 2401 523 2431 rediit:
547 2405 582 2432 et
600 2411 661 2442 pro
678 2412 750 2432 num
766 2401 810 2432 ila·
824 2403 879 2442 sit,
902 2412 975 2432 num
989 2403 1031 2432 sit
1044 2412 1054 2432 .·
1078 2401 1167 2431 solus
1191 2401 1287 2431 Bem.
1316 2400 1449 2430 recenti
1474 2409 1574 2431 manu

113 2442 368 2483 superadditum
383 2443 502 2482 habet,
525 2443 590 2475 ibi.-
615 2454 689 2485 quae
706 2445 813 2476 dictio
830 2454 893 2476 nec
909 2444 1100 2476 necessaria
1116 2448 1179 2482 est,
1201 2452 1264 2474 nec
1283 2453 1301 2473 a
1318 2442 1451 2473 Donato
1481 2444 1573 2482 poni-

113 2490 181 2516 tur.
207 2486 264 2517 Fa.
311 2486 445 2525 Nostri,
467 2496 533 2517 uno
559 2493 718 2528 excepto,
743 2497 858 2518 omnes
882 2488 987 2519 rediit.
1035 2486 1179 2518 Redierit
1206 2495 1341 2516 versum
1374 2487 1574 2526 corrumpit.

113 2528 211 2559 Bent.
260 2528 382 2569 Rediit]
420 2529 477 2560 Sic
506 2530 565 2560 Fa.
597 2541 636 2561 ac
664 2531 819 2561 Fabricio
850 2530 1013 2570 probatur
1040 2539 1082 2560 ex
1099 2530 1246 2560 Veneto.
1272 2529 1357 2559 [ἐνὶ.
1408 2528 1491 2569 Vise]
1516 2530 1572 2561 ΑΙ.

112 2570 196 2610 vide,
219 2571 329 2601 minus
347 2572 520 2603 usitatum.
544 2573 597 2603 Id.
642 2572 732 2604 Scias
749 2572 862 2605 Guelf.
879 2576 910 2604 2.
927 2575 1045 2604 3.—22
1069 2572 1201 2603 Audisti
1226 2571 1276 2602 M.
1306 2572 1399 2601 West.
1445 2572 1574 2602 Audisti

115 2617 185 2645 vet.
202 2613 277 2645 cod.
298 2614 395 2645 Limi.
442 2615 603 2646 Audio-isti
619 2615 735 2646 Guelf.
752 2619 782 2647 3.
826 2616 914 2647 Post
930 2621 938 2633 ‘
953 2615 1114 2647 obsecro’
1128 2615 1309 2645 maximum
1327 2618 1490 2654 punctum
1513 2615 1574 2646 (lat

113 2655 194 2696 Bip.
239 2656 309 2687 Alii
326 2658 413 2694 leve,
436 2662 494 2688 aut
510 2658 741 2690 admirationis
758 2660 989 2699 signum.-—-23
1014 2659 1058 2689 At
1072 2659 1124 2698 pol
1146 2661 1301 2688 amatores
1325 2657 1485 2688 audieram
1510 2667 1574 2688 esse

112 2699 291 2740 mulierum]
314 2700 420 2731 Varie
436 2701 648 2732 collocantur
663 2702 737 2733 haec
753 2702 859 2733 verba
875 2702 906 2732 in
931 2701 1026 2732 libris
1054 2701 1215 2741 scriptis:
1238 2700 1297 2731 sed
1324 2700 1512 2740 elegantius
1539 2701 1572 2730 in

114 2741 211 2773 Rem.
227 2742 271 2773 At
286 2743 338 2782 pol
349 2753 406 2783 ego
421 2747 574 2775 amatores
588 2744 752 2776 mulierum
767 2755 830 2776 esse
849 2744 1019 2776 audieram.
1044 2744 1104 2775 Fa.
1151 2743 1294 2783 Repone
1315 2752 1358 2773 ex
1383 2747 1466 2773 vett.
1483 2743 1572 2774 Eud.

115 2789 151 2815 et
163 2786 282 2817 nostris
295 2786 469 2817 omnibus:
487 2787 532 2818 At
545 2788 597 2827 pol
609 2797 665 2827 ego
680 2792 834 2819 anzatores
848 2788 1007 2819 audieram
1021 2787 1183 2818 mulierum
1196 2796 1269 2818 esse.
1287 2786 1389 2817 Beut.
1412 2785 1573 2827 Sequitur
