1903 3306
413 264 474 293 nn·
509 261 707 291 comicis
744 259 1155 291 DIMENSIONIBUS.
1429 252 1511 290 149

62 360 161 396 labae
182 364 386 410 postremae
414 359 547 396 breves
583 366 685 394 sunt.
742 357 822 393 Aut
852 369 941 406 quae
971 362 1031 394 est
1049 355 1114 392 illa
1134 354 1366 405 explicatio?
1401 356 1512 405 quasi

62 435 152 460 cum
173 421 305 460 dicas:
347 421 505 459 Homini
541 419 734 458 interdum
766 432 834 471 pes
869 419 994 465 deest,
1028 419 1181 469 quoties
1216 418 1366 468 integro
1399 419 1512 456 semi-

62 484 230 530 homine‚
262 484 372 522 alteri
406 483 648 522 semihomini
676 495 746 534 pes
779 482 902 519 deest.
960 482 1014 519 At
1031 494 1122 519 vero
1142 481 1228 532 quis
1249 482 1376 518 nescit
1395 489 1512 519 tetra-

61 555 219 594 metrOS,
251 560 328 586 non
358 561 379 586 e
406 547 558 585 duobus
597 546 783 592 dimeffls,
822 546 893 584 sed
929 559 975 584 ex
1013 553 1178 597 quatuor
1198 544 1510 583 dimensionibus

63 611 270 650 constare?
290 612 321 650 si
342 612 428 662 quis
446 612 505 649 vel
525 611 690 662 partium
707 610 928 648 consideret
948 610 1152 656 rationem,
1172 621 1334 659 quarum
1348 608 1512 659 singulis

63 677 215 727 aequale
239 676 305 727 jus
337 676 387 714 sit
412 676 450 713 in
477 688 615 713 versu:
659 675 720 713 vel
750 675 936 725 originem
966 674 1089 724 ipsam
1112 674 1319 710 intueatur.
1377 672 1513 723 Neque

62 740 166 778 enim
196 739 356 777 Boistus
391 739 470 787 ille,
499 740 648 777 aliusve
678 738 887 790 quispiam,
923 738 1086 776 dimetro
1108 737 1312 774 dimetrum
1342 736 1512 786 aptavit:

63 803 134 842 sed
163 804 389 850 trimetrum,
422 816 536 854 quem
565 810 647 841 tum
684 803 953 853 longissimum
988 803 1200 847 invenerat,
1231 806 1513 837 monometrum

62 867 227 906 addidit.
284 867 479 906 Praeterea
499 867 598 918 quis,
618 867 692 905 hoc
714 866 891 912 audiens,
921 879 998 903 non
1020 872 1130 916 putet
1148 878 1235 903 esse
1255 864 1365 902 nefas
1386 877 1512 901 caesu-

62 945 143 970 ram
162 932 290 970 facere
309 931 347 969 in
369 932 505 983 quinto
524 931 651 983 pede?
681 932 712 970 si
732 931 886 982 quidem
909 944 956 969 ex
980 930 1132 968 duobus
1146 928 1318 967 dimetris
1334 934 1514 966 tetrame-

62 1004 160 1034 trum
183 1002 242 1034 est
263 995 628 1034 consarcinandum.
687 995 789 1038 Quid
820 994 926 1045 quod
958 994 1060 1032 idem
1096 995 1239 1031 abusus
1273 1000 1333 1030 est
1364 992 1516 1029 dimetri

63 1059 300 1110 trimetrique
321 1059 582 1111 appellatione
598 1058 614 1095 ἲ
635 1072 723 1097 nam
736 1058 998 1110 imprudenter
1016 1070 1166 1095 versum
1184 1057 1291 1094 illum
1309 1069 1354 1094 ex
1368 1055 1516 1093 Andria

62 1123 267 1161 iambicum
286 1129 568 1173 pentametrum
589 1122 686 1160 dixit
710 1135 819 1160 esse:
849 1128 860 1143 ‘
878 1121 1050 1160 Hoecine
1067 1121 1251 1159 credibile
1273 1127 1332 1158 est
1347 1127 1414 1157 aut
1434 1132 1515 1157 me-

64 1187 248 1225 morabile
263 1185 291 1223 2’
329 1187 395 1238 qui
429 1193 533 1224 esset
562 1186 731 1225 trimeter
768 1186 1183 1238 brachycatalecticus.
1243 1185 1381 1234 Neque
1414 1183 1517 1221 enim

61 1251 165 1294 idem
197 1264 283 1290 esse
312 1253 458 1302 μέτρον,
492 1257 532 1288 et
564 1250 717 1302 pedem,
752 1263 869 1301 supra
903 1249 1093 1286 diximus:
1125 1248 1194 1286 sed
1224 1251 1357 1299 μέτρον
1377 1259 1516 1297 capere

63 1315 248 1352 motorios
269 1315 390 1366 pedes
411 1315 535 1352 duos:
571 1327 705 1366 quare,
726 1314 757 1352 si
778 1320 1062 1365 pentametrum
1096 1312 1303 1350 iambicum
1323 1310 1457 1361 exigas
1479 1318 1518 1348 et

67 1391 89 1416 a
109 1379 252 1418 Graeco
270 1381 402 1430 po'eta,
422 1386 461 1418 et
481 1392 504 1417 a
524 1379 674 1425 Latino,
695 1386 804 1417 tanto
821 1379 942 1416 altero
962 1377 1143 1428 majorem
1162 1375 1368 1414 ostendat:
1398 1387 1513 1425 quem

64 1454 231 1481 errorem
251 1444 365 1481 etiam
384 1444 422 1481 in
456 1443 522 1481 illo
549 1443 814 1481 continuavit:
862 1450 870 1464 ‘
890 1442 990 1480 Novi
1025 1455 1103 1479 rem
1141 1453 1317 1478 omnem:
1356 1438 1426 1476 sed
1457 1445 1518 1476 est

65 1505 172 1543 Simo
191 1506 324 1544 intus?
367 1507 454 1545 est.'
523 1507 627 1558 Ergo
660 1506 755 1544 nihil
782 1506 918 1544 mirum
951 1506 1012 1552 sit,
1051 1505 1115 1556 qui
1151 1503 1324 1542 motoriis
1355 1503 1516 1554 pedibus

65 1570 214 1608 auferat
247 1582 318 1608 sua
342 1569 445 1621 jura,
479 1569 528 1608 ad
563 1571 744 1608 statarios
778 1569 967 1607 immerito
1001 1568 1221 1607 transferre.
1280 1568 1394 1605 Illum
1415 1567 1516 1605 enim

64 1647 217 1672 versum
237 1647 285 1672 ex
305 1634 479 1672 Andria:
523 1639 532 1655 ‘
548 1635 601 1672 Ut
631 1635 742 1672 malis
775 1634 989 1685 gaudeant,
1023 1639 1140 1684 atque
1161 1647 1207 1671 ex
1227 1631 1481 1670 incommodis
1496 1632 1519 1670 :'

66 1711 185 1737 ausus
205 1706 266 1738 est
283 1699 465 1738 creticum
495 1697 698 1736 dimetrum
719 1698 918 1736 nominare
937 1710 946 1735 ε
977 1698 1042 1749 qui
1062 1704 1191 1735 tamen
1211 1710 1296 1749 pes,
1331 1709 1418 1734 cum
1439 1709 1518 1734 non

67 1762 193 1801 solum
213 1763 447 1815 syllabarum
468 1775 644 1808 numero,
677 1763 745 1800 sed
767 1763 880 1800 etiam
902 1769 1117 1813 temporum
1138 1760 1355 1812 quantitate
1374 1760 1518 1811 prolix-

65 1827 135 1873 ior,
164 1839 280 1878 quam
318 1826 530 1878 spondaeus
565 1826 638 1864 sit:
676 1840 793 1878 quare
832 1827 937 1865 solus
971 1839 1088 1864 unam
1126 1826 1409 1863 dimensionem
1441 1837 1517 1862 non

67 1891 235 1942 expleat,
255 1891 288 1929 si
308 1890 518 1942 spondaeus
549 1891 712 1941 implet?
754 1892 852 1929 Eum
873 1900 1000 1929 tamen
1033 1897 1189 1929 secutus
1209 1889 1359 1936 Rivius,
1387 1901 1519 1939 parem

67 1956 204 1993 erroris
238 1955 394 1993 admisit
427 1955 728 2007 proportionem.
799 1955 998 2005 Siquidem
1032 1954 1236 1992 trochaicis
1275 1959 1519 2004 anapaestum

68 2020 243 2058 interseri
264 2032 543 2070 nonnunquam
565 2020 725 2070 scripsit
744 2032 863 2057 causa
875 2019 1107 2057 celeritatis:
1138 2017 1242 2069 quod
1263 2017 1408 2055 dictum
1430 2029 1518 2055 cum

68 2083 135 2121 illo
171 2084 368 2135 superiore
401 2084 564 2121 maxime
595 2084 807 2121 convenit:
852 2083 952 2120 idem
988 2095 1156 2132 namque
1185 2081 1381 2119 sentiunt:
1430 2093 1517 2118 curn

67 2147 131 2185 ille
165 2148 347 2185 creticum
382 2147 431 2184 ad
465 2147 647 2192 iambum,
682 2147 745 2184 hic
780 2154 1023 2197 anapaestum
1053 2146 1194 2183 referat
1222 2145 1270 2182 ad
1291 2144 1517 2182 trochaeum.

69 2212 121 2249 At
149 2211 214 2262 qui
243 2224 311 2262 pes
339 2212 392 2248 ita
424 2218 528 2248 esset
559 2218 723 2261 quatuor
742 2210 928 2261 praeditus
949 2209 1200 2260 temporibus,
1237 2216 1279 2246 ut
1307 2208 1386 2246 duo
1406 2209 1520 2246 simul

69 2288 187 2314 unam
207 2276 393 2327 syllabam
415 2276 613 2312 efficerent
631 2274 784 2324 plenam
805 2275 989 2327 ponderis
1008 2283 1046 2312 et
1065 2274 1280 2325 gravitatis,
1303 2287 1377 2311 non
1396 2274 1520 2325 potuit

68 2340 167 2378 inter
205 2352 382 2377 cursores
416 2338 505 2376 illos
538 2337 805 2375 annumerari:
853 2338 1066 2388 praesertim
1100 2351 1186 2375 cum
1213 2338 1340 2374 iambo
1361 2337 1521 2375 similior

72 2409 178 2442 esset
196 2409 420 2454 anapaestus
449 2414 565 2452 quam
585 2400 758 2438 trochaeo
776 2414 785 2438 :
816 2409 977 2452 uterque
1011 2401 1110 2438 enirn
1132 2414 1154 2438 a.
1173 2400 1352 2438 brevibus
1372 2401 1520 2451 incipit,

70 2469 109 2506 in
125 2467 283 2519 longam
304 2466 458 2505 desinit.
502 2467 660 2510 Quanto
675 2467 774 2503 enim
797 2466 946 2516 gravior
966 2472 1025 2502 est
1039 2466 1189 2502 iambus
1210 2464 1394 2508 trochaeo,
1409 2472 1520 2502 tanto

72 2539 132 2570 est
169 2538 394 2582 anapaestus
433 2529 604 2581 dactylo.
661 2529 789 2572 Quare
825 2542 900 2567 non
940 2529 1015 2567 levi
1045 2528 1093 2566 de
1119 2541 1238 2566 eausa
1269 2528 1414 2566 factum
1447 2539 1519 2574 est,

72 2602 116 2633 ut
143 2595 360 2646 gravissimi
406 2594 594 2644 poematis
635 2594 865 2644 gravissima
911 2606 999 2644 pars
1038 2593 1178 2631 chorus
1219 2592 1270 2630 ad
1305 2593 1522 2643 gravissimi

71 2659 183 2710 pedis
229 2659 472 2709 majestatem
520 2670 605 2695 sese
651 2657 856 2702 conferret,
900 2656 1048 2694 scilicet
1084 2663 1341 2707 anapaestum.
1416 2655 1521 2699 Quid

73 2723 178 2774 quod
197 2722 261 2760 ille
292 2722 439 2760 nullam
473 2722 603 2772 posuit
630 2721 832 2768 rationem,
852 2728 1012 2772 propter
1038 2733 1154 2771 quam
1191 2719 1385 2757 trochaeus
1416 2726 1520 2757 esset

73 2787 202 2825 iambo
220 2785 450 2824 volubilior?
479 2785 532 2823 At
564 2798 655 2823 vero
693 2791 732 2823 et
765 2797 906 2823 nomen
937 2784 1119 2822 Graecum
1154 2784 1348 2822 excitabat
1367 2796 1452 2829 nos,
1482 2791 1521 2821 et

76 2850 232 2888 suberat
255 2848 366 2888 ratio.
423 2848 539 2897 Nam,
578 2849 642 2899 qui
678 2855 718 2887 et
755 2848 999 2900 Syllabarum
1030 2860 1203 2895 numero,
1237 2853 1276 2886 et
1303 2853 1520 2898 temporum
