1903 3306
508 249 560 278 IN
597 248 879 278 EUNUCHUM
916 248 1188 280 reomaus.
1487 244 1571 283 401

122 339 420 395 Responsum,
451 342 728 384 nondictum
750 355 864 391 esse,
892 343 999 396 quia
1018 343 1136 384 laesit
1155 345 1291 396 prior,

122 408 209 459 Qui
233 411 341 450 bene
362 410 589 457 vertendo,
610 416 654 451 et
675 423 752 451 eas
771 410 1056 451 describendo
1077 411 1204 459 male,

120 476 194 516 Ex
215 476 390 518 Graecis
412 478 542 518 bonis
563 478 749 519 Latinas
771 478 877 519 fecit
899 491 986 519 non
1002 479 1157 519 bonas.

120 542 246 585 Idem
269 545 502 585 Menandri
522 546 718 587 Phasma
738 559 855 587 nunc
876 559 1011 599 nuper
1032 545 1165 586 dedit.

119 609 272 664 Atque
293 611 340 651 in
359 612 586 654 Thesauro
606 613 799 666 scripsit,
825 626 1009 654 causam
1031 613 1174 654 dicere
1520 615 1573 655 10

124 767 261 799 Terentii
275 767 422 806 lacessiti,
438 777 498 798 non
512 768 630 798 dictum
649 769 683 798 in
707 769 920 800 contumeliam
937 769 1067 801 Lauinii
1090 770 1277 808 lacessentis,
1301 770 1353 810 qui
1368 770 1455 810 prior
1480 770 1573 801 male-

111 809 216 845 ‚dictis
230 809 316 840 tuum
329 811 518 849 provocavit,
541 811 595 850 qui
610 811 683 842 bene
697 813 842 842 vertendo
859 812 1000 850 fabulas,
1026 815 1097 843 dum
1114 814 1206 843 verba
1220 813 1320 843 verbis
1334 814 1448 851 reddit,
1463 817 1493 843 et
1509 824 1574 843 eas-

120 852 189 882 dem
204 852 360 882 scribendo
379 853 469 890 male,
495 854 566 883 dum
581 855 766 884 sententiam
780 855 936 885 obscurius
957 856 1117 895 exprimit,
1141 865 1180 886 ex
1199 856 1320 886 Grcecis
1341 856 1426 886 bonis
1441 856 1573 886 Latinas

118 894 196 931 fecit
209 903 269 924 non
284 893 389 925 bonos.
435 894 520 926 Idem
536 895 687 926 Lavinius
702 896 871 927 Menandri
896 899 1072 928 comoediam
1096 898 1242 936 Phasma,
1265 899 1319 929 hoc
1335 902 1394 938 est,
1411 899 1575 945 Spfctram

119 937 322 977 nominatam,
337 946 443 968 recens
456 939 619 969 admodum
631 941 829 979 spectandam
843 940 962 977 edidit,·
986 944 1077 981 atque
1099 941 1131 971 in
1151 941 1312 978 Thesauro,
1327 942 1397 972 alia
1407 942 1576 973 Menandri

730 1046 967 1059 aeaeaeaeaeaeaeaeaeaeaeae

123 1116 202 1148 dum
220 1116 368 1152 habent:
394 1117 602 1149 Existimavit
617 1129 692 1158 esse,
715 1122 760 1151 sic
774 1123 931 1153 existimet
947 1134 956 1153 .·
984 1123 1030 1153 ita
1045 1128 1080 1154 et
1095 1124 1150 1154 alii
1169 1123 1241 1154 fere
1259 1134 1323 1155 om.
1348 1125 1430 1156 libb.
1454 1127 1575 1166 script.
1591 1125 1594 1129 ’

120 1160 180 1190 sed
209 1169 250 1190 eo
273 1160 427 1200 amplius,
453 1166 529 1199 post
553 1163 726 1202 existimet,
753 1166 786 1194 in
803 1163 969 1206 aliquibus
986 1172 1037 1196 est
1056 1171 1238 1205 praesanmt,
1253 1168 1285 1197 in
1299 1168 1465 1208 aliquibus
1483 1179 1577 1209 vero,

121 1203 214 1241 sciat,
239 1206 409 1242 praesumat
422 1211 432 1231 .·
455 1204 508 1244 [ut
525 1204 569 1235 G.
588 1205 646 1237 ΒΓ.
666 1206 782 1237 Guelf.
806 1211 836 1238 2.
863 1211 894 1238 3.
913 1209 981 1240 ET.
999 1209 1079 1239 EM.
1097 1211 1152 1249 qui
1173 1209 1238 1240 duo
1256 1220 1305 1249 pr.
1326 1211 1427 1242 codd.
1445 1216 1479 1242 et
1496 1213 1576 1244 EM.

101 1280 106 1284 ,
121 1245 224 1276 etiam
243 1244 466 1284 Existimavit,
483 1247 550 1278 ET.
566 1248 750 1280 Existimat.
785 1250 943 1281 Gifanius
959 1262 1093 1293 quoque
1111 1253 1143 1283 in
1163 1252 1238 1283 Iud.
1254 1253 1390 1284 Lucret.
1409 1264 1439 1284 v.
1456 1254 1465 1270 ‘
1481 1255 1577 1293 Fac‚’

121 1286 281 1319 defendit
293 1287 331 1318 τὸ
346 1288 424 1319 sciat
435 1288 460 1328 :]
486 1293 524 1320 ut
547 1289 647 1321 facile
672 1298 838 1333 appareat
866 1303 906 1324 ea
933 1296 1036 1325 verba
1053 1295 1222 1325 inculcata
1239 1305 1280 1325 ex
1298 1297 1499 1331 glossemate
1515 1299 1574 1328 ali-

123 1330 222 1371 cujus
252 1331 516 1371 interpretantis
548 1333 685 1364 verbum
712 1336 881 1368 existimet.
906 1337 968 1369 Fa.
1014 1337 1109 1368 Idem
1132 1344 1274 1369 censent
1303 1339 1410 1370 West.
1444 1340 1576 1373 Perlet.

122 1372 237 1405 Guelf.
257 1376 286 1405 1.
301 1374 417 1412 habet,
435 1374 611 1406 Existimat
628 1377 683 1407 hoc
699 1387 774 1418 esse,
797 1379 841 1410 sic
857 1379 1027 1418 existimet,
1048 1381 1127 1411 sciat
1149 1385 1327 1420 praesumat.
1371 1383 1380 1398 ‘
1394 1382 1515 1414 Plures
1532 1393 1575 1414 ex

122 1416 250 1447 nostris
271 1416 498 1455 Existimavit‚·
523 1428 606 1448 unus
624 1420 841 1453 Existimabit.
884 1423 973 1453 Sane
991 1424 1165 1454 sententia
1182 1425 1256 1464 ipsa
1280 1423 1432 1456 futurum
1460 1432 1577 1466 postu-

122 1459 191 1490 lat:
218 1461 227 1477 ‘
243 1459 373 1500 Siquid
391 1460 423 1490 in
439 1461 504 1492 hoc
523 1462 663 1502 prologo
681 1463 837 1495 dicturus
855 1470 907 1495 est
925 1466 1186 1498 inclementius!
1231 1468 1431 1507 Legeudum
1450 1474 1577 1508 tamen,

122 1502 331 1533 Existimarit
345 1512 372 1534 e.
385 1502 466 1533 sice.
502 1503 511 1520 ‘
523 1505 635 1545 Siquis
653 1506 928 1547 existimaverit,'
954 1514 990 1539 ut
1005 1519 1054 1540 vs.
1074 1512 1103 1540 1.
1128 1510 1259 1550 ‘Siquis
1275 1511 1436 1542 studeat!
1461 1513 1576 1542 Dona-

123 1550 178 1576 tus
189 1545 231 1575 ad
245 1545 354 1575 locum
370 1556 378 1576 :
408 1546 580 1578 Existimat
597 1558 659 1586 pro
677 1549 882 1581 Existimavit
897 1561 906 1581 .·
930 1551 1086 1592 Corrige,
1111 1553 1318 1583 Existimavit
1336 1563 1397 1593 pro
1412 1555 1578 1585 existima-

119 1587 227 1619 verit!
251 1588 354 1619 Bent.
378 1587 574 1620 Lectionem
593 1591 693 1623 Bent.
711 1591 795 1624 dant
818 1593 920 1625 Both.
949 1594 1105 1625 Pe··1.—5
1128 1595 1228 1625 Bodl.
1253 1596 1352 1635 qualis
1375 1598 1455 1627 loesz't
1477 1598 1576 1636 prius.

121 1631 167 1661 Et
182 1629 220 1661 τὸ
229 1630 318 1670 prius
333 1635 386 1662 est
403 1631 436 1661 in
447 1632 531 1663 Mss.
551 1633 727 1673 plusculis.
755 1635 794 1665 In
810 1636 902 1676 Lips.
921 1641 955 1667 et
977 1637 1064 1677 aliis,
1078 1638 1138 1678 [G.
1155 1638 1214 1669 ΒΓ.
1235 1639 1334 1669 Bent.
1348 1639 1448 1669 codd.
1461 1640 1577 1672 Guelf.

121 1675 153 1704 1.
165 1675 197 1704 2.
215 1683 290 1705 cum
308 1674 378 1705 ΕΤ.
390 1678 426 1704 et
442 1675 542 1715 EM.]
559 1677 648 1715 quale
660 1678 700 1707 sit
714 1679 825 1718 prius.-
851 1680 1017 1711 barbare:
1043 1690 1108 1721 quo
1125 1681 1233 1721 magis
1251 1682 1383 1720 mirum,
1402 1683 1575 1714 Erasmum

122 1716 357 1761 liuicjectioni
373 1715 502 1749 favere.
528 1718 669 1750 Phorm.
686 1721 779 1752 Prol.
799 1724 850 1752 14.
864 1723 872 1738 ‘
887 1722 998 1753 Vetus
1015 1723 1043 1753 si
1057 1723 1166 1754 Poeta
1179 1733 1242 1754 non
1255 1724 1447 1755 lacessisset
1460 1726 1577 1765 priorl

126 1759 224 1790 West.
258 1759 417 1790 Nostram
433 1760 515 1791 lect.
528 1761 690 1792 exhibent
707 1764 803 1794 Beni.
821 1765 862 1795 V.
880 1765 967 1805 Eug.
985 1766 1087 1803 Bent.
1104 1766 1196 1797 Perl.
1213 1767 1313 1798 Both.
1351 1768 1483 1798 Probat
1496 1778 1576 1808 quo-

123 1811 189 1842 que
207 1802 268 1833 Fa.
291 1802 332 1833 Ζ.
344 1802 445 1833 habet
457 1805 530 1844 quia
545 1804 626 1835 laesit
640 1806 804 1845 pr·iu3.—7
823 1807 920 1838 Varii
938 1809 1029 1838 varie
1048 1809 1136 1839 hunc
1154 1809 1263 1840 locum
1281 1815 1466 1841 tentarunt.
1487 1811 1576 1852 Guy.

122 1853 200 1874 cum
213 1845 428 1884 deploratum
446 1847 591 1885 videret,
608 1847 723 1887 legere
738 1849 857 1880 maluit
871 1860 879 1881 :
909 1850 973 1886 Qui
989 1852 1066 1882 male
1079 1853 1236 1891 vertendo,
1251 1856 1280 1882 et
1297 1854 1400 1883 eadem
1420 1854 1577 1885 scribendo

121 1887 213 1918 male.
255 1888 389 1920 Vereor
411 1899 455 1920 ne
482 1890 583 1921 male.
631 1891 715 1922 Mihi
741 1893 877 1924 omnino
891 1893 1184 1924 nihilmutandum
1203 1895 1360 1933 videtnr;
1385 1906 1577 1937 quanquam

123 1929 291 1961 assentior
303 1927 444 1972 Guyeto
459 1937 495 1963 et
511 1933 681 1972 Boedero,
700 1935 899 1966 Terentium
917 1937 1162 1967 non·tribuisse
1179 1938 1344 1968 malevolo
1369 1939 1488 1969 Po'e'tae
1507 1941 1577 1970 lau-

123 1972 199 2003 dem
217 1973 303 2004 bene
317 1975 487 2006 vertendi.
508 1975 609 2007 West.
643 1977 839 2017 Legendum
857 1984 972 2010 monet
984 1980 1042 2010 Fa.
1060 1989 1101 2010 ex
1118 1981 1215 2010 Beni.
1238 1984 1267 2011 et
1284 1982 1404 2011 easdem
1416 1983 1578 2013 scribendo

121 2016 214 2046 male.
259 2017 321 2048 Est
345 2020 381 2048 et
406 2018 478 2049 haec
503 2018 606 2050 lectio
635 2019 668 2049 in
685 2021 740 2050 Vi.
762 2021 847 2052 licet
874 2023 901 2052 is
928 2032 989 2062 pro
1015 2022 1174 2053 scribendo
1199 2023 1323 2054 habeat
1348 2025 1577 2064 conscribendo,

123 2058 211 2098 Eug.
239 2058 276 2090 F.
302 2059 349 2090 H.
377 2060 481 2091 Bent.
499 2061 593 2092 Perl.
611 2062 651 2092 Z.
669 2063 812 2094 Botbius
829 2064 928 2104 legit,
950 2069 980 2095 et
997 2066 1100 2096 eadem
1113 2065 1276 2096 scribundo
1290 2067 1380 2105 male,
1393 2077 1444 2098 ex.
1492 2068 1575 2099 Cum

125 2101 373 2141 praepositione
390 2103 470 2134 item
488 2102 610 2135 finiunt
626 2105 729 2136 Bent.
747 2106 840 2136 Perl.
856 2107 947 2138 Mur.
988 2106 1055 2137 Alii
1076 2108 1180 2148 incip.
1202 2108 1278 2140 ead.
1302 2113 1576 2149 sequentem—8

122 2143 180 2174 Sic
196 2144 258 2174 Fa.
277 2145 335 2175 sed
356 2146 409 2175 Ex
424 2146 528 2186 priori
552 2148 663 2186 potius
680 2149 790 2178 versui
807 2150 1045 2189 apponendum
1061 2161 1068 2179 :
1087 2155 1123 2181 ut
1140 2150 1198 2183 inf.
1218 2160 1250 2182 v.
1269 2154 1300 2182 2.
1318 2154 1370 2182 20.
1392 2152 1400 2168 ‘
1422 2154 1514 2186 Quin
1531 2154 1579 2183 in-

123 2186 234 2217 volem
251 2186 285 2217 in
298 2187 493 2228 Capillum!
537 2190 659 2230 Neque
675 2191 764 2221 enim
782 2202 858 2222 cum
876 2192 948 2223 viro
962 2193 1063 2223 docto
1078 2198 1145 2224 tam
1158 2193 1258 2225 facile
1276 2195 1497 2235 corripuerim
1512 2197 1579 2236 syl-

121 2228 249 2267 labam,
264 2239 338 2261 cum
357 2231 538 2271 positione,
554 2237 624 2263 tuin
641 2239 764 2264 natura
780 2235 924 2274 longam.
947 2236 1110 2266 Bent.-9
1131 2237 1237 2267 Totus
1261 2237 1316 2268 hic
1340 2247 1456 2268 versus
1474 2248 1578 2270 arena

125 2271 197 2302 sine
211 2273 308 2304 calce
323 2278 376 2304 est
391 2283 399 2303 ε
423 2284 487 2306 nee
504 2284 579 2305 cum
599 2276 766 2315 prioribus
790 2286 854 2308 nec
871 2288 947 2308 cum
964 2278 1188 2319 sequentibus
1205 2280 1364 2310 coliaeret.
1410 2282 1576 2322 Equidem

122 2314 158 2345 in
175 2315 311 2347 Donato
328 2316 394 2347 Ms.
412 2317 476 2349 hoc
494 2318 572 2358 legi,
598 2319 685 2359 quod
702 2319 735 2350 in
754 2319 855 2351 editis
879 2330 949 2351 non
963 2322 1155 2360 reperitur:
1179 2327 1187 2339 ‘
1201 2322 1305 2361 Item,
1331 2322 1365 2353 id
1390 2329 1439 2354 est
1464 2324 1578 2355 simili-

123 2357 203 2389 ter.'
246 2358 346 2389 Unde
369 2359 419 2391 sic
442 2360 624 2401 legendum
649 2366 808 2394 constat:
835 2363 916 2394 Item
936 2366 971 2393 ut
987 2364 1034 2394 M.
1051 2364 1092 2395 P.
1106 2374 1136 2395 η.
1152 2362 1183 2396 η’.
1198 2365 1228 2396 d.
1252 2366 1354 2396 Beut.
1401 2366 1506 2397 Nihili
1524 2373 1578 2399 est

122 2400 188 2431 hoc
204 2401 300 2432 verbi
317 2411 398 2433 nunc
420 2412 519 2443 nuper
531 2414 542 2434 .·
561 2414 629 2444 per,
652 2404 685 2434 in
701 2415 814 2446 nuper,
838 2406 1008 2446 absorpsit
1024 2412 1222 2446 sequentem
1239 2409 1381 2438 similem
1399 2410 1577 2449 syllabam,

126 2452 170 2473 nu
185 2446 299 2474 autem
315 2445 404 2475 male
421 2446 630 2485 geminatum
646 2447 679 2477 in
695 2458 775 2479 nunc
795 2448 1031 2489 degeneravit.
1057 2449 1155 2480 Both.
1200 2451 1302 2490 Legit
1326 2451 1431 2490 igitur
1461 2452 1551 2483 idem
1569 2465 1574 2481 2

123 2485 205 2516 Item
220 2489 254 2516 ut
270 2487 319 2518 M.
335 2487 378 2518 Ρ.
392 2498 490 2528 nuper
506 2490 655 2529 perdidit.
686 2490 771 2529 *Alii
794 2500 855 2530 pro
881 2491 1016 2522 Phasma
1038 2492 1153 2532 legunt
1173 2493 1321 2532 Phar-ma,
1338 2494 1381 2524 al.
1397 2495 1490 2532 fana.
1536 2495 1577 2525 In

123 2527 192 2558 Ms.
217 2529 309 2569 Lips.
329 2531 556 2571 suprascript.
588 2532 722 2573 Fabula,
743 2544 834 2574 quam
849 2544 904 2573 ego
919 2534 1125 2574 scripsi—10
1149 2535 1250 2566 Bodl.
1274 2546 1293 2566 a
1322 2537 1491 2569 Thesaurae.
1536 2538 1577 2569 Iu

125 2570 198 2601 aliis
227 2572 413 2609 Thensauro,
440 2574 609 2614 quomodo
637 2575 716 2608 Par.
739 2582 775 2607 et
791 2576 846 2607 alii
861 2576 1054 2608 ediderunt.
1097 2577 1165 2609 Sed
1180 2582 1215 2609 et
1234 2579 1309 2610 Riv.
1326 2590 1366 2609 ex
1384 2580 1450 2611 Do.
1467 2581 1579 2611 verbis

125 2613 278 2654 conjicit,
303 2615 353 2645 ita
379 2616 554 2656 scripsisse
577 2618 785 2650 Terentium.
831 2620 911 2650 Duo
933 2619 1050 2651 Leidd.
1069 2624 1104 2650 et
1131 2621 1196 2652 Ms.
1220 2622 1312 2662 Lips.
1345 2623 1441 2663 alter,
1461 2634 1479 2653 a
1503 2623 1579 2654 The-

125 2656 239 2693 sauris‚
255 2658 356 2696 alter,
371 2669 390 2688 a
413 2659 569 2690 Thesauro
584 2661 711 2699 legunt.
738 2663 836 2693 West.
859 2662 902 2694 G.
918 2662 961 2693 R.
981 2663 1048 2693 ET.
1066 2663 1145 2696 EM.
1160 2663 1198 2695 Z.
1224 2674 1242 2694 a
1272 2665 1438 2706 TliesaurO.
1463 2666 1579 2697 Guelt'.

127 2701 158 2729 1.
171 2709 190 2729 a
202 2699 375 2732 Thesauris.
413 2703 517 2743 Atque
533 2702 566 2733 in
579 2704 753 2744 thesauros]
777 2705 874 2736 Corr.
889 2705 922 2735 in
939 2715 957 2735 α
968 2705 1130 2737 thesauris.
1164 2707 1244 2738 Edit
1262 2708 1368 2738 Zeun.
1382 2718 1399 2738 a
1424 2709 1577 2739 thesauro.

127 2741 246 2773 Nostri
262 2742 391 2774 codicis
409 2745 509 2775 lectio
526 2750 578 2776 est
594 2747 693 2778 unice
712 2756 815 2778 vera:
840 2757 917 2778 nam
935 2748 1092 2779 thesauros
1105 2754 1157 2780 est
1171 2759 1289 2781 nomen
1308 2750 1466 2782 Graecum
1481 2751 1579 2782 fabu-

128 2784 169 2814 1ae
185 2786 334 2824 θησαυρος
344 2787 471 2818 Latinis
488 2788 597 2820 literis
613 2788 826 2831 egpressum.
850 2791 967 2822 Bruns.
1011 2791 1116 2832 Atque
1132 2804 1150 2824 a
1166 2793 1326 2833 thesauro]
1351 2793 1444 2825 Alias
1470 2806 1487 2824 a
1511 2795 1576 2825 tlic-

211 2839 324 2880 Delph.
339 2844 369 2871 et
385 2840 460 2872 γαν.
476 2841 561 2873 Clas.
794 2844 917 2875 Terent.
1422 2851 1441 2878 :3
1466 2849 1492 2878 C
