1903 3306
305 214 389 256 268
903 225 1170 255 PER100HA.

307 320 636 369 GLYCERIUM‚
662 318 795 359 amica
820 317 1049 372 Pamphili.
1111 320 1152 358 A
1175 318 1372 375 γλυκερὸς,
1394 317 1533 358 dulcis.

308 389 568 438 CHREMES,
598 401 727 436 senex,
751 393 871 441 pater
897 385 1165 427 Philumenae.
1225 386 1265 426 A
1283 385 1560 441 χρέμπτεσθαι,
1593 399 1761 435 screare,

420 454 529 510 quod
544 470 650 496 senes
670 469 824 496 screare
844 453 1010 495 soleant.

308 524 482 573 CR1To,
503 523 640 577 hospes
658 521 858 563 Andrias.
920 521 961 561 A
981 524 1118 576 κριτὴς,
1127 520 1274 576 jadex.

309 591 509 641 DROMO,
533 589 724 631 lorarius.
786 588 828 628 A
852 587 997 645 δρόμος,
1016 602 1167 629 cursus.

327 827 393 874 C.
441 823 771 874 SULPICII¹
814 821 1294 872 APOLLINARIS
1343 821 1746 870 PERIOCHA²

659 919 732 961 IN
762 918 1075 962 TERENTII
1105 917 1432 959 ANDRIAM.

467 1019 681 1056 SOROREM
701 1016 802 1054 falso
821 1014 1009 1054 creditam
1030 1014 1300 1061 meretriculae,

468 1082 622 1120 Genere
642 1080 818 1126 Andriae,
840 1079 1064 1131 Glycerium
1082 1079 1194 1116 vitiat
1212 1078 1439 1129 Pamphilus
1457 1091 1467 1116 z

469 1144 722 1196 Gravidaque
744 1144 860 1190 facta,
880 1143 949 1181 dat
968 1141 1098 1189 fidem,
1118 1154 1279 1180 uxorem
1299 1142 1370 1180 sibi

469 1210 568 1247 Fore
587 1209 715 1252 hanc;
746 1221 835 1246 nam
857 1208 971 1245 aliam
991 1213 1102 1258 pater
1121 1206 1156 1244 ei
1177 1205 1474 1257 desponderat,3

471 1272 642 1310 Gnatam
663 1271 905 1310 Chremetis:
927 1277 1058 1321 atque,
1078 1276 1120 1308 ut
1138 1282 1306 1307 amorem
1326 1268 1527 1320 comperit,

471 1335 639 1373 Simulat
657 1335 807 1373 futuras
826 1334 984 1385 nuptias
1001 1346 1011 1377 ;
1042 1332 1219 1383 cupiens,
1240 1345 1335 1370 suus

471 1400 576 1445 Quid
593 1398 785 1438 haberet4
812 1397 931 1436 animi
950 1397 1067 1443 filius,
1087 1409 1342 1448 cognoscere.

471 1465 571 1502 Davi
592 1477 712 1502 suasu
732 1476 811 1502 non
831 1469 1027 1514 repugnat
1045 1460 1289 1512 Pamphilus.

470 1528 549 1566 Sed
571 1542 618 1566 ex
639 1528 823 1580 Glycerio
843 1534 978 1565 natum
998 1533 1042 1564 ut
1061 1525 1159 1564 vidit
1177 1525 1382 1576 puerulum

472 1591 674 1638 Chremes,
695 1598 852 1629 recusat
871 1590 1042 1642 nuptias,
1064 1602 1250 1640 generum
1271 1588 1439 1627 abdicat.

473 1656 570 1694 Mox
589 1655 708 1693 filiam
729 1654 954 1706 Glycerium
972 1654 1169 1705 insperato
1189 1653 1364 1704 agnitam

475 1720 590 1758 Hanc
610 1719 814 1770 Pamphilo
835 1718 917 1765 dat,
938 1717 1053 1756 aliam
1066 1719 1078 1742 ⁵
1103 1717 1275 1757 Charino
1295 1715 1515 1768 conjugem.

361 1825 552 1865 Pamphilus,
563 1822 699 1855 Simonis
702 1823 806 1865 filius,
813 1822 974 1862 pudicitioe
988 1820 1231 1863 Glycerii,filioe
1246 1819 1430 1857 Chremetis,
1439 1819 1551 1850 vitium
1562 1818 1666 1860 offert.
1691 1818 1772 1850 Haec

308 1868 392 1905 falso
408 1868 587 1899 credebatur
609 1876 696 1897 soror
724 1866 888 1907 Chrysidis
911 1865 1115 1895 meretricatae
1141 1873 1181 1894 ex
1195 1864 1305 1894 Andro
1328 1863 1452 1899 insula;
1475 1871 1566 1902 quum
1592 1862 1773 1902 Glycerium

316 1921 382 1941 cum
396 1911 561 1949 gravidam
578 1909 707 1948 fecisset
725 1908 921 1948 Pamphilus,
943 1908 999 1938 dat
1020 1907 1048 1938 ei
1065 1906 1165 1947 fidem
1190 1916 1223 1936 se
1248 1906 1326 1937 hunc
1350 1914 1477 1936 uxorem
1493 1906 1678 1935 ducturum.-
1700 1913 1772 1934 nam

315 1957 405 1993 pater
421 1953 508 1984 Simo
531 1953 579 1983 illi
604 1953 805 1992 desponderat
831 1951 926 1981 alium
955 1949 1127 1980 Chremetis
1141 1948 1261 1990 filiam,
1285 1949 1405 1978 nomine
1422 1947 1658 1978 Philumenam:
1679 1948 1773 1986 utque

317 1996 441 2026 rescivit
458 1995 543 2026 Simo
548 1994 658 2036 filium
672 1997 797 2034 captum
818 2003 883 2024 esse
904 2002 1007 2023 amore
1035 1991 1188 2032 Glycerii,
1203 1991 1306 2033 fingit
1329 1991 1456 2030 nuptias
1469 1999 1501 2020 se
1515 1989 1562 2020 illi
1575 1999 1688 2030 parare
1700 1998 1774 2018 mox

311 2038 487 2077 faciendas,
516 2039 618 2068 volens
640 2036 864 2076 deprehendere
887 2037 1023 2066 animum
1040 2033 1197 2074 Pamphili
1221 2035 1258 2064 de
1282 2042 1380 2064 uxore
1403 2033 1560 2063 ducenda:
1587 2032 1657 2070 ille,
1679 2039 1774 2062 suasu.

320 2081 407 2112 Dari
421 2080 517 2118 seri-i,
532 2081 579 2111 ait
594 2081 676 2120 patri
693 2078 827 2115 Simoni,
843 2087 875 2109 se
897 2088 986 2118 quam
1011 2077 1038 2107 is
1052 2077 1173 2108 dederit
1189 2085 1317 2106 uxorem
1329 2075 1459 2106 libenter
1473 2077 1666 2114 accepturum
1677 2084 1687 2104 .-
1709 2074 1775 2113 sed,

318 2127 352 2154 ut
371 2124 517 2154 Chremes
530 2123 610 2153 vidit
624 2122 785 2163 puerulum
811 2124 920 2152 natum
943 2129 1006 2151 esse
1031 2129 1071 2151 ea:
1095 2118 1253 2159 Glycerio,
1270 2118 1471 2158 Pamphilum
1490 2126 1639 2156 generum
1660 2115 1777 2155 reiicit,

318 2169 444 2206 nuptias
457 2169 598 2196 recusat:
623 2164 806 2206 moa-filiam
825 2164 1004 2204 Glycerium
1019 2172 1088 2193 cum
1103 2162 1280 2201 agnovisset
1293 2164 1409 2201 proeter
1423 2169 1518 2200 spem,
1530 2160 1584 2191 dat
1599 2169 1667 2190 eum
1679 2158 1774 2190 Pam-

317 2209 402 2248 philo
414 2219 424 2245 ;
447 2209 540 2239 aliam
554 2208 675 2239 nomine
691 2207 907 2238 Philumenam
921 2207 975 2236 dat
991 2205 1085 2236 etiam
1099 2204 1133 2235 in
1149 2214 1275 2235 uxorem
1293 2203 1443 2236 Charino.

981 2291 1119 2323 NOTAE

366 2362 379 2389 l
410 2359 446 2390 C.
463 2356 610 2398 Sulpicii]
625 2356 795 2396 Sulpicius
813 2355 1021 2396 Apollinaris
1077 2365 1152 2386 cnm
1179 2355 1279 2394 vulgo
1301 2354 1436 2394 legatur
1457 2352 1678 2384 inconcinne=
1704 2345 1776 2382 num

323 2410 380 2440 ille
407 2413 471 2446 est,
494 2408 563 2449 qui,
577 2417 596 2439 a
612 2407 725 2439 Gellio
742 2416 833 2447 sa³pe
851 2406 1022 2445 laudatus,
1076 2405 1171 2436 aliam
1185 2415 1217 2445 p.
1234 2405 1263 2436 ei
1276 2405 1491 2445 desponderat.
1536 2402 1635 2435 Csiln'
1648 2402 1776 2442 despon-

324 2459 542 2491 Pertinacem
559 2458 806 2498 Imperatorem
831 2457 947 2488 literas
964 2456 1021 2488 do·
1077 2455 1205 2495 derat.']

325 2511 406 2542 cuit.
1119 2510 1138 2538 4
1164 2506 1284 2547 [Hah]
1321 2506 1352 2538 A
1382 2504 1504 2545 habeat,
1531 2504 1640 2536 minus
1676 2503 1775 2535 bene.

367 2564 386 2591 2
411 2558 579 2599 Periocha]
610 2559 672 2589 Est
697 2558 810 2590 brevis
836 2558 1022 2599 explicatio
1080 2558 1193 2598 Boia]

326 2621 395 2642 rem
410 2608 741 2649 comprelienden5‚a
755 2608 920 2649 περιέχειν,
931 2618 1021 2640 com—
1119 2612 1136 2639 5
1162 2608 1285 2649 [Hanc‚
1308 2606 1379 2648 ἐγὼ]
1406 2607 1520 2648 Vulgo
1542 2605 1637 2637 uliam
1651 2605 1777 2645 legitur

328 2661 550 2703 prehendere,
565 2660 758 2699 complecti.
1080 2668 1140 2699 pro
1152 2659 1252 2696 illam,
1263 2656 1463 2689 confusione
1478 2659 1506 2688 Α
1520 2661 1556 2687 et
1570 2656 1591 2687 I
1601 2656 1776 2688 literarum

371 2715 388 2742 3
414 2711 528 2752 [Nam,
555 2709 623 2749 lfa]
658 2710 741 2740 Nam
761 2714 851 2749 pater
873 2711 902 2741 ei
931 2710 1025 2741 aliam
1079 2718 1144 2739 non
1164 2708 1374 2748 infrequenti
1391 2707 1425 2738 in
1444 2707 1627 2738 codicibus.
1651 2706 1701 2738 Id.
1720 2707 1777 2747 qui

327 2764 563 2802 desponsaverat
579 2759 639 2790 «lat
656 2760 756 2791 Both.
773 2760 829 2801 qui
847 2760 894 2791 ita
908 2766 1003 2791 notat
1018 2773 1022 2789 :
1080 2760 1216 2791 exhibet
1241 2760 1287 2790 H.
1313 2759 1351 2789 P.
1375 2759 1460 2789 illam
1474 2760 1529 2789 dat
1552 2759 1610 2790 Ch.
1643 2758 1682 2789 Ζ.
1706 2758 1778 2789 Dat

331 2815 339 2829 ‘
359 2813 603 2853 Desponsam-erat
633 2809 712 2842 dedi
740 2819 781 2840 cx
811 2810 839 2840 B
878 2816 913 2840 et
945 2809 1024 2841 Hel.
1083 2811 1124 2840 P.
1141 2809 1337 2850 hanc,aliam
1357 2807 1430 2848 Ch.]
