1903 3306
540 243 765 275 EUNUCH!
800 242 907 271 Ac'r.
931 241 996 270 ιν.
1029 240 1097 270 sc.
1130 241 1196 269 ιν.
1500 226 1587 266 485

138 342 302 385 Verum
329 341 347 382 ‘l
379 336 591 380 Vidistin'
628 337 805 378 fratrem
847 335 1112 376 Chaeream‘?
1174 333 1262 373 Do.
1313 330 1432 373 Non.
1493 331 1586 371 PH.

306 406 412 448 Non
434 408 584 459 potest
605 405 699 445 sine

136 476 261 518 Malo
281 473 422 523 fateri,
443 473 599 513 video:
623 483 804 524 sequere
826 470 907 510 hac
925 483 934 510 :
955 468 1086 510 modo
1108 469 1186 515 ait,
1207 466 1338 508 modo
1361 468 1500 517 negat.

137 544 227 586 Ora
257 556 341 584 me.
413 541 502 582 Do.
540 539 735 580 Obsecro
776 542 818 578 te
855 550 973 586 vero,
1012 536 1232 577 Phaedria.
1295 534 1384 574 PH.
1417 533 1438 573 Ι
1477 532 1587 572 intro

278 623 396 651 nunc
411 609 521 663 jam.
582 607 672 648 Do.
703 606 776 656 Oi,
799 606 851 647 ei.
1110 656 1114 659 .
1137 656 1143 661 Ι

136 679 229 720 ΡΗ.
261 677 365 719 Alio
386 679 520 731 pacto
542 675 725 716 honeste
746 672 971 728 quomodo
992 666 1093 711 hinc
1115 671 1269 711 abeam
1286 668 1453 710 nescio.

136 745 301 787 Actum
319 750 400 794 est,
413 742 628 797 siquidem
651 747 698 782 tu
714 755 781 782 me
795 740 864 781 hic
881 736 1517 788 etiam,nebulo,ludificabere.
1533 735 1589 776 50

138 814 228 854 PY.
260 811 548 853 Parmenonis
586 813 674 850 tam
708 810 803 850 scio
834 821 935 848 esse
965 807 1079 847 hanc
1108 806 1322 854 technam,
1352 816 1486 858 quam
1520 816 1589 844 me

311 891 471 920 vivere.

138 948 264 989 DoR.
295 946 372 988 Sic
393 948 473 987 est.
534 945 627 985 ΡΥ.
658 942 884 984 Inveniam
921 940 996 994 pol
1028 939 1173 989 hodie,
1207 951 1357 992 parem
1387 938 1463 979 ubi
1486 936 1592 979 refe·

307 1026 399 1054 ram
420 1013 620 1066 gratiam.

139 1083 228 1124 Sed
263 1094 395 1132 nunc,
432 1080 538 1135 quid
577 1079 826 1122 faciendum
868 1090 1041 1127 censes,
1084 1074 1288 1116 Dorias?
1352 1074 1477 1115 DoR.
1522 1074 1592 1114 De

309 1149 425 1190 istac
452 1161 580 1202 rogas

138 1277 252 1312 negato
264 1284 407 1305 rursum.-
421 1273 529 1312 jubeo.
580 1272 878 1311 Vidistinefratrem
895 1271 1075 1301 Choeream?
1112 1271 1184 1301 Do.
1213 1269 1286 1299 Non
1301 1268 1377 1299 vidi.
1423 1266 1494 1297 Pu.
1520 1265 1594 1295 Non

136 1320 238 1357 potest
253 1317 319 1348 sine
334 1317 499 1348 tormentis
509 1317 673 1347 veritatem
682 1313 794 1354 fateri.
839 1314 971 1353 Sequere
981 1314 1046 1344 hac.
1079 1314 1174 1344 Modo
1188 1315 1340 1342 asseverat
1353 1322 1363 1347 ;
1386 1310 1473 1340 modo
1487 1311 1594 1346 negat.

142 1360 210 1390 Ora
224 1370 283 1398 me,
297 1363 328 1391 et
343 1369 464 1400 poenam
479 1360 654 1399 deprecare.
702 1358 772 1389 Do.
801 1358 860 1388 Per
876 1357 958 1387 Deos
972 1367 1041 1387 vero
1064 1356 1123 1386 tibi
1145 1355 1293 1395 supplico,
1315 1353 1474 1384 Phoetlria.
1521 1351 1592 1381 ΡΗ.

141 1402 287 1433 Introito.
342 1403 410 1434 Do.
434 1402 513 1441 Hoi,
530 1402 592 1433 hei.
646 1401 717 1431 Pu.
742 1401 815 1432 Alio
840 1401 939 1437 modo,
957 1400 1016 1429 nisi
1035 1409 1089 1438 per
1104 1399 1181 1429 hanc
1194 1397 1369 1435 fallaciam,
1390 1405 1450 1426 non
1473 1403 1596 1435 possum

139 1454 185 1475 ear
195 1445 252 1476 hac
266 1444 448 1487 difficultate
462 1445 587 1476 honeste
601 1444 749 1475 evadere:
783 1442 894 1474 etenim
918 1445 1021 1473 actum
1036 1445 1103 1477 est;
1136 1441 1249 1471 vitiata
1270 1443 1315 1470 est
1339 1439 1427 1478 virgo
1442 1448 1461 1468 a
1477 1437 1595 1475 fratre.

143 1487 190 1518 Tu
206 1498 254 1519 nte
268 1488 320 1519 hic
334 1488 441 1524 etiam,
457 1487 605 1525 tenebrio,
620 1487 705 1517 ludos
719 1483 846 1524 facies?
892 1485 959 1515 PY.
984 1485 1078 1514 Hanc
1095 1484 1242 1521 fraudem
1248 1483 1371 1520 factam
1390 1490 1453 1511 esse
1476 1490 1494 1510 α
1514 1479 1596 1509 Par-

139 1539 266 1561 menone
280 1534 345 1562 tam
359 1533 443 1562 certo
458 1531 533 1568 scio,
548 1539 638 1570 quam
653 1539 700 1560 me
714 1538 794 1559 nunc
808 1529 921 1559 vivere.
967 1528 1062 1558 DOR.
1088 1526 1143 1556 Sic
1159 1529 1216 1557 est.
1263 1526 1329 1556 ΡΥ.
1354 1525 1420 1555 Per
1439 1522 1598 1553 Pollucem

138 1573 295 1604 inveniam
320 1574 409 1604 hodie
430 1573 599 1611 rationem,
622 1581 682 1612 qua
718 1571 906 1602 Parmenoni
929 1570 1025 1601 vicem
1051 1570 1187 1600 reddam.
1244 1567 1306 1599 Sed
1340 1576 1431 1602 nnnc,
1465 1564 1597 1601 Dorias,

139 1615 214 1656 quid
226 1616 337 1655 facere
350 1617 480 1647 suades?
526 1616 618 1647 Don.
644 1615 695 1645 De
711 1614 772 1645 ista
794 1614 916 1653 virgine
931 1622 1048 1652 nempe,
1072 1611 1233 1642 consilium
1247 1607 1387 1651 quoeris?
1430 1609 1501 1640 Pv.
1530 1608 1597 1638 Ita:

746 1693 981 1707 eeeeeeeeeee

141 1749 183 1781 In
211 1750 310 1781 Bem.
341 1753 395 1781 est
425 1748 592 1784 Vidistine,
616 1752 652 1780 et
674 1746 786 1779 ‘sine’
811 1745 967 1787 sequenti
996 1744 1104 1775 versui
1135 1742 1337 1774 ascribitur:
1364 1740 1453 1782 quod
1483 1740 1598 1781 placet

140 1793 233 1824 mihi.
257 1793 313 1824 Fa.
355 1793 413 1824 Sic
430 1798 466 1823 et
478 1792 586 1823 nostri
599 1791 765 1832 plerique.
789 1791 884 1821 Bent.
927 1787 1049 1820 ‘Sine’
1076 1787 1251 1818 ascribunt
1275 1785 1385 1815 versui
1409 1787 1464 1815 47.
1493 1784 1597 1816 Bent.

140 1836 243 1867 Both.
259 1836 438 1866 Perl.--4⁷
462 1835 533 1875 Seq.
550 1844 596 1865 me
612 1835 703 1865 Mur.
720 1833 773 1865 ed.
798 1833 887 1863 Perl.
931 1832 988 1862 Sic
1014 1831 1091 1870 ssip.
1116 1830 1343 1868 Dema—218.
1359 1830 1401 1858 49
1424 1827 1509 1865 Alio,
1529 1828 1600 1868 8)·c.]

141 1879 250 1909 Deest
273 1878 426 1918 syllaba:
460 1877 549 1909 forte
575 1887 666 1908 nunc.
690 1877 749 1907 Er.
795 1876 817 1906 I
842 1873 940 1914 intro]
970 1875 1035 1905 Ms.
1060 1873 1154 1912 Lips.
1183 1873 1281 1902 intra.
1304 1871 1414 1901 West.
1460 1870 1481 1900 I
1504 1870 1598 1901 intro.

142 1921 223 1960 Hoz‘,
244 1920 311 1961 hei]
334 1922 430 1952 Bem.
448 1921 489 1952 In
513 1920 597 1950 intro
622 1929 702 1951 nunc
721 1919 813 1958 jam?
839 1919 894 1955 Οιῖ,
919 1918 968 1948 ei.-
992 1927 1080 1957 quae,
1106 1921 1142 1946 ut
1171 1913 1417 1955 antiquissima,
1441 1912 1490 1943 ita
1518 1922 1598 1943 vera

141 1963 313 1995 estlectio
328 1968 365 1994 et
381 1964 492 1994 versui
508 1972 710 2002 congruens.
755 1963 794 1992 In
810 1967 935 1997 autem,
960 1970 1033 2000 pro,
1059 1960 1142 1990 isne.
1168 1959 1228 1988 Fa.
1275 1957 1344 1987 Soli
1370 1956 1466 1986 Bem.
1494 1955 1598 1987 debe·

141 2011 198 2038 tur
226 2006 309 2037 illud
339 2016 420 2037 nunc
443 2005 537 2044 janu
563 2006 669 2036 ceteri
697 2014 813 2035 omnes
838 2004 1016 2042 abnegant.
1065 2001 1231 2033 Nimirum
1259 2009 1279 2029 a
1307 2000 1505 2030 Correctore
1532 2003 1598 2038 est,

141 2049 241 2080 metri
257 2049 467 2089 aliquantum
484 2048 608 2087 perito.
652 2048 724 2079 Nos
742 2048 870 2087 absque
898 2046 954 2076 illo
980 2044 1182 2075 emblemate
1213 2042 1261 2073 sic
1288 2042 1399 2072 locum
1423 2041 1599 2072 constitni-

142 2101 236 2123 mus:
263 2092 330 2122 Ora
345 2101 402 2122 me.
451 2091 582 2121 Obsecro
597 2094 627 2121 te
644 2100 725 2130 vero,
743 2090 900 2121 Phoedria.
948 2088 967 2118 Ι
980 2088 1076 2118 intro.
1122 2086 1183 2116 Eoi
1198 2086 1239 2116 εἴ.
1282 2084 1356 2115 Alio
1371 2087 1459 2124 pacto
1475 2084 1599 2115 honeste

141 2134 286 2175 quomodo
301 2134 374 2165 hinc
388 2133 559 2172 abscedam,
582 2134 694 2164 nescio.
741 2133 858 2163 Iintro
874 2141 949 2162 cum
968 2130 1056 2161 Edd.
1087 2133 1173 2160 vett.
1198 2127 1301 2159 nostri
1329 2136 1458 2158 omnes.
1504 2127 1546 2157 Oi
1570 2127 1599 2159 ei

142 2176 298 2218 plerique
322 2176 471 2208 habent:
506 2186 592 2207 unus
620 2181 709 2207 notae
736 2175 887 2216 optimae,
908 2183 998 2204 nunc
1028 2171 1269 2208 Academicus,
1306 2170 1417 2207 Eoiei,·
1446 2179 1531 2200 unus
1558 2181 1599 2201 ex

143 2220 260 2260 Regiis
271 2220 350 2251 Eooi
366 2219 426 2251 hei.
471 2219 531 2250 Pr.
549 2229 584 2260 p.
604 2222 696 2250 1012.
724 2219 766 2249 de
793 2215 1094 2257 Intenjeeiionibns
1124 2223 1241 2253 agenS,
1262 2212 1464 2243 ‘Terentius
1482 2212 1513 2242 in
1531 2213 1598 2244 Eu-

142 2263 265 2301 nueho,
287 2263 357 2294 Hoi
372 2261 448 2294 hei!
493 2262 548 2292 Sic
565 2261 673 2292 edidit
689 2261 874 2292 Putscliius
890 2271 899 2297 3
923 2260 981 2290 sed
999 2258 1107 2289 codex
1127 2257 1325 2287 veterrimus
1347 2255 1388 2286 Oi
1404 2255 1443 2286 ei.
1490 2255 1598 2286 Porro

141 2306 178 2336 in
193 2314 291 2336 versu
307 2306 415 2337 altero
431 2314 492 2346 pro
519 2305 626 2336 abeam
651 2313 781 2343 repono
806 2304 985 2337 absce‹lam;
1009 2300 1100 2341 quod
1125 2299 1278 2340 apprime
1303 2298 1474 2329 convenit.
1500 2299 1597 2330 Bent.

141 2347 191 2379 [η’
207 2348 308 2379 intro?
328 2353 364 2379 et
380 2348 526 2388 quomodo
541 2347 669 2379 abierim
685 2348 755 2377 hinc
772 2356 839 2385 ega,
854 2346 954 2375 nescio
973 2344 1074 2374 Both.
1120 2342 1172 2373 1¹11
1194 2342 1276 2372 intro
1302 2351 1383 2372 nunc
1400 2339 1495 2379 jam?
1518 2341 1595 2382 Bip.

142 2391 273 2422 Iintro.
299 2391 354 2430 Oi,
369 2392 423 2431 &a
447 2390 542 2421 Perl.
586 2390 634 2420 In'
648 2392 732 2420 intro
746 2389 920 2426 nuncjam?
945 2387 985 2417 Z.
1031 2386 1108 2424 Hoi,
1130 2385 1178 2416 hei
1195 2390 1231 2415 et
1254 2384 1398 2424 quomodo
1425 2384 1497 2414 hinc
1519 2394 1600 2415 nunc

143 2433 357 2474 Delph.—-50
379 2432 483 2464 Varie
509 2433 581 2463 liaec
612 2432 880 2469 distinguuntur.
928 2430 1031 2460 Nulla
1066 2428 1291 2467 interrogatio
1320 2435 1394 2457 esse
1423 2427 1456 2456 iu
1484 2426 1597 2458 verbis

144 2475 290 2507 videtur.
317 2477 415 2507 West.
459 2475 575 2506 Actum
591 2479 648 2515 est,
670 2476 832 2515 siquidem.
861 2477 906 2508 tn,
929 2472 996 2512 ὅκῃ]
1025 2472 1081 2501 Nil
1109 2471 1260 2510 sapiunt,
1284 2469 1340 2509 qui
1369 2469 1469 2500 aliter
1494 2470 1598 2500 inter-

144 2517 455 2559 pungunt-nescio.
488 2520 601 2549 Actum
614 2521 673 2557 est,
695 2518 843 2557 siqnidem
860 2520 893 2546 tn
910 2525 966 2545 me.
1013 2514 1174 2544 Putamus
1190 2512 1306 2543 dicere
1322 2512 1469 2542 voluisse
1486 2512 1600 2543 Actum

142 2565 202 2600 est,
223 2560 376 2601 siquidem
392 2581 441 2593 ...
457 2560 519 2592 int.
534 2561 588 2591 hic
604 2570 688 2591 vera
707 2560 804 2590 (lixit.
847 2558 928 2595 Sed,
951 2557 1098 2595 abrupto
1126 2565 1293 2594 sermone,
1315 2555 1476 2585 inclamat
1500 2555 1600 2585 mise-

143 2614 217 2635 rum
234 2605 324 2636 Eun.
346 2603 423 2644 Βὶρ.
466 2606 579 2635 Actum
593 2607 637 2633 est
651 2603 820 2642 siquidem.-
842 2605 877 2632 tn
903 2601 1007 2631 Bent.
1025 2599 1065 2630 Z.
1084 2599 1292 2639 Delpl1.—52
1317 2598 1480 2628 Inveniam
1510 2598 1600 2629 hodie

140 2657 249 2687 parem
261 2647 314 2678 ubi
328 2647 380 2687 pol
393 2645 452 2685 ref.
465 2646 618 2686 gratiam]
642 2645 681 2676 In
695 2646 793 2676 Bem.
810 2649 844 2674 et
861 2643 1014 2674 omnibus
1038 2641 1109 2672 fere
1134 2642 1156 2672 Ι.
1179 2651 1202 2672 ε.
1232 2640 1328 2681 ‘pol'
1355 2645 1436 2671 ante
1459 2639 1600 2671 ‘hodie’

143 2690 348 2721 collocatum
365 2693 417 2720 est
432 2699 440 2720 :
465 2699 532 2730 qua
547 2689 772 2719 collocatione
787 2686 991 2724 trochaicus,
1006 2684 1132 2723 alioqui
1149 2683 1357 2721 claudicanS,
1374 2687 1597 2714 sustentatur.

143 2732 203 2763 Fa.
250 2731 370 2764 Nostri
384 2741 518 2773 quoque
534 2740 650 2762 omnes
664 2732 715 2771 pol
730 2731 829 2762 hodie.
853 2730 1042 2759 Bent.—-53
1066 2727 1134 2758 ΜΞ.
1153 2727 1244 2767 Lips.
1270 2729 1305 2756 et
1328 2726 1401 2757 ΕΡ.
1418 2725 1599 2763 faciendum

144 2776 261 2807 suades.
308 2774 407 2807 Idem
433 2775 563 2807 Pareus
588 2773 672 2806 citat
698 2783 740 2805 ex
765 2771 895 2803 duobus
923 2771 1011 2802 Pall.
1040 2774 1084 2802 et·
1101 2769 1213 2801 Paris.
1241 2769 1337 2800 West.
1386 2768 1499 2800 Censes
1512 2774 1598 2800 vett.
