1976 3296
338 202 366 241 8
933 215 1204 246 PRAEFA'rio.

340 309 458 359 mihi,
486 309 591 350 licet
623 312 770 350 cetera
798 309 1073 363 elegantioris
1105 311 1361 362 literaturae,
1395 315 1566 356 videtur
1589 314 1796 368 Criticus,

342 389 473 430 quam
496 390 576 430 par
597 382 681 428 est,
702 383 747 419 et
766 377 871 430 plus
889 390 1019 431 aequo
1038 391 1241 419 morosus
1259 378 1556 433 Aristarchus,
1576 382 1799 437 planeque

342 444 670 494 immisericors,
693 444 844 486 delens
866 449 997 498 atque
1018 459 1276 499 expungens
1306 459 1392 488 non
1417 449 1512 502 jam
1544 463 1682 492 voces
1702 463 1799 493 ver-

344 525 513 566 susque
535 512 745 565 singulos,
774 513 851 553 sed
878 513 1070 566 integras
1107 514 1278 555 Scenas
1314 516 1376 557 ita
1397 519 1554 558 notans
1577 519 1724 568 obelo,
1757 521 1800 560 et

345 579 592 621 decussatis
609 580 756 630 lineis,
773 581 815 620 in
832 581 924 631 illo,
940 594 1027 634 quo
1043 595 1153 623 usus
1172 596 1285 633 sum,
1309 584 1475 625 Codice
1494 587 1801 640 perstringam,

344 648 413 688 uti
450 647 494 688 in
537 646 741 688 Editione
784 647 1064 690 Boecleriana
1094 654 1338 692 transverso
1368 652 1600 695 illinendas
1626 656 1801 697 calamo

347 718 510 756 censet.
573 715 803 756 Boeclerus
828 728 932 756 vero
955 729 1054 757 cuni
1075 718 1295 770 praeelara
1317 719 1459 761 multa
1479 720 1626 771 habet,
1646 727 1736 763 tum
1757 722 1802 762 in

349 781 537 823 artificio
561 781 745 823 Comico
775 783 1084 837 investigando
1117 789 1164 825 et
1186 786 1426 838 aperiendo
1448 792 1608 841 regnat.
1669 788 1803 840 Quod

350 849 405 890 de
428 849 604 902 Guyeto
634 850 743 900 dixi,
764 850 803 891 is
826 852 882 891 ob
908 852 1089 892 nimiam
1107 852 1331 895 licentiam
1353 855 1509 896 merito
1538 856 1594 896 ab
1621 855 1806 908 Elegan-

349 916 525 957 tissima
547 916 740 957 Daceria
758 918 956 971 vapulat,
978 918 1034 958 ad
1052 918 1232 962 Phorm.
1264 932 1306 960 v,
1337 921 1379 962 ’7.
1408 921 1477 963 29.
1538 921 1686 975 Digna
1705 927 1807 963 sunt

353 983 646 1025 Doctissimae
668 983 809 1025 Annae
836 987 971 1026 verba
1002 999 1103 1040 quae
1137 992 1549 1030 commemorentur.
1609 989 1680 1030 Ita
1701 989 1806 1030 illa:

354 1053 365 1070 ‘
383 1049 468 1090 Ces
485 1050 595 1091 trois
618 1051 836 1093 dernieres
855 1052 1019 1093 Scenes
1038 1056 1365 1108 sontpeut-etre
1385 1057 1451 1097 les
1472 1057 1571 1110 plus
1593 1057 1732 1098 belles
1753 1056 1808 1098 de

354 1120 447 1158 tout
463 1118 504 1158 le
528 1118 782 1159 Phormion.
843 1118 1101 1173 Cependant
1123 1121 1186 1161 M.
1209 1121 1361 1175 Guyet
1380 1123 1472 1164 leur
1488 1136 1516 1165 a
1532 1123 1710 1164 declar&
1723 1136 1809 1164 une

356 1187 393 1226 si
427 1185 585 1226 cruclle
616 1199 781 1239 guerre,
813 1186 919 1240 qu’il
954 1187 1018 1227 les
1040 1188 1264 1230 retranchc
1286 1195 1380 1230 tout
1411 1190 1511 1231 d'un
1542 1203 1670 1244 coup,
1702 1203 1809 1232 sans

352 1253 461 1293 faire
484 1253 677 1305 quartier
699 1252 726 1294 a
747 1267 806 1294 un
828 1252 923 1294 seul
956 1267 1064 1294 vers.
1126 1254 1195 1295 On
1228 1269 1283 1296 ne
1312 1261 1417 1309 peut
1451 1257 1723 1311 s'empecher
1756 1258 1810 1299 de

357 1321 464 1370 dire,
498 1334 583 1373 que
611 1320 720 1361 c’est
744 1320 789 1361 la
823 1335 880 1361 un
914 1320 1078 1374 degofit
1112 1322 1213 1362 d’un
1244 1324 1419 1365 homme
1440 1325 1630 1376 malade,
1653 1326 1810 1379 plutdt,

357 1401 442 1442 que
464 1388 559 1428 d'un
583 1387 1026 1441 Critiquejudicieux
1049 1393 1090 1430 et
1107 1390 1299 1432 delicat!

417 1455 552 1505 Quod
577 1456 619 1495 in
644 1455 1040 1497 Observationibus
1062 1459 1256 1499 maxime
1278 1459 1333 1500 ad
1357 1459 1583 1501 Donatum
1607 1460 1813 1514 frequens

358 1524 484 1564 vides
506 1522 748 1563 Abrahami
766 1523 991 1576 Wielingii
1011 1536 1185 1574 nomen,
1206 1525 1338 1579 hujus
1352 1526 1459 1566 mihi
1477 1526 1814 1570 Consultissimi

360 1590 724 1643 Amicissimique
743 1589 842 1630 Viri
865 1591 909 1630 in
934 1591 1111 1632 Donato
1147 1594 1372 1634 sexcentis
1404 1595 1576 1639 mendis
1609 1596 1756 1636 obsito
1790 1608 1814 1636 e

362 1659 610 1712 conjectura
630 1658 903 1699 restituendo
923 1659 1110 1711 insignis
1128 1672 1263 1713 opera
1275 1661 1370 1702 fuit.
1421 1661 1604 1703 Scilicet
1621 1675 1720 1703 cum
1738 1663 1816 1703 ali-

363 1725 544 1780 quando
563 1726 619 1766 ad
634 1724 972 1779 Amplissimum
986 1725 1159 1777 Virum,
1191 1728 1440 1769 Samuelem
1471 1729 1694 1780 Hulsium,
1720 1730 1817 1772 Ha-

363 1806 491 1845 ganae
511 1792 716 1834 Civitatis
739 1793 1037 1844 Consularem,
1060 1795 1309 1848 praedivitis
1330 1802 1373 1837 et
1394 1810 1499 1838 sane
1519 1809 1628 1838 rarae
1650 1797 1818 1839 Biblio-

363 1860 505 1901 thecae
527 1872 835 1914 possessorem
855 1862 1101 1912 inviserem,
1121 1876 1424 1918 rogaremque,
1438 1866 1515 1914 uti,
1530 1866 1568 1905 si
1585 1878 1685 1918 quae
1706 1878 1819 1919 prae-

366 1927 482 1969 sidia
502 1929 610 1969 meis
631 1930 789 1970 usibus
819 1933 924 1983 apta
943 1930 1135 1981 haberet,
1175 1945 1230 1973 ea
1263 1932 1368 1972 mihi
1399 1946 1454 1973 ne
1487 1946 1643 1986 n‘gare
1676 1933 1820 1984 vellet,

368 1998 528 2035 Μουσῶν
568 1993 698 2050 θυρίδες
734 1993 896 2047 ἄφθονοι,
945 1999 1179 2051 respondit
1215 1999 1298 2040 Vir
1340 1999 1720 2051 Humanis-simus,
1756 2002 1822 2042 lu·

368 2063 640 2104 strandorum
661 2063 891 2104 Librorum
907 2065 1083 2117 copiam
1105 2066 1228 2116 facit,
1239 2080 1433 2120 moxque
1449 2067 1711 2120 Catalogum
1726 2082 1823 2123 per-

369 2142 554 2171 censens
581 2132 977 2184 praestantissimas
1010 2134 1225 2186 quasdam
1257 2134 1481 2177 Editiones
1500 2135 1609 2175 mihi
1632 2137 1822 2190 seponit.

369 2197 465 2250 Ego
497 2199 661 2240 interea
681 2199 844 2253 cupide
865 2200 1010 2240 omnia
1029 2201 1388 2255 circumspiciens
1421 2202 1556 2243 incidi
1586 2202 1631 2243 in
1659 2203 1826 2246 Donati

372 2267 584 2308 Codicem
606 2266 694 2307 Ms.
717 2267 940 2320 quantivis
961 2269 1106 2321 pretii.
1159 2269 1215 2310 Et
1233 2269 1363 2324 hujus
1380 2270 1486 2311 mihi
1508 2284 1644 2313 usura
1664 2272 1823 2314 eadem

371 2335 634 2377 liberalitate
654 2334 785 2384 facta,
819 2338 880 2384 ut,
918 2336 957 2376 si
993 2349 1121 2389 quam
1151 2335 1250 2377 inde
1270 2338 1407 2378 veteri
1441 2337 1671 2392 Interpreti
1691 2352 1824 2392 opem

372 2402 481 2442 serre
501 2415 688 2455 possem,
721 2403 765 2442 id
798 2402 1000 2443 facerem.
1064 2404 1134 2445 Ibi
1157 2408 1248 2445 tum
1270 2404 1605 2446 Eruditissimus
1637 2406 1826 2448 Wielin-

375 2470 486 2521 gius,
509 2470 684 2522 cognito
707 2483 804 2511 meo
828 2471 1030 2522 consilio,
1061 2485 1352 2525 quaecumque
1384 2473 1469 2513 sibi
1504 2473 1560 2513 ad
1597 2473 1824 2515 Donatum

377 2538 615 2578 observata
636 2541 799 2587 essent,
819 2538 936 2579 ultro
966 2539 1071 2580 mihi
1092 2540 1268 2580 obtulit.
1326 2539 1434 2580 Inde
1461 2540 1590 2593 igitur
1606 2553 1693 2582 non
1722 2554 1827 2582 con-

376 2604 609 2645 temnenda
631 2604 1028 2647 Observationibus
1050 2608 1211 2648 nostris
1241 2607 1439 2648 accessio
1460 2610 1529 2648 est
1547 2607 1679 2650 facta,
1740 2608 1828 2649 Sed

380 2674 423 2711 et
444 2671 626 2712 alterum
643 2671 841 2725 ejusdem
865 2673 1028 2714 Donati
1051 2675 1230 2714 Librum
1252 2678 1408 2715 nactus
1429 2687 1542 2723 sum,-
1565 2674 1714 2715 itidem
1737 2688 1828 2716 ma·

381 2750 438 2778 nu
462 2744 708 2789 exaratum,
724 2739 922 2792 junctum
946 2740 1102 2784 Codici
1123 2743 1186 2783 illi
1213 2741 1297 2782 Ms.
1313 2740 1687 2792 Boendermakeri,
1701 2755 1829 2796 quem
