1903 3306
537 208 744 239 ANDRIAE
779 210 889 240 Ae'r.
917 211 966 239 ιι.
1001 210 1067 242 se.
1094 213 1138 243 v.
1480 210 1561 251 :321

117 301 210 341 DA.
241 300 399 341 Probe.
459 300 528 341 Si.
564 301 712 343 Hodie
731 316 915 345 uxorem
937 305 1090 356 ducas,
1112 312 1159 349 ut
1178 309 1288 361 dixi,
1308 312 1420 353 volo.

116 367 205 408 BY.
242 367 369 408 Nunc
388 374 546 411 nostrae
566 371 697 411 timeo
718 373 845 424 parti,
867 374 970 426 quid
992 374 1063 415 hic
1085 377 1358 429 respondeat.

115 434 202 475 ΡΑ.
234 434 395 488 Neque
419 435 540 506 QG,
572 450 710 490 neque
730 439 839 487 alibi
862 440 940 480 tibi
961 454 1149 495 usquam
1170 444 1251 484 erit
1269 446 1311 485 in
1333 459 1402 486 me
1425 460 1561 490 mora.

285 503 374 543 ΒΥ.
406 503 539 544 Hem.

114 569 205 610 DA.
238 568 485 612 Obmutuit.
529 572 619 612 ΒΥ.
643 572 764 623 Quid
785 573 922 615 dixit!
955 575 1022 615 Si.
1050 575 1177 618 Facis
1199 582 1246 619 ut
1268 582 1310 620 te
1332 579 1476 631 decet,
1508 583 1562 622 10

112 636 223 679 Cum
244 639 373 688 istuc,
395 639 514 692 quod
537 641 727 693 postuIO,
748 641 931 693 impetro
953 656 1052 688 eum
1073 646 1226 697 gratia.

115 705 205 746 DA.
237 706 344 747 Sum
364 708 527 748 verus‘l
589 708 680 748 ΒΥ.
713 708 874 759 Herus,
913 718 1124 764 quantum
1144 713 1297 763 audio,
1324 727 1464 757 uxore
1487 730 1562 758 ex-

283 773 403 815 cidit.

111 840 177 881 Sr.
210 840 233 880 I
252 853 367 896 nunc
380 840 477 899 jam
496 842 635 898 inssro:
667 855 721 884 ne
741 843 784 883 in
806 857 946 894 mora,
968 858 1068 887 cum
1091 860 1206 900 opus
1230 850 1301 900 sit,
1325 851 1428 894 sies.

111 907 197 948 ΡΑ.
229 908 308 949 Eo.
369 897 460 948 BY]
493 908 698 965 Nullane
711 910 757 951 in
779 924 824 952 re
845 924 940 952 esse
962 913 1131 954 homini
1153 916 1357 970 cuiquam
1380 919 1530 960 fidem!

109 974 272 1016 Verum
294 975 402 1016 illud
423 977 599 1018 verbum
618 981 698 1027 est,
721 978 854 1030 vulgo
877 979 995 1032 quod
1019 981 1106 1022 dici
1128 984 1257 1033 solet,
1506 988 1561 1027 15

46 1045 49 1047 ’
111 1040 276 1082 Omnes
298 1042 384 1083 sibi
405 1044 534 1085 malle
555 1045 711 1085 melius
732 1058 844 1096 esse,
866 1060 997 1099 quam
1020 1049 1156 1090 alteri.

107 1174 205 1205 illum.
238 1173 305 1205 ΡΑ.
331 1174 415 1206 Hem
436 1180 536 1217 paler.
596 1176 667 1208 DA.
692 1177 795 1209 Probe
818 1179 1017 1218 respondisti.
1071 1180 1121 1212 Sr.
1152 1181 1224 1213 Volo
1252 1187 1287 1214 ut
1314 1186 1407 1215 ducas
1434 1196 1562 1218 uxorem

105 1216 207 1256 hodie,
221 1221 254 1248 ut
267 1217 329 1248 tibi
343 1218 423 1250 dixi.
467 1220 536 1250 ΒΥ.
565 1219 632 1259 Ego
648 1230 728 1251 nunc
744 1225 844 1252 metuo
860 1222 943 1252 nobis
955 1233 966 1258 ,·
988 1223 1129 1255 solicitus
1145 1225 1220 1264 quid
1243 1227 1424 1266 Pamphilus
1439 1238 1563 1270 respon-

107 1261 179 1300 deat
190 1261 286 1299 putri.
321 1260 386 1292 ΡΑ.
410 1262 517 1302 Neque
532 1262 564 1293 in
579 1263 641 1293 ista
653 1273 698 1301 re,
712 1273 807 1303 neque
823 1265 855 1294 in
870 1265 933 1295 ulla
947 1265 1010 1296 alia
1025 1276 1076 1296 ero
1091 1277 1224 1307 unquam
1239 1270 1270 1299 ln
1287 1280 1383 1309 muru,
1400 1273 1562 1311 quominus

106 1301 246 1343 eafiant,
262 1313 328 1343 quae
343 1303 485 1335 volueris.
531 1305 599 1336 ΒΥ.
624 1305 719 1337 Hem.
766 1307 836 1338 DA.
860 1309 912 1338 Ad
925 1308 980 1338 hoc
993 1318 1167 1350 responsum
1186 1311 1356 1351 Pamphili,
1368 1317 1460 1353 puter
1475 1315 1561 1346 Simo

108 1344 270 1376 ommutuit.
314 1346 385 1378 ΒΥ.
412 1346 497 1382 Quid
511 1347 596 1378 dixit
613 1348 796 1388 Pamphilus
812 1352 825 1379 ?
869 1350 919 1382 Sl.
946 1351 1039 1381 Facis
1065 1356 1097 1382 ut
1115 1356 1144 1383 te
1167 1355 1263 1394 decet,
1286 1365 1353 1385 cum
1369 1357 1467 1396 istud,
1482 1361 1562 1398 quod

103 1389 236 1427 postulo,
251 1388 379 1428 impetro
400 1399 419 1420 α
443 1392 552 1421 tetam
565 1393 659 1429 grate
680 1394 710 1421 et
726 1391 909 1431 obsequiose.
959 1394 1026 1424 DA.
1055 1395 1168 1426 Nonne
1189 1406 1257 1426 sum
1272 1397 1447 1430 vcrizlicus?
1492 1402 1563 1433 ΒΥ.

107 1429 228 1470 Herus,
243 1435 391 1470 quantum
406 1442 446 1463 ex
465 1432 566 1463 verbis
582 1433 741 1473 Pamphili
756 1434 908 1474 intelligo,
931 1437 1038 1467 uxoris
1060 1447 1112 1477 spe
1127 1438 1262 1477 dejectus
1287 1444 1343 1471 est.
1389 1442 1440 1473 St.
1465 1443 1561 1482 Ijam

106 1482 187 1504 nunc
201 1473 297 1513 intro,
311 1478 346 1505 ut
367 1475 451 1505 nulla
465 1485 551 1506 mora
562 1485 619 1515 per
633 1479 664 1506 te
669 1475 747 1516 fiat,
769 1478 889 1515 quando
904 1487 978 1517 opus
993 1479 1065 1510 erit.
1110 1480 1176 1512 ΡΑ.
1203 1483 1262 1513 Eo.
1308 1484 1377 1514 ΒΥ.
1401 1485 1492 1516 Itane
1513 1491 1559 1517 εει

107 1516 240 1547 utnulla
263 1516 295 1548 iu
319 1527 354 1548 re
378 1517 493 1548 homini
517 1518 659 1558 cuiquam
673 1519 716 1549 sit
732 1517 843 1560 fides?
883 1520 996 1552 Verum
1026 1525 1070 1553 est
1099 1523 1177 1554 illud
1201 1525 1418 1565 proverbium:
1446 1529 1560 1560 Omnes

715 1638 950 1651 §rectove-toea

594 1664 613 1677 Π

108 1721 300 1762 verborum,
330 1727 445 1755 nostroe
468 1725 560 1756 timeo
585 1726 683 1766 parti,
709 1726 798 1758 idem
829 1727 998 1767 reperitur
1026 1728 1057 1758 in
1082 1729 1236 1759 omnibus
1253 1729 1353 1762 codd.
1372 1732 1506 1770 Fae'rni,
1524 1738 1560 1765 et

106 1765 188 1795 meis
212 1766 391 1807 plerisque.
411 1767 508 1799 Bent.
539 1768 594 1799 Sc.
623 1774 726 1799 antea
755 1769 868 1800 fuerat
896 1771 1062 1810 scriptum
1082 1775 1158 1802 nost.
1181 1782 1211 1811 p.
1231 1776 1318 1804 t.—9
1343 1774 1472 1806 Omnes
1486 1775 1558 1806 fere

106 1808 210 1839 nostri
231 1809 405 1840 rotundius
430 1814 466 1841 et
490 1816 599 1841 metro
622 1812 881 1843 convenientius
898 1813 1029 1851 legunt,
1047 1814 1106 1844 tibi
1120 1815 1180 1845 erit
1197 1825 1333 1855 usquam.
1363 1817 1464 1850 Beni.
1501 1820 1557 1850 Sic

106 1849 165 1882 Br.
183 1855 218 1882 et
234 1851 335 1882 Both.
358 1852 432 1892 Usq.
447 1853 506 1883 tihi
521 1855 581 1884 erit
607 1853 732 1885 Z.—10
751 1855 835 1890 Quia
847 1856 957 1887 dixit!
987 1857 1098 1896 Vulgo
1120 1867 1195 1887 cum
1215 1859 1444 1899 interrogandi
1463 1862 1557 1902 signo

105 1893 228 1924 editur.
272 1894 338 1925 Sed
354 1895 576 1936 interrogatio
591 1897 682 1927 nulla
694 1903 756 1928 est.
801 1899 889 1929 Sunt
901 1899 1004 1929 verba
1021 1900 1231 1930 admirantis·
1278 1901 1375 1932 Idem
1396 1903 1557 1945 Antesig-

105 1944 210 1966 nanus
224 1936 345 1967 edidit.
373 1937 468 1969 West.
513 1939 581 1969 Sed
597 1940 903 1980 interrogationem
920 1942 1000 1972 dant
1019 1943 1078 1972 ΒΓ.
1091 1943 1131 1972 Ζ.
1151 1944 1248 1973 ssent.
1264 1944 1364 1975 Both.
1381 1946 1473 1977 Peri.
1499 1949 1556 1988 qui

104 1982 225 2009 notat:
249 1980 258 1996 ‘
275 1979 463 2012 Ommutuit.
480 1981 536 2012 Sic
552 1982 670 2022 script.
685 1983 787 2014 Bent.
806 1984 887 2015 Par.
906 1984 1111 2016 merel—12
1137 1985 1282 2017 Quidam
1300 1988 1384 2019 Mss.
1408 1990 1446 2019 ab
1462 2000 1557 2021 uxore

104 2021 234 2052 excidit.
280 2021 361 2060 Alii,
383 2023 511 2054 decidit.
534 2025 803 2057 Westerhovins.
828 2027 870 2057 G.
893 2027 963 2058 EA.
979 2028 1051 2058 ET.
1069 2028 1149 2058 EM.
1167 2029 1204 2058 ub
1220 2039 1327 2061 uxore.
1351 2030 1448 2063 Id.in
1467 2033 1556 2064 Add.

105 2063 184 2094 Non
201 2065 356 2104 agnoscit
372 2065 430 2096 ΒΓ.
447 2067 746 2107 interrogationem
765 2073 842 2108 post
863 2070 872 2086 ‘
887 2070 1099 2101 verus.’—-—l4
1116 2070 1197 2102 Mss.
1211 2072 1266 2102 alii
1283 2082 1345 2102 esse
1361 2075 1442 2114 cuiq.
1461 2076 1557 2105 homi-

102 2114 176 2136 num
187 2106 301 2147 fidem.
318 2107 586 2140 westan-hovius.
603 2109 649 2140 G.
664 2110 755 2149 [Bm]
771 2115 805 2141 et
821 2110 894 2143 EA.
922 2113 1089 2143 Nullamne
1101 2113 1134 2144 in
1150 2123 1183 2144 re
1199 2124 1261 2145 esse
1275 2115 1391 2147 laomim*
1407 2118 1557 2159 cuiq.fi‹l.

104 2148 185 2179 EM.
211 2149 380 2182 Nullamne
394 2149 428 2181 in
444 2160 478 2182 re
493 2151 574 2191 cuiq.
597 2151 712 2183 homini
725 2153 789 2193 fid.
815 2153 867 2184 Id.
884 2154 915 2184 in
934 2154 1025 2185 Add.
1057 2156 1201 2187 Veteres
1218 2158 1375 2197 quaedam
1393 2160 1471 2191 edd.
1489 2162 1554 2191 cui—

101 2201 192 2231 quam
219 2191 395 2224 hominum.-
421 2194 499 2225 Pet.
515 2194 624 2234 cuique
639 2195 767 2234 homini,
783 2196 875 2237 quod
892 2198 1010 2228 melius
1029 2202 1093 2236 est,
1112 2208 1152 2229 ne
1169 2200 1258 2230 ictus
1273 2200 1305 2231 in
1324 2203 1478 2234 ultimam
1500 2205 1556 2234 τοῦ

102 2233 219 2265 homini
234 2243 413 2275 perperam
427 2235 566 2267 incidat.
583 2238 678 2268 Beut.
696 2238 809 2278 Vulgo
824 2239 959 2271 Nullane
975 2241 1008 2271 in
1022 2251 1054 2271 re
1070 2251 1133 2272 esse
1149 2242 1264 2273 homini
1279 2244 1399 2285 cuiq.f.
1416 2256 1553 2285 prorsus

100 2275 315 2308 inconcinne.
332 2278 434 2309 Bent.
446 2279 502 2319 [et
519 2279 629 2319 PerL]
648 2280 691 2311 N.
702 2280 734 2311 in
750 2292 783 2312 re
793 2291 856 2312 esse
866 2283 946 2322 cuiq.
964 2283 1035 2321 h.f.
1063 2285 1151 2315 Vide
1164 2295 1205 2315 au
1219 2286 1325 2325 magis
1339 2288 1555 2327 profecerim.

103 2318 200 2350 Both.
223 2319 278 2360 qui
292 2320 350 2351 dat
367 2321 413 2351 N.
424 2321 457 2352 in
472 2331 506 2352 re
516 2323 597 2362 culp.
612 2332 675 2353 esse
690 2324 844 2361 hominis.
891 2326 1011 2356 Monet
1037 2326 1130 2358 Pei-l.
1149 2337 1222 2358 esse
1238 2329 1404 2361 Nullamne
1421 2332 1453 2361 in
1471 2332 1552 2363 Par.

102 2360 186 2391 Mss.
203 2367 239 2392 et
251 2363 412 2403 quoiquam
428 2365 461 2394 in
480 2364 645 2396 Pan-15
663 2366 729 2396 Gn.
748 2370 779 2398 2.
795 2367 977 2399 istum—16
991 2369 1153 2410 Plerique
1172 2370 1246 2401 libri
1264 2381 1339 2402 cum
1353 2373 1452 2404 editi.
1467 2375 1552 2413 pris-

100 2403 150 2434 cis
162 2403 215 2445 [et
230 2404 278 2436 sic
294 2406 395 2437 Both.
408 2411 441 2438 et
453 2407 563 2447 Perl.]
579 2409 746 2440 collocant
760 2419 906 2441 versum:
928 2412 967 2441 Ο.
983 2412 1044 2441 sibi
1057 2422 1119 2442 esse
1132 2413 1240 2443 melius
1255 2416 1343 2446 malle
1357 2416 1385 2455 iq.
1400 2427 1429 2446 a.
1457 2418 1499 2448 V.
1518 2424 1554 2449 et

100 2446 178 2477 Bas.
195 2446 243 2477 ita
259 2458 267 2478 :
295 2448 335 2478 0.
350 2449 410 2479 sibi
424 2450 514 2480 malle
523 2451 631 2481 melius
646 2461 720 2488 esse,
734 2454 787 2491 ᾅτ.
833 2454 905 2493 Ego
925 2464 1049 2494 repono
1066 2456 1246 2486 sententia>
1272 2459 1395 2499 gratia,
1424 2461 1465 2490 0.
1490 2461 1552 2491 sibi

102 2497 165 2520 esse
179 2489 253 2521 bene
267 2491 406 2532 mat-aue,
419 2501 448 2531 q.
460 2501 489 2523 a.
512 2493 614 2525 Bent.
640 2495 791 2526 Damnat
808 2496 901 2528 Peri.
927 2497 1197 2529 emendationem
1216 2500 1550 2535 Bentleianam.—-17

754 2594 894 2626 NOTAE

141 2656 162 2684 9
185 2653 284 2694 Hem]
315 2655 519 2696 Interjectio
544 2661 599 2688 est
621 2657 795 2698 indignan-
895 2662 934 2690 10
960 2661 1045 2696 Quid
1060 2661 1158 2702 dia-it]
1184 2662 1412 2704 Interrogatio
1430 2669 1481 2706 est
1499 2666 1547 2696 in-

98 2703 143 2733 tis
157 2703 325 2744 Byrrhiae,
341 2707 397 2746 qui
411 2716 526 2738 secum
542 2708 605 2739 hoc
623 2712 730 2740 totum
749 2710 793 2740 Ιο-
850 2708 1018 2750 dignantis
1034 2722 1042 2749 ;
1066 2716 1099 2743 et
1116 2712 1261 2753 Byrrliia
1284 2723 1398 2745 secum
1418 2716 1480 2747 hoc
1498 2720 1546 2747 to-

98 2753 222 2794 quitur.
849 2765 919 2792 tum
937 2762 1094 2804 loquitur.

181 2808 295 2848 Delph.
314 2812 343 2840 et
358 2809 432 2842 Var.
448 2811 532 2842 Clas.
765 2813 886 2845 Terent.
1428 2821 1460 2851 X
