1903 3306
260 197 346 237 470
760 207 802 238 P.
834 207 1079 237 TERENTu
1112 207 1228 237 Arm

263 300 376 341 Mihi
398 303 680 350 ostentatam,
712 305 892 352 tantam,
922 305 1012 343 tam
1042 302 1236 352 brevem,
1268 305 1358 342 tam
1390 304 1605 355 optatam,
1635 304 1723 344 tam

433 369 719 422 insperatam,

262 435 551 478 Amitterem‘e
576 441 665 477 tum
688 436 765 491 pol
785 449 867 490 ego
890 437 929 477 is
949 448 1091 478 essem
1112 448 1227 486 vere,
1248 436 1323 490 qui
1345 437 1602 480 simulabat.

261 502 356 546 AN.
388 504 504 545 Sane
543 504 689 546 hercle
719 507 767 546 ut
797 504 933 547 dicis:
965 505 1044 546 sed
1076 505 1249 546 interim
1280 504 1335 545 de
1370 506 1583 560 symbolis
1613 504 1721 560 quid

433 576 580 613 actum
601 576 668 614 est
682 574 701 612 ‘l

261 639 350 681 CH.
394 639 606 680 Paratum
646 643 728 681 est.
790 639 885 681 AN.
917 640 1051 693 Frugi
1091 653 1152 681 es.
1214 639 1335 681 Ubi?
1372 639 1568 681 domin'?
1631 638 1719 681 CH.

432 707 573 749 Immo
595 708 716 761 apud
737 707 942 749 libertum
964 708 1168 749 Discum.
1663 707 1721 748 60

260 774 355 817 AN.
389 775 606 830 Perlonge
626 776 702 818 'stt
734 776 813 818 sed
835 780 955 818 tanto
976 789 1116 830 ocyus
1136 789 1450 831 properemus:
1485 780 1604 816 muta
1618 788 1720 817 ves-

431 849 535 886 tem.

258 966 290 994 et
303 965 504 1006 propositam,
529 968 592 996 tam
615 965 757 996 celeriter
770 965 961 1005 fugientem,
985 968 1048 996 tam
1074 963 1293 1003 desideratam,
1311 967 1376 995 tam
1392 963 1425 994 in
1440 966 1632 1004 expectatam
1645 966 1726 998 elabi

257 1007 410 1039 sinerem?
436 1009 512 1039 Tum
525 1019 581 1049 per
600 1008 755 1039 Pollucem
769 1009 845 1039 talis
859 1019 915 1048 ego
926 1018 997 1039 vere
1003 1008 1150 1046 fuissem,
1163 1007 1263 1048 qualis
1278 1011 1323 1038 est
1345 1007 1520 1045 Eunuchus,
1533 1016 1620 1047 quem
1630 1008 1724 1040 simu.-

258 1050 369 1082 hzbam.
416 1050 486 1082 AN.
513 1053 607 1082 Certe
619 1062 675 1092 per
691 1051 860 1082 Herculem
875 1053 920 1082 ita
936 1055 996 1090 est,
1011 1054 1045 1082 ut
1062 1051 1158 1081 dicis:
1190 1051 1244 1081 sed
1259 1050 1382 1081 interea
1396 1051 1433 1080 de
1447 1050 1602 1090 symbolis,
1615 1051 1725 1091 quibus

257 1094 439 1133 colligendis
459 1095 626 1135 praefectus
649 1104 693 1133 es,
716 1095 790 1135 qaid
815 1095 932 1135 egisti?
953 1125 956 1126 γ
977 1094 1047 1126 CH.
1073 1094 1193 1124 Parata
1217 1096 1263 1124 est
1278 1103 1373 1124 coena.
1421 1092 1491 1123 AN.
1516 1093 1678 1134 Officiosus
1692 1098 1725 1125 et

259 1134 503 1176 boncefwgies.
544 1137 628 1170 Ubi?
660 1138 803 1168 domine?
849 1138 917 1169 Cn.
941 1137 1040 1168 Immo
1054 1137 1137 1176 apud
1158 1136 1303 1167 libertum
1328 1135 1470 1167 Discum.
1515 1135 1586 1166 ΑΝ.
1613 1136 1726 1168 Procul

262 1178 334 1210 Mne
349 1180 459 1212 distat.
505 1180 574 1213 CH.
598 1181 662 1212 Sed
676 1183 764 1212 tanto
780 1181 881 1220 magis
896 1182 1010 1212 idcirco
1025 1181 1235 1211 acceleremus.
1280 1178 1350 1210 AN.
1374 1179 1468 1209 Muta
1482 1182 1608 1210 vestem.
1653 1180 1724 1213 Cn.

881 1264 1119 1287 ‘mn‘

262 1352 374 1380 natur.
405 1349 506 1381 lVest.
555 1349 640 1385 Quid
655 1353 723 1381 tum
740 1347 850 1388 fatue]
874 1346 1017 1389 Antiqui
1035 1346 1112 1378 libri
1137 1345 1187 1378 bis
1199 1345 1327 1377 habent
1340 1346 1438 1387 qma,-
1463 1355 1538 1387 quae
1553 1346 1725 1386 particula

261 1394 433 1433 geminata
450 1394 644 1423 necessaria
655 1399 688 1423 et
706 1393 816 1423 versui
832 1391 968 1422 videtur
982 1395 1016 1421 et
1029 1390 1156 1421 sensui.
1204 1390 1296 1430 Lege
1313 1399 1392 1429 ergo
1404 1389 1469 1420 hoc
1482 1390 1602 1421 modo:
1630 1389 1725 1430 Quid,

259 1437 333 1476 qaid
357 1439 445 1466 tam?
460 1436 565 1474 fatue.
591 1436 646 1467 Fa.
694 1436 738 1466 Et
763 1435 868 1465 nostri
895 1434 1048 1474 plerique
1076 1442 1203 1472 omnes,
1223 1433 1321 1468 Quid,
1336 1433 1410 1472 qaid
1432 1431 1522 1465 tum?
1545 1432 1603 1463 sed
1620 1433 1724 1464 corri-

259 1479 423 1519 gendum,
444 1477 638 1514 Quietum?
661 1479 758 1519 quid?
783 1477 964 1518 Repetitio
993 1477 1056 1506 hoc
1081 1477 1245 1516 postulat.
1269 1476 1368 1506 Bent.
1414 1475 1517 1506 Bent.
1535 1485 1597 1516 pro
1612 1475 1724 1507 lubitu

259 1523 334 1562 qaid
358 1525 422 1552 tum
438 1525 451 1552 ?
485 1522 569 1562 quid.
603 1522 683 1561 Rip.
729 1521 883 1552 Medium
900 1520 974 1560 qnid
990 1520 1086 1550 abest
1114 1520 1154 1558 B,
1170 1519 1248 1550 Hel.
1276 1519 1441 1558 Both.qui
1461 1519 1521 1550 dat
1545 1518 1615 1550 ΑΝ.
1638 1518 1724 1554 Quid

260 1567 346 1596 tum?
382 1565 457 1605 quid
481 1568 571 1596 tam?
610 1565 678 1596 CH.
706 1564 803 1602 Quid,
821 1561 945 1602 satae?
990 1562 1186 1593 Bentleiuni
1212 1563 1368 1602 sequitur
1396 1561 1491 1592 Perl.
1534 1560 1636 1600 Egon'
1661 1571 1724 1602 pro

259 1608 313 1639 An
336 1618 392 1647 ego
409 1608 463 1639 ed.
482 1607 695 1648 Delph.--57
722 1606 869 1646 Tantam]
893 1607 935 1637 In
953 1605 1244 1646 praestantissimis
1261 1604 1339 1635 edd.
1355 1605 1453 1637 Junt.
1481 1604 1531 1635 St.
1549 1603 1725 1643 Frobenii,

260 1651 348 1687 aliis,
364 1652 437 1682 liaec
455 1661 520 1682 vox
536 1652 670 1682 omissa.
718 1651 792 1682 Nec
816 1649 901 1681 adeo
915 1653 1061 1679 metrum
1080 1648 1217 1678 videtur
1240 1647 1435 1682 admittere,
1452 1647 1486 1677 ni
1504 1647 1608 1687 legas,
1621 1651 1724 1678 osten-

259 1699 333 1726 tant.
361 1695 427 1726 Ms.
447 1694 720 1735 LipS.agnoseit.
750 1693 850 1725 lVest.
897 1692 984 1723 Mihi
995 1695 1194 1729 ostentatam,
1210 1694 1274 1722 tam
1285 1689 1422 1730 brevem]
1438 1691 1523 1721 Post
1535 1693 1724 1722 ostentatam

260 1738 415 1768 Donatus
433 1742 468 1768 et
485 1747 600 1768 omnes
617 1737 637 1768 l.
653 1747 678 1768 s.
701 1742 829 1777 praeter
854 1736 952 1767 Bem.
980 1735 1108 1765 babent
1131 1737 1261 1765 tantam.
1307 1735 1433 1764 Versus
1463 1739 1576 1763 autem
1598 1737 1680 1773 stat,
1695 1732 1724 1763 si

258 1781 352 1820 legas
387 1783 552 1821 ostentam,
568 1786 606 1811 ut
629 1784 664 1810 et
692 1780 725 1810 in
752 1779 921 1819 aliquibus
945 1778 1040 1808 libris
1057 1783 1120 1808 est.
1168 1776 1370 1817 Legendum
1387 1785 1469 1815 ergo
1493 1780 1558 1815 est,
1575 1776 1662 1807 Mihi
1675 1786 1725 1807 os-

258 1827 390 1863 tentam,
414 1826 547 1862 tantam,
565 1826 628 1853 tam
656 1822 788 1854 brevem.
814 1823 872 1853 Fa.
916 1821 1044 1852 Melior
1069 1829 1146 1860 pars
1170 1825 1365 1850 nostrorum
1384 1822 1524 1849 tantam:
1547 1828 1624 1858 quae
1645 1827 1724 1850 vera

260 1867 366 1898 lectio
394 1871 459 1898 est.
503 1866 642 1897 Servius
661 1865 702 1896 ad
736 1866 863 1905 Georg.
888 1873 913 1896 1.
940 1866 1014 1895 248.
1061 1866 1071 1881 ‘
1088 1863 1142 1894 Ab
1161 1862 1336 1894 ostendor
1351 1866 1486 1892 veteres
1505 1861 1725 1902 participium

262 1910 443 1949 Ostentus,
461 1919 528 1940 non
546 1909 716 1940 Ostensus
731 1909 903 1940 dicebant.
949 1906 1134 1937 Terentius
1152 1906 1184 1936 in
1204 1906 1289 1936 Eun.
1334 1907 1343 1922 ⁶
1356 1903 1412 1935 An
1431 1914 1494 1943 ego
1511 1905 1724 1936 occasionem

260 1953 347 1985 Mihi
373 1958 581 1984 ostentatam
597 1958 665 1983 tam
691 1951 854 1982 brevem!
876 1950 1043 1982 Similiter
1059 1954 1094 1980 et
1116 1948 1199 1979 illud
1227 1948 1260 1978 in
1289 1948 1426 1978 Phorm.
1443 1947 1494 1987 (v.
1510 1949 1540 1977 4.
1557 1945 1609 1988 7.)
1629 1948 1639 1964 ⁴
1655 1946 1726 1978 Ne-

262 2006 328 2037 que
345 2006 398 2027 me
416 1995 552 2027 domum
568 2005 657 2026 nuuc
674 1995 876 2035 reciperem,
891 1992 955 2024 nisi
973 1993 1017 2023 mi
1034 1998 1126 2023 esset
1143 2001 1221 2032 spes
1241 1995 1413 2022 ostentata
1431 1990 1584 2030 Hujusce
1599 1990 1725 2021 liaben-

261 2038 354 2070 dae.'’
394 2039 450 2070 Sic
467 2038 567 2069 hodie
592 2038 726 2069 fertur:
750 2038 808 2068 sed
823 2047 865 2067 ex
884 2046 920 2067 re
936 2036 1010 2076 ipsa
1028 2040 1172 2076 apparet
1187 2034 1342 2066 Servium
1360 2034 1468 2073 ipsum
1483 2033 1609 2073 legisse
1624 2036 1725 2065 osten·

261 2081 340 2122 tam?
355 2086 391 2112 et
418 2086 549 2113 ostenta.
576 2082 678 2112 Bent.
726 2080 926 2112 Omittimus
944 2078 1029 2109 Mihi
1060 2089 1085 2109 s.
1111 2078 1174 2116 Mi,
1191 2087 1257 2118 quo
1286 2081 1430 2107 metrum
1455 2075 1663 2115 impeditur:
1688 2080 1726 2107 et

262 2124 477 2166 praeferimus
505 2128 669 2159 ostentam,
695 2123 784 2164 quod
804 2129 839 2155 et
862 2124 956 2154 Serv.
973 2121 1122 2152 voluisse
1141 2120 1290 2151 videtur.
1316 2119 1392 2159 Bip.
1439 2120 1601 2149 Ostentum
1623 2119 1726 2151 Beut.

263 2168 366 2199 Both.
392 2168 573 2199 pert—58
601 2167 817 2199 Assimulabar
833 2167 902 2197 Ms.
927 2165 1018 2205 Lips.
1035 2169 1069 2195 et
1097 2164 1170 2194 ΕΡ.
1200 2163 1300 2195 West.
1350 2161 1443 2202 Vere]
1468 2162 1545 2193 Non
1563 2161 1643 2192 mihi
1659 2161 1726 2192 dis·

262 2212 369 2251 plicet
388 2212 460 2242 liaec
475 2211 597 2249 lectio;
623 2221 663 2240 ea
681 2216 792 2240 tamen
810 2209 946 2240 videtur
962 2207 1146 2248 antiquior,
1160 2216 1235 2247 quae
1249 2211 1300 2236 est
1318 2204 1349 2235 in
1363 2205 1460 2236 Bem.
1477 2214 1559 2236 vero.
1605 2203 1725 2246 Aliqui

263 2255 355 2291 libri,
380 2255 433 2294 qui
463 2254 649 2284 similabar:
673 2254 771 2283 Bem.
790 2256 825 2283 et
844 2252 900 2283 Vi.
927 2251 1107 2282 simulabar.
1134 2250 1192 2280 Fa.
1237 2250 1289 2279 Ex
1321 2247 1452 2278 duobus
1474 2247 1541 2277 illis
1570 2247 1724 2278 Fae'rnus

264 2297 373 2328 edidit
396 2298 448 2337 qui
465 2298 644 2328 sintulalsar.
689 2297 785 2327 Unus
811 2299 941 2326 tantum
968 2304 1010 2324 ex
1037 2293 1164 2324 nostris
1191 2291 1238 2322 sic
1267 2291 1372 2321 habet
1391 2300 1399 2320 :
1417 2295 1495 2331 ‚tres
1522 2290 1573 2321 cui
1596 2291 1727 2321 assimu-

263 2341 373 2371 labar:
398 2341 506 2371 ceteri
522 2339 806 2380 quiassimulabar.
853 2338 929 2368 Hoc
941 2337 1068 2377 placet.
1094 2336 1191 2367 Bent.
1243 2335 1322 2365 Vero
1340 2335 1443 2365 Bent.
1462 2333 1554 2364 Perl.
1584 2334 1727 2365 Assimu-

266 2384 354 2414 tabar
377 2384 435 2414 Br.
468 2384 569 2414 Bent.
594 2383 696 2413 Both.
729 2382 907 2413 Fert-61
933 2380 1020 2410 Mss.
1046 2379 1183 2420 quidam
1209 2382 1244 2408 et
1268 2376 1352 2408 editi
1384 2375 1630 2407 vetustissimi:
1657 2375 1726 2407 AN.

267 2426 423 2465 Perlonge
439 2430 494 2457 est.
543 2426 611 2456 CH.
638 2425 700 2455 Sea
720 2428 808 2455 tanto
834 2433 924 2465 ocyus
946 2431 1155 2463 properemus.
1203 2420 1272 2451 AN.
1298 2420 1392 2450 Muta
1416 2422 1537 2450 vestem.
1567 2419 1627 2449 Tr.
1654 2418 1726 2449 ΑΝ.

264 2469 420 2508 Perlonge
430 2472 502 2505 est;
526 2468 596 2499 AN.
621 2470 673 2499 sed
699 2471 788 2498 tanto
803 2477 894 2507 ocyus
909 2469 995 2497 muta
1012 2469 1137 2496 vestem.
1161 2463 1269 2494 west.
1314 2462 1490 2492 Bentleius
1515 2461 1617 2492 verba
1644 2460 1725 2492 ‘sed

269 2517 367 2543 tanto
398 2522 502 2553 ocyus
534 2510 768 2552 properemus'
799 2511 953 2541 Cbaereae
985 2509 1117 2548 tribuit,
1142 2512 1259 2538 cetera
1282 2505 1483 2546 Antiphoni.
1529 2505 1607 2536 Non
1623 2504 1723 2535 male.

925 2604 1068 2637 NOTAE

305 2675 346 2704 60
371 2671 465 2712 Apud
486 2670 632 2702 libertum
654 2671 801 2711 Discum]
823 2669 967 2701 Athenis
1024 2669 1130 2701 servis
1147 2668 1284 2710 quidem
1311 2667 1452 2707 licebat,
1468 2670 1506 2698 ut
1521 2664 1631 2697 refert
1653 2663 1727 2698 Iso-

265 2725 301 2757 iu
327 2732 482 2762 caupona
519 2726 706 2761 pei-potare
732 2720 873 2759 nemini,
902 2720 968 2751 nisi
1023 2723 1152 2752 crates.

265 2772 454 2817 peregrinis
491 2777 527 2804 et
563 2771 632 2803 iter
669 2771 890 2812 facientibus,
926 2780 969 2802 ne
