1903 3306
569 239 633 269 DE
668 237 851 268 inerms
884 237 1096 268 commis.
1480 228 1565 268 217

112 334 305 373 rarissime
340 334 384 372 fit
413 333 517 386 apud
550 333 757 371 Plautum:
787 332 865 370 vid.
889 332 1033 369 Heaut.
1054 344 1085 369 1.
1112 333 1144 368 1.
1168 333 1230 368 20.
1289 329 1408 368 Aliud
1436 337 1565 369 autem

113 398 318 450 septenarii
334 399 552 448 exemplum
570 398 757 434 habemus
778 396 852 433 hac
873 396 957 446 ipsa
976 395 1016 432 in
1037 407 1168 440 scena,
1188 408 1224 432 v.
1252 395 1312 431 16.

153 483 289 515 Mi'rnm
305 489 402 515 ver0-
415 482 675 523 impuzdenter
686 499 697 505 —
711 481 832 511 mulier
845 489 886 512 z
904 480 931 511 si
947 478 1032 510 facit

153 535 344 568 Mere'trix.
391 536 457 567 CH.
481 535 535 566 Ab
550 553 562 560 ·
574 534 753 565 Andria:
765 538 817 564 est
835 533 970 564 an-cill³
985 533 1059 563 haec
1071 540 1134 572 Ξ,
1155 533 1300 572 quantum
1317 530 1498 572 in-telligo.

113 611 168 658 Si,
189 609 388 656 Meretrix,
409 622 485 647 non
507 623 527 648 e
547 609 719 659 margine
752 607 931 645 traducta
958 607 1021 653 sit,
1054 607 1116 645 vel
1136 605 1367 644 collocanda
1385 612 1447 643 est
1465 612 1567 656 post,

111 673 261 719 mulier,
280 679 319 711 et
339 672 394 711 sic
414 674 517 723 prior
536 673 608 711 erit
641 672 900 722 septenarius,
932 678 999 709 aut
1032 671 1210 722 sequenti
1240 669 1474 720 apponenda
1494 676 1568 715 est,

112 743 156 774 ut
189 736 267 783 hic,
301 743 341 774 et
372 743 464 774 tunc
496 736 560 774 ille
595 749 673 773 uno
695 735 793 786 pede
827 735 1044 786 augebitur.
1120 735 1190 772 His
1221 733 1345 771 addas
1377 734 1472 771 Hec.
1497 745 1568 770 111.

112 802 151 837 4.
181 800 242 838 16.
349 800 358 804 “

156 882 258 914 Here‘
271 884 374 916 etiam
387 888 449 916 -tu
466 883 671 916 nunczhic
684 885 800 916 stas-?
845 884 912 916 ΡΑ.
937 880 980 915 Et
997 883 1132 926 quidem
1144 892 1186 916 z
1200 889 1228 916 te
1245 885 1433 925 exspec-to.
1480 881 1572 913 PAR.

197 937 289 970 Quid
308 938 383 981 est?

113 1011 183 1049 sed
202 1012 318 1064 hujus
337 1027 472 1052 versus
509 1013 716 1052 lectionem
750 1013 842 1051 mihi
878 1020 1100 1064 suspectam
1133 1025 1220 1050 esse
1241 1011 1291 1049 ad
1325 1011 1453 1049 locum
1474 1009 1570 1048 dixi.

114 1075 300 1127 Superest
320 1085 362 1116 ut
380 1090 573 1124 moneam,
602 1078 777 1115 versibus
799 1077 1030 1117 tetrametris
1052 1084 1090 1115 et
1110 1076 1306 1122 trimetris,
1326 1080 1466 1126 praeter
1483 1074 1573 1112 cola

112 1138 179 1176 illa
209 1139 258 1177 de
277 1141 417 1191 quibus
450 1141 556 1191 prius
581 1140 674 1186 dixi,
702 1140 894 1178 interdum
915 1141 1120 1178 immisceri
1140 1139 1368 1177 brevissima
1388 1137 1571 1188 quaedam

112 1210 327 1247 commata;
370 1205 485 1242 unius
517 1204 692 1256 syllabae,
725 1211 783 1251 ut,
816 1218 908 1250 non,
931 1206 1033 1243 Eun.
1062 1218 1124 1242 μ’.
1143 1206 1184 1242 4.
1208 1206 1270 1241 32.
1306 1204 1484 1248 duarum,
1514 1208 1570 1248 ut,

114 1266 255 1317 In-jus,
274 1266 432 1305 Phorm.
452 1281 494 1306 v.
517 1270 553 1306 8.
574 1270 640 1306 44.
662 1268 790 1316 trium,
810 1276 866 1315 ut,
899 1269 970 1306 flos
991 1269 1088 1320 ipse,
1117 1269 1182 1320 qui
1202 1275 1263 1306 est
1283 1267 1470 1305 iambicus
1491 1278 1573 1303 mo-

113 1337 287 1369 nometer
311 1332 427 1370 catal.
487 1332 587 1370 Eun.
611 1345 661 1369 11.
685 1333 720 1369 3.
744 1334 808 1370 28.
844 1332 997 1379 Occidi,
1030 1333 1130 1370 Eun.
1154 1345 1204 1370 11.
1229 1334 1265 1369 3.
1294 1333 1326 1368 1.
1349 1337 1400 1377 et,
1435 1329 1572 1375 Dorio,

114 1392 272 1431 Phorm.
296 1407 368 1433 111.
389 1397 427 1433 2.
454 1397 487 1432 1.
508 1396 574 1446 qui
593 1405 686 1436 sunt
706 1396 891 1435 trochaici
913 1396 1143 1434 monometri
1162 1395 1280 1434 catal.
1302 1400 1481 1445 quatuor,
1502 1406 1571 1430 seu

113 1471 202 1508 quae
223 1465 384 1496 metrum
405 1459 523 1498 iamb.
545 1460 740 1511 integrum
760 1460 1017 1506 constituunt,
1038 1465 1094 1504 ut,
1115 1459 1209 1510 quid
1226 1458 1323 1496 illud
1345 1456 1436 1495 est?
1466 1456 1572 1493 And.

117 1535 146 1559 1.
167 1524 205 1559 5.
228 1524 265 1560 2.
296 1523 393 1560 Esse
414 1522 581 1574 denique
615 1538 703 1575 quae
734 1531 901 1561 metrum
924 1523 1131 1560 iambicum
1157 1523 1358 1574 hypercat.
1379 1520 1571 1558 constitu-

113 1592 198 1631 unt,
217 1592 274 1633 ut,
295 1585 665 1634 dis'crucior-animi,
688 1586 857 1639 Adelph.
879 1599 939 1625 IV.
958 1589 996 1624 4.
1025 1588 1057 1625 1.

167 1649 238 1686 Est
259 1649 415 1700 quidem
432 1650 471 1687 in
490 1651 657 1702 vulgatis
678 1650 788 1690 editt.
811 1650 1032 1700 exemplum
1053 1649 1168 1688 etiam
1191 1647 1394 1686 commatis
1416 1647 1570 1686 iambici

114 1713 267 1751 dimetri
297 1714 651 1766 brachycatalecti:
691 1715 849 1753 Phorm.
872 1728 901 1753 1.
922 1717 959 1751 4.
986 1716 1047 1751 18.
1106 1712 1337 1750 Homi'nem.
1367 1711 1449 1749 AN.
1483 1711 1570 1749 Sta-

111 1775 228 1814 illico.
286 1776 364 1815 GE.
386 1777 497 1816 Hem.
555 1778 648 1825 Sed,
678 1778 901 1824 Hominem,
932 1777 982 1815 ad
1003 1789 1155 1814 versum
1176 1775 1463 1826 praecedentem
1483 1776 1572 1825 reji-

113 1839 294 1878 ciendum
310 1853 410 1887 esse,
431 1841 481 1879 ad
502 1841 631 1880 locum
651 1841 730 1879 dixi
749 1855 758 1879 ι
788 1854 859 1880 nec
879 1840 967 1892 plus
989 1852 1066 1878 uno
1100 1839 1215 1891 hujus
1239 1838 1390 1890 generis
1412 1838 1570 1877 memini

115 1904 218 1956 apud
235 1904 431 1943 Plautum.
461 1905 570 1945 Pers.
594 1920 649 1944 1v.
670 1909 708 1944 4.
733 1907 821 1944 116.

444 1976 524 2022 Abi'
546 1986 722 2032 argentum
738 2002 753 2009 -
769 1980 861 2019 effer
881 1979 971 2018 huc.

168 2056 239 2094 His
268 2056 402 2108 paucis
436 2055 582 2094 absolvi
604 2055 791 2106 quicquid
826 2055 923 2092 scire
957 2066 1056 2103 opus
1091 2058 1151 2090 est
1185 2052 1233 2089 ad
1272 2051 1570 2102 intelligendum

114 2119 242 2158 omnia
273 2120 341 2158 illa
373 2120 586 2159 carminum
621 2132 778 2170 genera,
812 2132 901 2168 quae
936 2130 958 2155 a
985 2116 1157 2154 trochaeo
1178 2116 1238 2153 vel
1270 2116 1397 2153 iambo
1426 2127 1570 2152 nomen

115 2196 229 2221 suum
249 2184 484 2227 sortiuntur3
508 2190 700 2234 quatenus
722 2183 772 2220 ad
789 2188 997 2220 metrorum
1016 2181 1336 2218 Terentianorum
1349 2178 1571 2229 intelligen-

114 2249 205 2285 tiam
225 2260 358 2285 eorum
377 2248 549 2298 cognitio
571 2247 789 2285 necessaria
808 2252 880 2283 est.
930 2245 992 2283 De
1010 2245 1069 2282 his
1091 2250 1219 2282 autem
1239 2244 1384 2295 duplex
1405 2244 1571 2293 quaestio

113 2311 257 2349 moveri
277 2317 433 2361 potest;
466 2310 601 2355 altera,
635 2310 886 2361 quamobrem
917 2315 1065 2347 tantam
1100 2308 1314 2346 carminum
1341 2306 1569 2344 varietatem

114 2375 332 2413 adbibuerit
349 2375 566 2421 Terentius,
597 2381 637 2412 et
664 2387 741 2412 non
762 2374 891 2425 potius
926 2374 1028 2411 intra
1060 2372 1252 2410 trimetros
1274 2370 1432 2415 steterit,
1462 2369 1570 2420 quod

114 2439 234 2477 voluit
254 2438 532 2482 Quintilianus.
603 2437 765 2475 Consilii
799 2437 914 2488 hujus
948 2435 1138 2474 rationem
1166 2434 1277 2472 multi
1298 2447 1318 2471 e
1340 2434 1454 2471 rebus
1475 2433 1568 2483 ipsis

113 2502 320 2553 petendam
341 2502 587 2549 arbitrantur,
608 2509 646 2541 et
667 2502 888 2539 Terentium
905 2500 1019 2538 variis
1034 2512 1213 2538 versuum
1230 2497 1434 2549 generibus
1455 2509 1568 2534 usum

113 2566 245 2612 fuisse,
265 2573 310 2604 ut
328 2567 381 2604 rei
401 2565 449 2604 de
468 2579 545 2616 qua
561 2566 689 2616 agitur
705 2572 883 2603 naturam
903 2576 1148 2603 numerorum
1175 2562 1439 2601 concinnitate
1460 2573 1570 2611 spec-

113 2636 281 2668 tatorum
313 2629 435 2668 oculis
470 2629 607 2667 melius
640 2629 871 2679 subjiceret:
915 2628 983 2666 sed
1007 2640 1139 2666 vereor
1158 2633 1202 2664 ut
1232 2626 1306 2663 hoc
1336 2636 1567 2675 responsum

115 2694 209 2731 satis
227 2694 377 2730 firmum
408 2692 471 2738 sit,
500 2706 588 2731 cum
619 2692 793 2731 locorum
824 2692 1064 2742 inspectione
1097 2690 1306 2729 constetin
1331 2687 1567 2725 Fabularum

114 2757 287 2808 partibus
321 2756 486 2796 maxime
522 2758 620 2796 inter
654 2770 696 2795 se
733 2756 1051 2795 dissentientibus
1091 2755 1193 2794 idem
1233 2752 1412 2792 carminis
1443 2763 1565 2802 genus
