1903 3306
339 237 415 277 {56
742 243 919 275 sumus
952 243 1119 273 cAESAR
1156 243 1400 273 scithicae

332 340 432 377 enim
453 339 597 377 vocalis
619 338 786 384 eliditur,
808 338 874 376 sed
896 345 1043 389 perstat
1064 337 1183 387 longa
1199 344 1288 375 ante
1304 337 1577 387 aspirationem
1595 335 1780 384 adverbii,

332 403 447 440 hinc:
477 410 516 440 et
550 401 770 439 trochaicus
804 400 972 438 decurrit
1006 400 1228 437 octonarius
1264 400 1528 438 catalecticus.
1599 399 1709 438 Sicut
1743 401 1781 438 in

331 467 450 504 verbo
469 465 736 517 monosyllabo
757 465 865 502 nulla
884 464 974 502 item
1006 463 1158 501 collisio
1192 464 1246 509 fit,
1275 477 1402 514 neque
1438 464 1476 500 in
1510 463 1706 508 adverbio,
1737 476 1783 502 eo

335 542 471 567 versu:
503 534 513 550 ‘
535 530 615 566 Ora
645 541 719 574 me,
749 529 909 566 obsecro
941 534 979 565 te
1011 540 1115 573 vero,
1149 526 1344 573 Phaedria,
1380 526 1391 564 i
1424 527 1547 569 intro:
1581 526 1660 573 hol,
1694 518 1788 565 hei.'

336 593 516 643 Corrupit
533 592 648 631 etiam
669 592 905 643 syllabarum
925 591 1186 642 quantitates:
1216 599 1258 629 ut
1279 591 1316 628 in
1337 591 1404 629 illo
1423 590 1597 642 ejusdem
1618 590 1782 631 fabulae:

336 661 345 677 ‘
368 657 432 695 Sic
453 663 526 703 est,
555 655 746 694 inveniam
767 655 882 693 hodie
901 668 1035 706 parem
1054 656 1118 693 ubi
1139 656 1203 706 pol
1223 656 1383 693 referam
1406 654 1597 705 gratiam.’
1652 655 1784 693 Ausus

334 727 395 758 est
414 720 541 758 dicere
562 719 798 764 adverbium,
817 719 948 765 hodie,
975 719 1135 770 primam
1157 718 1371 770 producere
1390 730 1399 756 ε
1429 717 1626 769 quoniam,
1645 717 1783 768 inquit,

334 783 436 821 idem
468 784 528 830 sit,
559 797 603 821 ac
633 784 664 821 si
695 783 818 830 dicas,
848 783 922 821 hoc
951 783 1027 821 die.
1083 783 1149 829 At,
1180 782 1282 832 quod
1315 794 1507 832 nusquam
1537 787 1610 827 est,
1640 789 1784 819 narrat.

336 847 435 885 Nam
457 861 542 886 cum
560 854 632 893 est,
648 847 722 885 hoc
736 847 811 893 die,
827 852 984 898 propter
998 846 1229 897 positionem
1247 844 1485 896 producitur.
1529 844 1630 881 Nam
1648 851 1785 895 suapte

337 917 475 949 natura
507 913 623 949 breve
655 924 866 962 pronomen
900 917 984 949 est:
1020 911 1121 948 sicut
1155 910 1236 960 ejus
1271 921 1440 959 compar,
1470 907 1546 946 hic.
1603 907 1785 946 Graecum

336 967 435 1012 enim
456 981 528 1020 est,
558 975 590 1013 ὅ.
648 975 777 1018 Quare
808 974 901 1012 illud
934 973 1212 1025 Virgilianum:
1244 977 1253 993 ⁴
1272 972 1359 1010 Hoc
1380 978 1462 1009 erat
1481 971 1583 1009 alma
1601 983 1742 1021 parens
1758 971 1784 1008 ι’

337 1052 412 1077 non
436 1039 559 1077 solum
579 1045 736 1090 propter
755 1038 1112 1089 interrogationem,
1148 1036 1216 1075 sed
1238 1036 1354 1074 etiam
1373 1036 1422 1074 ob
1444 1033 1603 1087 syllabae
1624 1034 1786 1073 servitu-

337 1109 426 1148 tem,
455 1103 605 1153 legunt,
631 1103 771 1148 Hocce,
805 1102 829 1140 ii
856 1102 920 1153 qui
941 1101 1147 1140 existimati
1169 1107 1260 1138 sunt
1279 1099 1484 1137 doctiores,
1540 1098 1664 1136 Breve
1682 1098 1785 1136 enim

336 1167 455 1205 fuisse
474 1166 535 1205 vel
566 1167 656 1205 inde
682 1166 995 1218 deprehenditur,
1026 1166 1088 1203 ubi
1108 1172 1349 1203 consonante
1369 1163 1514 1201 amissa
1532 1163 1570 1200 in
1591 1162 1786 1209 adverbio,

337 1231 465 1278 hodie,
499 1238 716 1282 correptum
738 1238 823 1269 est:
854 1231 957 1282 quod
980 1231 1094 1269 etiam
1115 1230 1291 1280 exemplo
1310 1228 1484 1266 invenias
1505 1241 1551 1266 ex
1571 1240 1683 1265 versu
1705 1227 1787 1266 He-

338 1307 466 1345 cyrae:
497 1299 506 1315 ‘
528 1294 663 1332 Visum
700 1300 785 1332 est:
816 1293 1002 1332 certone?
1032 1300 1134 1331 certe
1167 1294 1277 1331 Deus
1314 1305 1425 1336 sum;
1455 1291 1487 1329 si
1517 1291 1592 1329 hoc
1624 1291 1679 1328 ita
1713 1297 1786 1337 est,

339 1372 469 1396 verum
489 1358 681 1408 reperies!
737 1359 808 1396 Est
828 1359 929 1396 enim
948 1371 1175 1410 pronomen,
1206 1358 1295 1403 hoc,
1332 1356 1506 1394 secunda
1526 1355 1675 1407 syllaba
1695 1353 1788 1392 dac-

338 1422 421 1473 tyli,
450 1423 514 1472 qui
548 1422 584 1459 in
621 1422 759 1473 quinta
793 1422 884 1460 sede
916 1430 1001 1460 est:
1031 1423 1280 1472 quamobrem
1313 1434 1461 1467 versus,
1490 1420 1539 1458 de
1573 1432 1651 1470 quo
1684 1432 1788 1457 nunc

338 1486 601 1524 controversia
633 1492 705 1532 est,
734 1486 977 1538 septenarius
1011 1491 1073 1523 est
1101 1485 1303 1523 iambicus.
1373 1485 1416 1522 In
1450 1483 1624 1522 convivio
1657 1489 1787 1520 autem

338 1550 504 1600 poetico,
530 1550 637 1587 illum
659 1563 706 1588 ex
728 1549 905 1588 Eunuchi
926 1548 1094 1600 Prologo
1112 1561 1121 1587 :
1151 1553 1161 1571 ‘
1181 1548 1319 1586 Habeo
1339 1548 1414 1585 alia
1433 1547 1555 1585 multa
1575 1559 1662 1597 quae
1682 1559 1787 1584 nunc

338 1613 662 1652 condonabuntur
678 1614 699 1652 ε’
729 1615 782 1652 ait
802 1608 1031 1652 mendosum
1052 1610 1170 1651 esse?
1193 1626 1318 1663 neque
1339 1610 1438 1649 enim
1461 1617 1661 1648 scazontes
1682 1609 1718 1647 in
1741 1623 1789 1648 ea

340 1690 483 1728 genera
503 1678 714 1715 carminum
737 1677 911 1715 admitti:
940 1677 1071 1727 itaque
1101 1682 1144 1713 ut
1173 1681 1336 1713 metrum
1368 1675 1588 1725 corrigeret,
1616 1673 1787 1724 linguam

342 1741 515 1778 Latinam
550 1741 789 1791 depravavit,
823 1753 911 1778 cum
944 1740 1161 1791 supposuit,
1196 1738 1494 1777 condonabitur.
1564 1737 1667 1775 Nam
1702 1737 1788 1788 quis

341 1804 460 1851 dicat,
490 1810 499 1825 ‘
517 1805 575 1841 Tu
610 1805 892 1843 condonaberis
926 1817 948 1842 a
977 1817 1037 1841 me
1066 1803 1364 1841 commentarios
1378 1802 1407 1839 ’ζ’
1462 1802 1524 1838 An
1554 1814 1646 1840 vero
1674 1801 1789 1839 etiam

342 1870 568 1916 ἀπροσὼπως
588 1882 706 1906 ausus
727 1875 799 1914 est,
828 1876 866 1906 et
895 1875 1041 1905 rectum
1062 1879 1255 1918 apponere
1275 1873 1404 1904 tamen
1425 1864 1589 1903 casum?
1644 1865 1697 1902 At
1715 1876 1791 1915 ego

342 1939 436 1981 puto
469 1933 646 1979 Veteres,
674 1931 866 1970 excitandi
901 1938 1140 1982 spectatores
1175 1930 1311 1980 gratia,
1341 1941 1474 1966 naevos
1505 1928 1625 1966 hosce
1660 1940 1794 1979 asper-

342 1996 460 2033 sisse:
483 2009 607 2046 neque
626 1996 664 2033 in
686 2009 731 2033 ea
750 2008 789 2032 re
809 1996 930 2032 falsus
952 2008 1051 2032 sum.
1092 1994 1191 2031 Nam
1214 1994 1279 2044 qui
1297 1992 1430 2031 decuit
1443 1992 1585 2037 minus,
1601 1991 1790 2043 spondaeo

343 2059 525 2097 claudere
545 2059 762 2105 iambicum,
784 2071 899 2108 quam
920 2057 1154 2109 dactylicum
1177 2056 1336 2095 sistere?
1364 2057 1415 2093 At
1430 2062 1619 2106 quantum
1639 2055 1790 2093 decoris

345 2124 454 2162 addit
485 2123 654 2168 affectui,
684 2138 771 2161 cum
803 2123 969 2161 diximus
989 2123 1026 2160 in
1047 2123 1192 2159 inferiis
1213 2122 1342 2159 filiolae
1363 2128 1522 2168 nostrae,
1551 2121 1692 2159 sororis
1712 2128 1791 2159 tuae

345 2189 579 2232 lectissimae,
601 2188 732 2239 Sylvi:
765 2193 774 2209 ‘
799 2188 885 2225 Heu
909 2187 983 2224 heu
1005 2199 1171 2237 quonam
1195 2186 1375 2231 animam,
1403 2198 1479 2235 quo
1500 2184 1667 2222 carmine
1687 2197 1793 2223 com-

347 2252 500 2302 pellabo
515 2252 542 2288 2'
586 2252 663 2289 Sed
685 2251 733 2288 de
754 2251 814 2288 his
836 2251 1005 2288 numeris
1027 2251 1065 2287 in
1088 2249 1199 2287 tertio
1219 2249 1314 2287 libro
1334 2247 1511 2286 Po'etices
1531 2247 1599 2286 tibi
1619 2248 1713 2286 satis
1733 2255 1793 2286 est

346 2316 602 2366 disputatum.
660 2316 720 2352 Ita
750 2315 991 2365 gravitatem,
1021 2320 1060 2350 et
1089 2313 1300 2358 lenitatem,
1329 2320 1369 2350 et
1397 2311 1654 2350 constantiam
1675 2312 1793 2350 animi

347 2379 559 2417 ostendens
592 2378 809 2423 Terentius,
839 2377 985 2415 remisit
1018 2377 1065 2415 de
1101 2377 1216 2414 iambi
1247 2376 1478 2414 acerbitate:
1509 2388 1605 2413 neve
1625 2375 1707 2414 sine
1727 2389 1794 2414 ex-

348 2443 476 2493 emplo
509 2442 648 2479 fecisse
679 2455 767 2479 eum
800 2440 993 2485 arbitrere,
1028 2440 1190 2477 habebis
1225 2453 1272 2477 ex
1302 2440 1472 2490 Prologo
1504 2439 1792 2491 Amphitryonis

351 2518 491 2544 unum:
522 2509 531 2525 ‘
554 2504 670 2548 Quod
703 2517 776 2554 ego
810 2504 885 2541 huc
917 2503 1088 2553 processi
1122 2503 1176 2540 sic
1210 2515 1297 2539 cum
1331 2501 1456 2540 servili
1487 2501 1670 2540 schema!
1723 2502 1795 2539 Est

349 2570 464 2614 enim,
487 2577 635 2618 σχῆμα;
657 2579 878 2617 quanquam
901 2579 978 2602 non
1000 2578 1083 2602 sum
1105 2566 1258 2603 nescius
1274 2565 1373 2602 viros
1393 2564 1531 2602 doctos
1552 2565 1706 2603 sublata
1725 2565 1795 2603 ali-

351 2632 453 2670 unde
475 2631 638 2682 syllaba,
658 2631 853 2674 schemate,
873 2629 1001 2678 legere
1022 2628 1156 2665 solitos
1174 2642 1182 2665 :
1209 2641 1327 2678 quare
1347 2627 1452 2664 aliud
1472 2627 1616 2665 habeas
1637 2641 1684 2666 ex
1706 2629 1794 2666 Asi-

353 2686 484 2734 naria:
515 2700 523 2715 ‘
539 2695 622 2744 Age
642 2706 745 2730 nunc
766 2692 890 2731 reside
906 2692 985 2742 jam
1008 2705 1099 2729 cave
1120 2692 1236 2729 modo
1257 2704 1303 2728 ne
1325 2690 1479 2741 graxis.’
1535 2690 1671 2742 Neque
1690 2691 1791 2729 enim

352 2765 561 2812 sequentur
590 2756 823 2808 analogiam,
853 2754 917 2806 qui
947 2757 1127 2806 graveris
1159 2754 1345 2806 legerint:
1377 2753 1494 2792 nihilo
1523 2766 1616 2792 sane
1643 2754 1793 2802 melius,
