1903 3306
645 241 708 270 DE
742 238 941 270 METRIS.
1436 227 1520 268 125

73 349 226 376 monem
247 341 512 387 corruperunt,
543 334 634 372 dum
656 333 770 371 aliam
790 345 924 371 vocem
955 344 1024 383 pro
1058 331 1134 369 alia
1164 330 1386 380 subjiciunt,
1415 330 1522 380 quod

73 401 231 438 nimium
265 412 369 450 saepe
403 411 476 435 usu
507 398 612 435 venit
640 394 791 440 scribis,
821 397 860 433 in
893 396 1115 435 auctoribus
1147 394 1283 432 solutae
1315 394 1523 431 dictionis:

73 463 168 501 dum
201 462 353 501 addunt
384 469 500 512 atque
519 460 716 498 adimunt:
752 460 843 498 dum
875 461 1079 498 verborum
1112 457 1310 494 invertunt
1336 456 1523 494 ordinem.

73 525 262 583 Nonnihil
286 526 403 564 etiam
422 525 486 562 hic
505 530 718 575 peccarunt
736 523 888 569 eruditi,
917 523 998 573 qui,
1027 522 1120 559 dum
1141 521 1354 557 carminum
1383 532 1527 569 genera

74 589 324 640 distinguunt
356 600 402 625 ac
435 587 699 632 dimetiuntur,
740 598 876 637 parum
916 586 1065 631 attenti,
1104 584 1378 635 interjecerunt
1410 583 1527 620 verba

74 652 271 704 quaedam,
300 659 345 690 ut
362 651 564 701 explerent
580 662 715 687 versus
745 649 906 695 hiatum,
937 655 1005 686 aut
1023 653 1276 686 resecuerunt
1294 645 1401 696 quod
1421 646 1527 683 vide-

74 717 188 755 batur
207 728 425 768 superesse.
480 713 644 751 Videtur
664 719 792 750 autem
813 712 942 750 studio
961 713 1107 751 factum
1127 724 1150 748 a
1170 710 1363 756 Terentio,
1386 715 1429 746 ut
1449 708 1529 747 dis-

76 780 257 820 simulato
277 780 446 818 carmine
466 791 582 829 quam
602 778 775 828 proxime
798 775 1003 814 accederet
1029 775 1078 813 ad
1100 775 1314 812 orationem
1335 773 1501 810 solutam
1518 785 1527 810 t

77 843 182 896 quod
204 843 306 881 idem
334 842 540 881 affectasse
558 841 711 879 videtur
731 840 917 877 Horatius
938 840 976 876 in
998 839 1249 877 Sermonibus
1271 844 1310 875 et
1329 837 1530 888 Epistolis.

78 908 182 946 Hinc
201 907 367 946 tantain
388 905 624 944 dimetiendo
652 903 877 948 difficultas,
912 908 956 939 ut
989 902 1203 939 existimem
1234 901 1362 951 ipsum
1394 901 1530 938 Dona-

75 979 172 1018 tum,
201 978 269 1009 aut
287 971 515 1015 Cornutum,
537 975 604 1006 aut
622 968 829 1017 Asperum,
856 966 888 1003 si
907 966 1093 1011 viverent,
1124 966 1161 1002 in
1181 964 1278 1002 locis
1300 963 1449 1014 aliquot
1468 963 1530 1001 vel

77 1035 268 1080 haesuros,
296 1035 357 1073 vel
390 1034 488 1071 inter
521 1045 563 1070 se
598 1031 856 1070 dissensuros.
922 1029 1091 1067 Proinde
1125 1041 1197 1066 nos
1231 1026 1532 1078 quatriduanam

79 1099 246 1150 opellam
279 1099 500 1143 sumsimus,
530 1103 573 1133 ut
605 1094 908 1133 adolescentulis
942 1093 1110 1143 aliquam
1144 1092 1258 1142 hujus
1291 1090 1532 1128 difficultatis

79 1169 227 1215 partem
248 1162 520 1207 adimeremus,
557 1173 634 1198 non
657 1158 811 1210 quidem
832 1159 871 1195 in
892 1170 1025 1195 omnes
1048 1156 1232 1200 FabulaS,
1262 1153 1331 1191 sed
1356 1155 1393 1191 in
1415 1165 1533 1190 unam

79 1233 282 1278 perpetuo,
302 1232 342 1266 et
360 1226 399 1263 in
419 1225 557 1263 ceteris
589 1224 752 1274 carptim
771 1236 780 1261 z
810 1235 888 1272 quo
909 1235 980 1260 ceu
1001 1220 1065 1258 filo
1086 1219 1209 1270 adjuti
1233 1231 1320 1256 sese
1341 1216 1492 1255 facilius
1514 1229 1534 1254 e

80 1291 219 1330 ceteris
239 1291 432 1342 explicent
450 1288 690 1341 labyrinthis.
749 1288 945 1325 Constant
976 1292 1104 1323 autem
1135 1283 1250 1333 hujus
1282 1282 1442 1320 Fabulae
1473 1280 1534 1318 his

80 1356 200 1394 ferme
220 1361 426 1393 metrorum
462 1352 680 1404 generibus.
739 1350 910 1388 Iambico
943 1350 1131 1393 trimetro,
1159 1347 1225 1397 qui
1257 1352 1296 1383 et
1317 1344 1457 1383 senarii
1477 1344 1537 1381 di-

81 1426 222 1458 cuntur
240 1431 263 1456 a
279 1430 438 1456 numero
458 1416 615 1467 pedum.
656 1413 825 1452 Iambico
841 1419 1078 1457 tetrametro,
1096 1411 1161 1461 qui
1179 1410 1227 1447 ab
1244 1409 1327 1447 aliis
1342 1407 1537 1459 quadrati,

83 1484 132 1521 ab
151 1483 236 1520 aliis
256 1481 446 1521 octonarii
466 1481 647 1518 dicuntur
664 1492 673 1516 t
693 1484 974 1516 monometrum
997 1488 1043 1513 ac
1063 1475 1267 1512 dimetrum
1287 1485 1372 1510 raro
1393 1471 1539 1521 interji-

81 1547 193 1585 citur.
249 1546 295 1583 In
327 1545 402 1583 hoc
437 1556 577 1595 genere
610 1542 747 1593 quovis
778 1541 866 1578 loco
895 1551 966 1590 pro
999 1538 1129 1575 iambo
1161 1536 1272 1587 ponit
1300 1533 1539 1584 tribrachyn,

84 1609 326 1662 spondaeum,
347 1607 559 1660 dactylum,
579 1610 836 1656 anapaestum,
852 1602 968 1639 modo
985 1602 1104 1639 totius
1122 1598 1303 1637 carminis
1324 1596 1540 1648 penultima

84 1674 236 1726 syllaba
256 1674 305 1712 sit
321 1672 462 1710 brevis.
522 1669 723 1720 Siquidem
743 1668 782 1704 in
802 1667 877 1704 hoc
900 1678 1036 1703 versu:
1066 1669 1075 1686 ‘
1095 1663 1257 1702 Nullum
1279 1660 1434 1711 estjam
1456 1659 1540 1698 dic-

84 1744 180 1784 tum,
209 1735 314 1788 quod
343 1748 422 1773 non
453 1734 598 1772 dictum
631 1732 681 1770 sit
709 1731 815 1782 prius
834 1730 856 1768 τ’
885 1742 1019 1767 omnes
1041 1727 1222 1779 spondaei
1243 1732 1348 1771 sunt,
1375 1730 1540 1774 excepto

85 1801 236 1846 ultimo,
256 1800 367 1851 cujus
388 1798 540 1850 generis
560 1805 599 1835 et
619 1797 715 1834 alios
733 1795 882 1846 aliquot
896 1793 1079 1844 reperias.
1128 1790 1304 1828 Eandem
1324 1789 1542 1826 libertatem

87 1866 205 1905 sumit
222 1866 262 1903 in
281 1863 488 1903 trochaicis
507 1861 742 1901 tetrametris
762 1858 1015 1904 catalecticis‚
1047 1856 1141 1894 satis
1176 1855 1325 1892 habens
1358 1853 1390 1890 si
1421 1853 1542 1890 totius

87 1929 269 1969 carminis
287 1926 501 1979 penultima
521 1926 571 1963 sit
589 1924 731 1962 brevis.
789 1921 891 1960 Illud
912 1929 1042 1959 tamen
1063 1919 1206 1969 ubique
1226 1923 1396 1962 cavetur,
1417 1929 1465 1953 ne
1483 1916 1544 1953 vel

90 1993 283 2032 trochaeus
311 1989 552 2041 ingrediatur
580 1988 788 2025 iambicum
822 1997 992 2030 carmen,
1024 1983 1081 2020 vel
1119 1982 1270 2019 iambus
1293 1979 1543 2017 trochaicum.

90 2057 304 2096 Iambicum
336 2060 602 2092 tetrametrum
632 2049 825 2088 interdum
855 2049 893 2086 in
925 2048 1002 2084 fine
1031 2045 1233 2084 fraudatur
1266 2056 1345 2080 una
1380 2042 1544 2093 syllaba,

89 2120 283 2173 producta
306 2116 534 2170 penultima,
563 2114 716 2166 quoties
747 2111 911 2150 iambico
942 2110 1106 2147 dimetro
1127 2107 1380 2146 acatalectico
1401 2105 1546 2143 accini-

91 2192 153 2224 tur
172 2184 334 2222 dimeter
354 2180 619 2219 catalecticus,
676 2176 806 2213 Veluti
834 2174 879 2220 si,
909 2174 1014 2224 ‘jam
1036 2173 1134 2210 lucis
1155 2178 1240 2209 orto
1260 2170 1414 2215 sidere,'
1444 2169 1547 2206 acci-

92 2261 163 2286 nas
193 2247 359 2284 ‘Cultor
392 2244 467 2282 Dei
498 2240 716 2281 memento!
773 2238 1007 2287 Quanquam
1041 2236 1079 2273 in
1112 2235 1187 2272 hoc
1219 2245 1374 2285 quoque
1405 2245 1547 2282 genere

92 2317 314 2362 usurpatur,
336 2321 424 2346 cum
444 2305 673 2349 communis,
693 2303 740 2340 de
762 2314 840 2353 qua
861 2301 1010 2338 dictum
1026 2306 1099 2345 est,
1116 2297 1353 2335 comicorum
1373 2295 1547 2338 libertas,

93 2382 176 2414 tum
196 2374 263 2413 illa
284 2371 501 2424 peculiaris,
521 2368 627 2420 quod
646 2379 714 2418 pro
736 2365 951 2417 penultima
970 2365 1088 2414 longa
1109 2362 1219 2412 ponit
1238 2359 1431 2397 interdum
1448 2357 1547 2395 duas

94 2441 244 2478 breves.
302 2434 531 2486 Exemplum
564 2439 625 2470 est
656 2431 695 2468 in
717 2436 826 2468 actus
847 2427 974 2478 quarti
996 2438 1114 2464 scena
1134 2423 1308 2462 secunda
1327 2422 1547 2472 (Andriae):

96 2507 107 2525 ‘
124 2504 214 2542 Jam
233 2502 299 2539 ubi
326 2500 391 2537 ubi
423 2498 507 2543 erit,
537 2496 736 2534 inventum
766 2492 834 2530 tibi
862 2492 1021 2535 curabo,
1057 2497 1095 2528 et
1123 2501 1276 2526 mecum
1296 2485 1509 2524 adductum
1526 2485 1549 2522 :⁷

96 2566 159 2604 hic
178 2565 395 2617 penultima
422 2561 613 2614 producta
642 2565 715 2596 est.
773 2555 934 2601 Ibidem,
964 2559 973 2574 ‘
993 2554 1114 2591 Orare
1139 2551 1274 2603 jussit,
1304 2550 1336 2588 si
1368 2562 1410 2587 se
1430 2561 1549 2593 ames,

98 2631 205 2675 hera,
234 2629 315 2680 jam
346 2627 396 2665 ad
428 2638 513 2664 sese
536 2620 696 2661 venias.'
751 2621 862 2666 Item,
892 2623 902 2640 ‘
922 2618 1034 2656 Hanc
1056 2616 1236 2669 expetivi,
1256 2613 1434 2664 contigit,
1456 2624 1549 2649 con-

98 2693 261 2731 veniunt
278 2703 419 2735 mores,
434 2689 591 2726 valeant
604 2686 626 2725 :²
646 2686 683 2723 in
703 2684 763 2722 his
783 2696 853 2734 pro
872 2681 1086 2733 penultima
1106 2681 1226 2730 longa
1245 2684 1441 2730 ponuntur
1460 2675 1549 2712 duae

100 2757 251 2795 breves.
307 2754 391 2792 Hos
424 2765 561 2791 versus
594 2750 709 2789 etiam
744 2753 944 2787 scazontes
975 2745 1187 2796 appellant.
1255 2742 1326 2779 Est
1359 2738 1550 2779 scazontis
