1903 3306
313 216 399 259 216
801 228 1110 262 1==RAN01scus
1142 231 1280 262 HARE

424 319 539 364 Quid'
557 320 697 371 igitur·
712 321 852 360 faciam
865 322 939 360 z?
968 336 1045 362 non
1073 337 1192 372 e-am,
1213 338 1261 363 ne
1277 339 1320 362 2:
1338 338 1441 364 nunc
1461 325 1616 378 quidem

430 384 503 422 Cum
523 385 712 424 ac'cessor
722 385 862 424 -ultr⁰?
891 400 940 424 an
955 396 998 419 Ξ
1012 389 1142 438 potius
1156 411 1172 417 -
1188 389 1243 426 ita
1260 402 1321 426 me
1336 403 1379 426 z
1396 403 1631 442 comparem,

431 446 532 484 Non'
550 449 717 499 perpe-ti
737 449 1024 489 mereztricum
1041 473 1053 479 -
1070 452 1401 490 contu-tmelias?

431 509 642 549 Ex¹clusit-
659 525 668 549 :
698 519 932 551 revocatzz
969 514 1124 552 redeam
1139 514 1185 551 -22
1206 528 1298 561 non,
1320 516 1352 553 si
1367 523 1472 554 =me
1491 518 1681 556 obsecret.

432 574 618 626 Siquidm
635 576 791 613 hercle·
804 577 931 627 possis
943 586 1000 624 Ξ,
1020 578 1115 615 nihil
1137 579 1278 629 pri-us,
1304 592 1431 630 neque
1447 597 1490 621 z
1502 580 1641 619 ‘fortius
1656 594 1666 618 :
1723 618 1732 622 ,

429 637 582 676 Ve'rum
603 641 631 676 si
653 639 848 690 in-cipies,
862 658 905 682 ς,-
919 654 1045 692 neque
1064 642 1292 693 per-tendes
1310 663 1352 686 z
1366 643 1529 689 naviter,

429 702 548 752 Atq¹¹e'
568 703 632 740 ubi
653 702 752 753 pa-ti
770 716 846 740 non
864 713 906 736 Σ
923 705 1081 755 poteris,
1103 719 1192 743 cum
1213 712 1316 745 nem⁰
1331 718 1374 742 Ξ
1389 713 1559 758 expetet,

432 766 593 803 In‘fecta
606 771 733 816 -pace,
749 766 895 804 ultr⁰=
909 767 958 805 ad
978 781 1063 806 eam
1084 769 1214 807 venies
1228 781 1290 807 :t
1322 769 1500 808 indicans

432 830 487 866 Te
507 830 647 875 a'rnare,
675 836 741 867 et·
755 829 853 868 ferre
866 843 908 866 z
925 843 1002 868 non
1023 834 1133 882 posse
1148 844 1185 875 -;
1218 836 1323 870 actum
1343 838 1402 870 est
1419 837 1485 871 !.-:.
1501 832 1616 871 ilicet.

432 891 600 931 Per'isti:
627 892 780 931 e-ludet
793 902 851 940 Ξ,
871 894 936 932 ubi
951 895 1152 934 te-victum
1166 906 1208 929 Ξ
1225 896 1403 935 senserit.

323 987 401 1026 Sed
421 986 526 1038 quod
548 986 596 1025 de
627 987 825 1025 nonnullis
854 989 1085 1027 tetrametris
1108 990 1199 1036 dixi,
1233 990 1282 1029 de
1306 991 1487 1030 trimetris
1520 1005 1675 1044 quoque
1695 993 1781 1044 qui·

322 1050 489 1089 busdam
511 1049 721 1088 dicendum
751 1057 825 1097 est,
847 1051 961 1089 aliam
990 1053 1136 1091 scilicet
1172 1054 1330 1093 secandi
1364 1056 1551 1094 rationem
1582 1056 1776 1095 interdum

321 1113 581 1154 adhibendam
603 1127 703 1161 esse,
723 1128 771 1152 ne
805 1115 978 1165 legitima
997 1117 1199 1154 verborum
1235 1118 1499 1169 pronuntiatio
1520 1119 1678 1157 nimium
1696 1119 1778 1157 vio-

321 1179 434 1224 letur,
453 1184 492 1216 et
513 1178 660 1215 numeri
694 1178 901 1217 invenuste
922 1178 1166 1217 incidantur:
1199 1180 1268 1217 sed
1302 1181 1366 1218 vix
1397 1181 1469 1219 tria
1504 1188 1594 1220 sunt
1623 1182 1662 1220 in
1693 1188 1777 1220 toto

320 1242 501 1280 Terentio
522 1241 637 1293 hujus
658 1241 809 1293 generis
827 1240 1005 1292 exemplla
1022 1254 1030 1279 :
1061 1242 1139 1280 duo
1171 1250 1322 1281 tantum
1341 1245 1522 1284 scribenti
1541 1246 1627 1285 haec
1641 1258 1777 1286 occur-

322 1312 426 1352 runt,
442 1318 605 1357 quorum
627 1305 790 1344 alterum
811 1312 871 1343 est
891 1305 930 1342 in
952 1305 1051 1343 Eun.
1075 1318 1147 1343 111.
1173 1307 1205 1343 1.
1228 1309 1292 1345 52.

428 1386 725 1423 -tromit-tamus
739 1399 782 1422 :2
798 1385 1108 1424 commis—satum
1124 1403 1166 1426 z:
1183 1387 1236 1424 tu'
1255 1386 1498 1439 Pamphilam
1514 1400 1523 1425 τ

323 1469 482 1509 alterum
506 1471 543 1508 in
567 1470 710 1509 Heaut.
735 1485 785 1509 11.
809 1473 844 1509 3.
867 1473 931 1509 66.

431 1551 561 1590 Facile
575 1573 592 1582 -
608 1552 726 1590 scires
743 1567 786 1590 z
801 1551 1003 1590 desi-deri·
1023 1552 1062 1590 id
1075 1562 1117 1586 :-
1134 1552 1224 1590 fle'ri
1244 1559 1326 1590 tuo.

325 1631 408 1669 Hos
431 1645 580 1678 versus,
610 1638 653 1670 ut
673 1632 801 1683 aliquo
821 1633 898 1670 sint
918 1646 1091 1680 numero,
1112 1633 1222 1671 vides>
1240 1632 1491 1671 resolvendos
1512 1645 1598 1672 esse
1617 1633 1656 1671 in
1677 1634 1776 1674 duos

323 1695 573 1741 ditrochaeos,
593 1695 782 1747 syllabam
802 1710 870 1734 seu
891 1698 1139 1748 semipedem,
1160 1704 1199 1735 et
1218 1697 1415 1736 creticum.

379 1758 440 1796 De
460 1758 535 1797 hoc
555 1765 683 1796 autem
711 1760 889 1798 carminis
921 1774 1062 1811 genere
1090 1774 1210 1798 unum
1230 1773 1344 1811 porro
1364 1760 1601 1799 monendum
1634 1767 1777 1811 restat;

325 1834 463 1872 nempe
484 1828 528 1859 ut
547 1823 585 1859 in
606 1824 839 1861 tetrametris
860 1825 1065 1875 generibus
1102 1832 1194 1862 sunt
1213 1824 1374 1875 quidam
1391 1837 1539 1870 versus,
1574 1825 1639 1874 qui
1669 1837 1778 1862 men-

325 1898 454 1922 suram
487 1886 671 1924 trochaici
693 1888 906 1924 tetrametri
936 1888 1169 1934 catalectici,
1191 1895 1229 1926 et
1260 1888 1415 1926 iambici
1435 1887 1644 1926 tetrametri
1671 1894 1778 1926 cata-

323 1948 452 1986 lectici
473 1961 549 1986 uno
570 1949 669 1999 pede
690 1949 898 1996 excedunt,
919 1951 972 1988 ita
992 1951 1028 1988 in
1051 1951 1125 1988 hoc
1142 1964 1285 2001 genere
1307 1958 1398 1988 sunt
1422 1950 1595 2002 quidam,
1614 1951 1680 2002 qui
1700 1964 1778 1988 uno

326 2011 438 2061 pede,
471 2011 579 2062 justo
612 2012 784 2050 trimetro
820 2013 1043 2064 prolixiores
1076 2021 1179 2060 sunt,
1201 2027 1298 2064 quos
1331 2015 1518 2052 iambicos
1539 2014 1779 2065 septenarios

328 2074 452 2120 dicas,
486 2075 621 2125 quales
642 2075 799 2126 pauculi
820 2084 911 2114 sunt
929 2077 965 2113 in
987 2077 1179 2123 Terentio,
1214 2078 1343 2128 plures
1365 2077 1470 2128 apud
1491 2077 1698 2121 Plautum;
1729 2077 1778 2115 de

328 2149 490 2187 quorum
510 2144 640 2175 tamen
675 2151 819 2190 magna
850 2146 959 2190 parte
989 2140 1123 2178 merito
1154 2140 1319 2178 dubitari
1351 2141 1488 2191 possit,
1523 2147 1650 2179 utrum
1684 2140 1778 2179 satis

328 2199 412 2237 sani
433 2212 478 2238 ac
500 2201 638 2239 sinceri
654 2202 746 2245 sint,
807 2202 1040 2253 Hujusmodi
1062 2210 1154 2241 sunt
1173 2203 1211 2240 hi
1230 2217 1276 2241 ex
1296 2203 1399 2242 And.
1422 2217 1483 2241 1v.
1504 2206 1541 2241 4.
1567 2205 1605 2242 3.

370 2305 471 2337 Puer*
485 2307 591 2339 hercle
605 2312 658 2339 est
673 2318 702 2340 -:
727 2308 847 2341 mulier
858 2317 913 2349 Ξ,
938 2309 1009 2341 tun’
1023 2309 1269 2351 eid-posuisti:
1280 2310 1392 2342 hunc?
1417 2309 1469 2342 ubi
1481 2327 1493 2336 -
1506 2309 1576 2341 illic
1590 2311 1665 2341 est?

329 2380 377 2418 Et
398 2394 433 2419 v.
451 2382 489 2419 6.

370 2453 473 2488 Quid'
490 2455 599 2486 tnrb³²
615 2460 667 2488 est
680 2474 691 2482 -
705 2457 793 2498 apud
811 2456 987 2490 fozrum?
1011 2458 1090 2500 quid
1105 2458 1197 2490 -illic
1208 2458 1430 2491 :hominum
1444 2476 1456 2483 -
1468 2458 1624 2499 litigant?

384 2540 458 2577 Hic
498 2540 654 2590 quidem
688 2555 836 2589 versus,
876 2544 907 2581 si
948 2544 1112 2596 singulis
1155 2544 1313 2596 syllabis
1354 2544 1467 2582 detur
1502 2543 1670 2582 maxima
1706 2556 1778 2582 sua

329 2603 538 2653 quantitas,
559 2603 631 2641 erit
659 2605 703 2641 T.
725 2613 753 2642 t.
774 2620 807 2643 c.
844 2607 913 2645 sed
947 2608 986 2645 id
1017 2622 1151 2660 parum
1185 2608 1366 2646 convenit
1399 2607 1540 2646 homini
1577 2608 1779 2658 perturba-

331 2667 473 2703 tionem
496 2679 675 2717 magnam
697 2669 905 2717 simulanti,
927 2680 966 2709 et
985 2686 1064 2723 pree
1086 2680 1191 2710 metu
1212 2672 1349 2722 raptim
1368 2672 1482 2709 verba
1497 2670 1777 2721 praecipitanti:

330 2729 424 2780 quid
443 2729 548 2779 quod
569 2730 717 2768 nullum
739 2742 884 2771 certum
920 2742 980 2772 est
1012 2736 1051 2773 in
1077 2736 1258 2773 Terentio
1277 2734 1509 2784 exemplum,
1539 2733 1778 2771 trochaicum

331 2799 595 2833 tetrametrum
616 2795 884 2835 catalecticum
906 2798 1079 2837 iambicis
1102 2799 1280 2837 trimetris
1302 2796 1568 2836 immiscendi:
1612 2809 1683 2835 nec
1704 2796 1777 2835 nisi
