1903 3306
357 222 443 263 342
859 233 897 261 P.
931 231 1173 262 'rEREN'ru
1209 231 1327 262 Arm

744 392 949 435 ACTUS
983 392 1073 433 111.
1135 390 1343 433 SCENA
1375 389 1433 431 V.

829 525 1136 557 PAMPHILUS.
1171 524 1352 556 DAVUS.

361 596 448 639 PA.
481 597 572 639 Um
614 596 704 637 illic
741 599 807 636 est
843 595 1002 643 scelus,
1042 594 1120 647 qui
1153 607 1221 635 me
1254 593 1479 648 perdidit?
1541 594 1633 636 DA.
1680 593 1817 635 Perii.

533 665 622 706 PA.
654 663 804 717 Atque
826 663 909 703 hoc
932 661 1163 711 confiteor,

360 733 389 773 J
396 747 469 774 ure
500 733 605 773 mihi
636 732 864 783 obtigisse,
902 730 1262 785 quandoquidem
1299 734 1390 772 tam
1419 730 1551 780 iners,
1582 734 1671 772 tam
1710 729 1819 770 nulii

533 799 707 841 consilii

362 869 483 910 Sum.
545 867 728 927 Servon'
747 867 942 908 fortunas
963 880 1084 908 meas
1103 880 1173 907 me
1194 866 1473 908 commisisse
1494 866 1639 914 futili?

1516 916 1612 926 W

363 938 477 991 Ergo
498 920 767 991 pretium'ob
791 935 1021 976 stultitiam
1044 936 1158 976 fero:
1198 934 1274 975 sed
1309 934 1495 976 inultum
1528 945 1750 987 nunquam
1772 932 1819 974 id

535 1004 716 1045 auferet.

365 1074 458 1115 DA.
490 1072 688 1114 Posthac
709 1071 973 1113 incolumem
994 1073 1063 1111 sat
1084 1070 1177 1111 scio
1208 1069 1300 1111 fore
1329 1082 1414 1120 me,
1443 1082 1557 1110 nunc
1579 1068 1618 1110 si
1637 1068 1723 1110 hoc
1744 1068 1821 1110 de-

534 1140 625 1181 vito
646 1140 823 1180 malum.
1568 1124 1576 1129 ⁵
1792 1138 1821 1183 5

364 1208 452 1249 ΡΛ.
486 1208 603 1250 Nam
626 1208 734 1262 quid
754 1220 835 1261 ego
857 1220 970 1249 nunc
993 1207 1139 1249 dicam
1162 1207 1309 1262 patri‘!
1344 1204 1561 1259 negabon'
1597 1205 1708 1248 velle
1734 1217 1820 1256 me,

536 1275 669 1318 modo

408 1401 476 1431 ΡΑ.
505 1400 566 1431 Ubi
580 1403 627 1430 est
642 1401 807 1430 sceleratus
823 1399 875 1430 itte
890 1398 943 1438 qui
956 1408 1003 1429 me
1016 1396 1180 1439 perdidit?
1225 1397 1292 1429 DA.
1317 1396 1419 1429 Perii.
1465 1397 1532 1429 ΡΛ.
1557 1397 1659 1438 Atque
1670 1396 1736 1433 hoc,
1752 1405 1822 1426 con-

354 1443 465 1485 fiteor,
482 1443 592 1474 merito
615 1453 678 1473 meo
703 1442 780 1473 milii
804 1442 951 1472 accidisse
962 1452 974 1478 ,·
996 1442 1237 1481 quandoquidem
1260 1445 1323 1471 tam
1346 1442 1476 1472 stolidus
1499 1444 1530 1471 et
1553 1441 1729 1481 imprudens
1743 1448 1823 1470 sum.

364 1487 416 1516 An
431 1486 566 1526 oportuit
580 1486 729 1523 fortunas
745 1495 826 1517 meas
842 1495 888 1515 me
904 1488 1095 1515 commztlere
1117 1494 1217 1523 servo,
1243 1484 1315 1523 levi,
1329 1487 1359 1514 et
1371 1480 1528 1523 garrulo?
1551 1484 1640 1522 Ergo
1660 1483 1825 1523 proemium

353 1529 428 1566 fero
443 1529 587 1560 stultitia>
602 1538 696 1559 meoe:
717 1530 770 1558 sed
796 1529 920 1568 impune
939 1528 973 1558 id
996 1536 1150 1566 nunquam
1166 1527 1266 1565 seret.
1316 1527 1382 1558 DA.
1408 1526 1445 1557 Si·
1466 1527 1521 1557 Ιιοσ
1541 1528 1722 1566 periculum,
1745 1524 1824 1565 quod

363 1572 518 1611 imminet,
532 1582 612 1602 nunc
635 1571 717 1601 evilo
729 1581 740 1608 ;
762 1574 810 1601 sut
833 1570 908 1608 scio,
933 1580 980 1600 me
1004 1571 1132 1609 posthac
1155 1570 1192 1600 ab
1207 1570 1267 1600 alio
1283 1570 1387 1609 quovis
1402 1569 1531 1600 liberum
1536 1569 1621 1608 fore.
1666 1568 1733 1599 ΡΑ.
1758 1567 1824 1598 Sed

365 1615 438 1654 quid
454 1625 510 1655 ego
532 1624 612 1645 nunc
627 1614 728 1645 dicam
741 1611 854 1655 patri?
876 1613 1032 1653 negatione
1045 1623 1092 1643 me
1107 1613 1183 1644 velle
1197 1622 1337 1653 uxorem,
1350 1612 1404 1654 qui
1418 1613 1505 1644 modo
1518 1611 1677 1653 pollicitus
1691 1620 1759 1642 sum
1774 1619 1822 1641 me

961 1702 1159 1714 ‘eooaeoeua
1166 1703 1202 1713 eo

409 1774 425 1801 1
457 1770 519 1802 Ubi
533 1774 580 1802 est
596 1770 630 1801 it.
647 1780 690 1801 sc.
709 1770 752 1801 G.
776 1770 878 1801 1Vest.
924 1769 1025 1799 Multi
1048 1768 1147 1799 codd.
1164 1767 1294 1799 addunt
1311 1768 1411 1804 hodie,
1433 1766 1522 1808 quod
1540 1770 1661 1808 postea
1683 1765 1826 1805 librarii,

364 1818 403 1844 ut
420 1819 529 1844 metro
546 1814 776 1849 consulerent,
793 1812 984 1852 ejecerunt,
1002 1817 1037 1842 et
1054 1812 1302 1851 interpolarunt
1315 1811 1478 1850 perditum
1501 1809 1589 1852 quod
1606 1810 1633 1840 si
1651 1809 1762 1848 abest,
1783 1808 1823 1839 fit

366 1857 590 1897 aposiopesis,
613 1866 688 1897 quae
707 1856 870 1886 iracundo
887 1855 1045 1885 convenit
1061 1865 1068 1884 ;
1096 1858 1131 1884 ut
1145 1853 1240 1893 iuml,
1262 1858 1269 1871 ⁴
1287 1855 1381 1886 Quos
1398 1852 1486 1891 ego!
1535 1852 1670 1883 Deinde
1687 1853 1697 1869 ‘
1710 1852 1802 1883 Perii
1815 1851 1824 1864 ’

366 1910 432 1930 non
450 1905 502 1930 est
523 1899 625 1934 Davi,
640 1898 701 1930 sed
720 1899 824 1939 ipsius
841 1898 1024 1937 Pamphili.
1072 1898 1229 1937 Denique
1256 1897 1336 1927 iilud
1361 1897 1369 1912 ‘
1387 1895 1491 1928 Jure’
1517 1904 1651 1936 appone
1665 1895 1742 1925 huic
1759 1895 1824 1933 ipsi

365 1943 477 1972 versui
496 1942 615 1982 primo.
661 1941 771 1981 Igitur
787 1942 876 1981 lege,
897 1941 958 1972 Ubi
973 1941 1039 1971 illic
1054 1937 1127 1970 est?
1153 1941 1261 1975 scelus,
1277 1940 1330 1980 qui
1346 1949 1392 1970 me
1409 1938 1515 1969 hodie:
1538 1938 1638 1978 perii.-
1662 1943 1755 1977 atque
1769 1938 1825 1969 hoc

364 1985 605 2027 cmzfiteorjure.
629 1985 729 2016 Beut.
775 1984 971 2024 Sequuntur
989 1983 1090 2014 Both.
1108 1987 1141 2013 et
1158 1983 1251 2013 Peri.
1269 1982 1332 2012 nisi
1349 1981 1441 2022 quod
1458 1981 1512 2011 ille
1529 1990 1594 2012 uon
1612 1981 1824 2020 interpungit

365 2035 445 2069 post
467 2030 476 2045 ‘
494 2028 569 2059 est.’
614 2028 760 2058 Perdidit
777 2032 851 2066 post
869 2026 958 2057 hodie
974 2024 1091 2056 Guelf.
1111 2029 1140 2056 l.
1187 2024 1347 2064 Perdidit,
1363 2024 1486 2055 omisso
1502 2023 1593 2065 hodie*
1605 2026 1638 2055 2.
1675 2023 1825 2054 Perdidit

366 2075 442 2111 post
465 2072 473 2088 ‘
492 2080 544 2101 me
557 2070 564 2082 '
581 2072 678 2100 3.—2
705 2070 831 2101 Nullius
848 2070 905 2100 ΒΓ.
922 2074 955 2099 et
974 2069 1046 2099 cod.
1065 2069 1248 2098 Romanus.
1295 2068 1467 2098 Punctum
1483 2067 1664 2097 maximum
1686 2065 1827 2097 exhibet

365 2115 426 2144 ΒΓ.
444 2119 523 2154 post
545 2115 553 2130 ‘
572 2112 822 2152 obtigisseJ-ssss
851 2112 958 2142 Futuli
975 2112 1024 2142 M.
1048 2112 1146 2142 IVest.
1192 2111 1270 2142 Sum
1287 2111 1328 2141 ad
1345 2110 1446 2141 finem
1465 2110 1587 2150 prioris
1604 2119 1652 2140 vs.
1669 2113 1825 2149 transpo-

365 2163 450 2187 nunt
477 2158 579 2187 Bent.
606 2157 697 2186 Peri.
744 2155 918 2186 Omittunt
933 2155 1000 2185 Gu.
1017 2157 1048 2185 2.
1067 2160 1102 2185 et
1119 2155 1286 2184 Boiu—4
1311 2154 1347 2184 F.
1366 2153 1412 2184 H.
1429 2153 1482 2183 vel
1509 2153 1580 2192 Ego
1602 2161 1650 2193 pr.
1672 2151 1709 2182 ob
1734 2155 1776 2183 st.
1792 2151 1825 2190 f.

365 2200 500 2239 legend.
530 2200 584 2229 vel
612 2199 644 2229 in
673 2200 762 2238 Ergo
790 2197 1020 2239 pyrrhichium
1037 2197 1211 2228 statuend.
1229 2196 1398 2236 praecipit.
1444 2196 1596 2228 Quorum
1614 2199 1771 2226 nentrum
1789 2204 1825 2224 se

366 2243 449 2272 satis
466 2242 645 2282 approbat.
693 2241 763 2272 Alii
779 2253 798 2272 α
810 2252 856 2272 me
871 2240 1008 2278 auferet.-
1025 2240 1095 2270 siue
1108 2240 1210 2270 dubio
1226 2248 1416 2279 perperam.
1438 2238 1540 2270 West.
1577 2238 1669 2277 Lege
1680 2247 1722 2268 ex
1740 2242 1824 2268 vett.

367 2285 445 2315 edd.
462 2290 497 2316 et
513 2294 579 2315 uuo
596 2285 671 2315 cod.
685 2285 791 2325 regi0,
802 2285 856 2314 sed
871 2284 1005 2314 inultum
1018 2282 1051 2313 id
1065 2292 1220 2323 nunquam
1234 2292 1253 2312 a
1268 2292 1314 2312 me
1329 2281 1462 2320 auferet.
1478 2281 1580 2312 Bent.
1616 2280 1719 2312 Bent.
1733 2289 1751 2310 α
1766 2290 1824 2311 me.

365 2328 492 2360 Itidem
508 2327 593 2359 GM.
618 2327 706 2359 Perl.
753 2327 948 2358 Bentleium
965 2326 1102 2358 omnino
1119 2325 1274 2367 sequitur
1290 2325 1391 2356 Both.
1415 2323 1480 2355 nisi
1503 2322 1593 2366 quod
1616 2323 1678 2355 dat
1693 2324 1747 2355 En
1761 2331 1824 2364 pro

1023 2423 1164 2456 NOTAE

412 2499 426 2526 1
458 2495 519 2526 Ubi
544 2494 610 2525 illic
635 2498 681 2525 est
705 2495 817 2535 scelus]
852 2495 860 2511 ‘
877 2493 975 2525 Illic’
993 2504 1068 2536 pro·
1167 2497 1186 2525 2
1213 2494 1288 2525 Tam
1300 2493 1377 2524 nulli
1386 2490 1523 2532 consilii]
1545 2489 1744 2522 Priscianus
1756 2492 1826 2520 tra-

368 2555 491 2576 nomen
512 2551 564 2576 est
592 2546 767 2585 comicum,
797 2550 832 2576 et
857 2546 975 2576 tritum
1008 2555 1070 2575 usu
1125 2544 1177 2576 dit
1212 2545 1244 2575 in
1280 2542 1555 2575 Institutionibus
1586 2540 1827 2573 Grammaticis

369 2596 470 2636 vulgi.
514 2595 673 2626 ‘Scelus’
710 2605 770 2636 pro
813 2596 971 2627 scelesto.
1014 2596 1070 2626 Sic
1126 2600 1204 2626 octo
1232 2595 1289 2626 illa
1316 2593 1465 2631 nomina,
1493 2601 1592 2631 unus,
1614 2591 1715 2629 ullus,
1739 2595 1827 2628 nter,

369 2646 484 2678 Graeci
512 2646 725 2676 substantivo
753 2650 894 2677 utuntur
925 2656 986 2687 pro
1011 2647 1070 2677 ad·
1125 2645 1249 2684 nulius,
1274 2648 1382 2682 totus,
1408 2643 1510 2682 solus,
1540 2641 1636 2679 alius,
1660 2645 1695 2671 et
1725 2640 1826 2679 alter,

361 2698 505 2739 jectivo.
544 2697 684 2727 Dicitur
708 2697 717 2713 ‘
735 2696 792 2727 iiie
819 2697 951 2736 scelus,’
985 2697 1069 2728 reia·
1125 2696 1271 2726 Veteres
1287 2693 1465 2725 inflectere
1478 2692 1693 2724 consuevisse
1711 2696 1747 2722 ut
1761 2691 1826 2721 alia

368 2748 461 2780 tione
494 2757 559 2778 non
589 2746 630 2777 ad
660 2756 776 2777 vocem
808 2748 817 2763 ‘
840 2746 974 2785 sce1us‚’
1010 2746 1068 2778 sed
1124 2746 1259 2777 nomina
1282 2745 1401 2787 primae
1429 2747 1464 2776 et
1486 2742 1647 2776 secundae
1674 2741 1825 2774 declina-

369 2798 411 2829 ad
428 2807 498 2829 rem
515 2795 750 2837 significatam,
768 2796 898 2828 scilicet
915 2797 1059 2828 Davum.
1125 2795 1236 2827 tionis.
