1903 3306
552 230 614 258 DE
649 229 831 258 ME'rRls
865 229 1079 258 comicis.
1461 222 1543 262 121

98 323 243 367 Quales
264 330 355 361 sunt
372 323 433 361 isti
453 336 610 361 versus:

206 387 371 425 Mirabar
391 387 466 426 hoc
486 392 519 425 si
539 393 593 425 sic
615 390 746 435 abiret,
768 393 805 426 et
823 388 903 425 heri
924 393 1071 438 semper
1091 387 1244 425 lenitas.

99 451 174 494 Qui
204 450 377 500 sequitur
404 450 591 489 dimetrus
611 459 684 498 est,
706 452 744 489 id
767 458 840 497 est,
860 458 1026 501 quatuor
1046 450 1241 502 simplices
1258 450 1378 501 pedes
1399 450 1538 489 habet:

204 514 370 552 Verebar
388 522 569 565 quorsum
591 516 781 554 evaderet.

100 579 195 616 Item
211 579 420 616 tetrametri
440 579 585 617 similes
606 580 644 616 hi
666 580 714 618 de
735 581 885 619 iambo:

204 646 397 681 enimvero
417 644 525 681 Dave
544 644 639 681 nihil
659 645 734 682 1ὕοί
755 651 814 682 est
834 647 1025 695 segnitiae,
1046 646 1171 692 neque
1192 641 1393 680 socordiae.

101 705 161 743 De
181 705 308 743 iambo
329 707 566 746 trochaicum
587 709 887 748 archilochicum
906 708 1009 746 unde
1029 708 1109 745 fieri
1130 707 1265 745 dicunt
1286 713 1462 743 metrum.

206 769 385 809 Creticon
407 771 662 810 Archilochus
683 785 802 823 supra
821 779 939 824 caput
958 771 1066 809 addit
1086 770 1213 808 iambi.

102 832 247 876 Quales
269 841 359 871 sunt
377 834 462 872 isti:

208 897 274 934 Du
292 898 382 936 boni
401 898 493 948 quid
512 906 638 949 porto.

206 961 284 998 Sed
302 961 367 999 ubi
385 966 574 1000 inveniam
594 962 849 1014 Pamphilum.

207 1024 336 1063 Laetus
358 1031 417 1063 est
436 1030 567 1065 nescio
586 1026 693 1077 quid.

209 1086 315 1125 Nihil
338 1095 409 1135 est,
430 1090 601 1128 nondum
622 1090 706 1128 haec
727 1095 881 1128 rescivit
902 1091 1014 1128 mala.

103 1139 164 1187 De
184 1149 311 1188 iambo
332 1151 632 1202 Hipponactico‚

211 1213 376 1253 Ultimus
397 1217 692 1269 amphibrachys
713 1218 885 1256 velocem
906 1217 1055 1256 claudit
1074 1217 1257 1261 iambum,

210 1278 290 1315 Aut
307 1279 491 1318 bacchius
512 1281 585 1319 erit
603 1281 689 1319 finis
707 1281 926 1319 discrimine
947 1280 1071 1324 nullo,

213 1340 340 1379 Utitur
361 1342 570 1394 Hipponax
591 1344 665 1382 hoc
684 1352 805 1382 metro
825 1344 1017 1382 maximus
1040 1351 1186 1381 auctor.

106 1403 250 1446 Quales
271 1412 362 1444 sunt
382 1406 420 1444 hi
440 1421 573 1446 versus
590 1422 599 1446 ε

212 1468 272 1505 Ne
292 1469 388 1508 forte
406 1471 628 1522 imprudens
648 1472 788 1509 faciam
808 1471 912 1522 quod
932 1471 1065 1517 nolim,
1087 1473 1184 1508 scic-ts
1205 1471 1363 1508 cavebo,

212 1531 312 1569 Nam
333 1539 365 1571 si
383 1538 578 1573 remittant
597 1536 793 1586 quippiam
813 1535 1054 1572 Philumenae
1075 1534 1243 1572 dolores.

213 1596 444 1647 Legitimum
463 1597 655 1636 interdum
677 1600 748 1637 sub
770 1598 897 1636 scenis
918 1598 1030 1649 ponit
1049 1599 1231 1636 iambum.

213 1661 455 1712 Obsequium
476 1662 634 1709 amicos,
653 1663 796 1701 veritas
814 1663 945 1700 odium
965 1662 1077 1713 parit.

215 1725 340 1763 Utitur
358 1725 419 1763 his
440 1725 602 1764 Plautus
622 1726 754 1764 metris
775 1733 814 1764 et
829 1726 932 1764 mille
950 1727 1090 1777 po'etae.

215 1789 274 1842 De
293 1789 457 1840 pedibus
477 1790 617 1841 quibus
636 1790 722 1828 haec
743 1791 964 1829 consistunt
978 1796 1100 1827 metra
1120 1787 1272 1826 notabis
1288 1800 1296 1824 ε

215 1852 406 1905 Dactylus
428 1860 495 1891 aut
513 1853 725 1905 spondaeus
745 1854 861 1901 inest,
886 1853 945 1892 vel
965 1865 1097 1892 cursor
1116 1853 1283 1897 iambus,

214 1917 294 1955 Aut
313 1925 536 1968 anapaestus
556 1918 640 1964 erit,
656 1917 771 1969 positi
792 1916 1012 1955 discrimine
1032 1916 1139 1953 nullo

215 1980 394 2018 Partibus
415 1981 454 2018 in
474 1981 602 2031 quinis
620 1994 628 2018 ε
659 1993 748 2018 nam
767 1987 857 2032 post
877 1981 977 2018 celer
997 1986 1105 2017 extat
1124 1980 1286 2017 iambus.

216 2043 485 2096 Pyrrichiusve
504 2045 603 2083 citus
623 2046 738 2083 finem
759 2044 992 2083 concludere
1012 2043 1149 2095 possit.

113 2107 165 2145 Ut
183 2116 275 2146 sunt
292 2107 332 2145 hi
348 2109 444 2147 tales
462 2121 471 2146 ε

219 2173 407 2219 Exclusit,
427 2179 596 2218 revocat,
617 2172 772 2209 redeam
789 2170 804 2207 ’ἒ
834 2184 911 2208 non
934 2171 966 2208 si
986 2183 1046 2207 me
1066 2170 1266 2207 obsecret:

217 2235 333 2279 Quod
352 2236 523 2288 plerique
546 2248 681 2273 omnes
702 2236 850 2274 faciunt
872 2233 1167 2273 adolescentuli.

113 2300 173 2338 De
194 2302 346 2339 nomine
365 2301 505 2339 talium
524 2313 706 2338 versuum
728 2300 806 2337 sive
826 2306 1049 2337 metrorum.

221 2365 383 2403 Graecus
405 2364 732 2416 apamphaenonta
753 2364 852 2401 solet
869 2376 1080 2401 memorare
1097 2363 1227 2413 poeta.

220 2428 488 2466 Immanifesta
506 2436 648 2466 vocant
667 2428 752 2466 haec
772 2427 945 2465 carmina
963 2440 1057 2465 voce
1080 2425 1219 2464 Latini.

220 2492 337 2530 Hunc
357 2493 569 2530 trimetrum
589 2499 736 2530 veteres
758 2491 864 2529 Graii
884 2491 1113 2541 cognomine
1135 2489 1280 2535 dicunt,

221 2555 336 2600 Quod
355 2555 520 2606 pedibus
532 2556 676 2607 junctis
695 2555 800 2592 hunc
821 2554 1008 2592 scandere
1029 2567 1133 2605 saepe
1158 2553 1349 2591 solebant.

221 2619 382 2657 Ponitur
401 2627 468 2657 aut
487 2632 641 2667 scazon,
662 2619 890 2670 spondaeum
910 2619 997 2657 finis
1017 2617 1188 2657 habebit.

118 2683 261 2728 Quales
282 2690 372 2721 sunt
392 2683 478 2721 isti:

224 2747 306 2785 Nec
326 2747 430 2786 fonte
452 2747 558 2785 labra
577 2746 700 2799 prolui
721 2746 914 2785 caballino
932 2758 941 2783 ε
