1945 3296
488 206 550 238 DE
582 206 854 236 TRAGOEDIA
890 207 948 236 ET
982 207 1233 238 comosum.
1533 201 1590 242 47

135 299 423 338 madvertimus.
483 297 610 349 Hujus
632 305 761 336 autem
799 298 958 349 originis
988 300 1085 339 ratio
1119 302 1167 339 ab
1198 303 1337 340 exteris
1369 303 1589 342 civitatibus

136 365 381 414 moribusque
400 362 585 413 pervenit.
642 362 901 400 Athenienses
926 376 1109 414 namque,
1129 364 1301 402 Atticam
1322 365 1590 404 custodientes

136 428 384 478 elegantiam,
405 439 494 464 cum
513 425 656 464 vellent
681 426 780 464 male
800 427 973 465 viventes
995 435 1144 473 notare,
1176 429 1214 465 in
1235 429 1341 467 vicos
1362 437 1401 467 et
1421 431 1592 480 compita

137 505 184 530 ex
203 491 382 530 omnibus
401 490 498 528 locis
518 489 598 527 laeti
618 489 847 541 alacresque
863 491 1070 528 veniebant
1087 503 1096 528 ε
1118 491 1248 542 ibique
1264 505 1352 530 cum
1370 493 1591 531 nominibus

135 556 374 607 singulorum
394 556 512 593 vitam
538 553 815 605 publicabant:
858 553 962 591 unde
994 566 1137 593 nomen
1160 556 1431 607 compositum,
1454 567 1496 594 ut
1515 557 1594 594 Co-

135 620 278 659 moedia
296 625 513 658 vocaretur.
572 617 670 656 Haec
691 625 820 654 autem
840 618 1012 655 carmina
1033 618 1071 655 in
1092 619 1213 669 pratis
1233 620 1397 670 primum
1412 620 1594 659 mollibus

135 685 364 736 agebantur.
412 683 497 721 Nec
516 681 679 719 deerant
697 681 871 732 praemia,
893 682 1034 732 quibus
1056 683 1107 720 ad
1127 683 1375 721 scribendum
1389 683 1593 722 doctorum

136 753 438 799 provocarentur
452 746 633 798 ingenia:
666 745 737 784 sed
765 751 804 783 et
825 746 1020 783 actoribus
1045 759 1206 784 munera
1226 746 1497 794 offerebantur,
1518 761 1595 798 quo

134 812 318 851 libentius
331 810 510 863 jucundo
538 810 644 848 vocis
664 809 769 847 flexu
801 809 851 847 ad
873 809 1121 848 dulcedinem
1143 810 1490 849 commendationis
1511 819 1595 850 ute-

135 883 280 916 rentur.
330 876 456 927 Caper
476 887 643 925 namque
666 886 736 925 pro
756 873 871 911 donis
893 873 952 911 his
969 874 1147 921 dabatur,
1165 875 1256 925 quia
1276 874 1415 913 vitibus
1436 876 1596 914 noxium

136 940 279 978 animal
297 939 539 978 habebatur:
576 951 598 976 a
626 951 704 989 quo
736 938 854 976 etiam
890 938 1107 989 Tragoediae
1146 951 1287 977 nomen
1317 946 1493 977 exortum
1524 948 1597 978 est.

137 1003 324 1043 Nonnulli
353 1009 483 1042 autem
505 1016 552 1041 ex
587 1015 745 1041 amurca
778 1002 853 1040 olei
889 1002 999 1049 faece,
1032 1016 1121 1053 quae
1149 1010 1210 1040 est
1242 1002 1380 1040 humor
1400 1004 1596 1054 aquatilis,

135 1067 381 1118 Tragoediam
401 1065 478 1104 dici
499 1065 704 1117 vocarique
733 1065 971 1104 maluerunt.
1031 1066 1106 1110 Qui
1132 1066 1213 1104 ludi
1234 1078 1323 1104 cum
1340 1080 1408 1119 per
1429 1067 1596 1106 artifices

133 1131 172 1169 in
191 1131 379 1170 honorem
414 1129 539 1168 Liberi
568 1130 689 1181 patris
717 1136 940 1181 agerentur,
968 1130 1085 1168 etiam
1104 1130 1178 1181 ipsi
1200 1130 1488 1170 Comoediarum
1508 1132 1598 1170 Tra-

137 1185 431 1246 goediarumque
468 1193 678 1244 scriptores
719 1193 839 1244 hujus
876 1193 964 1240 Dei,
987 1194 1093 1231 velut
1123 1194 1259 1245 patris,
1291 1208 1435 1234 numen
1469 1196 1597 1234 colere

135 1258 386 1309 venerarique
421 1263 636 1307 coeperunt.
705 1257 829 1308 Cujus
865 1257 919 1294 rei
951 1258 1162 1308 probabilis
1196 1258 1293 1297 ratio
1327 1260 1470 1298 extitit.
1538 1260 1598 1299 Ita

135 1322 238 1362 enim
257 1322 429 1361 carmina
447 1321 629 1360 inchoata
647 1321 958 1373 proferebantur,
980 1328 1024 1360 ut
1038 1335 1106 1373 per
1120 1335 1166 1361 ea
1180 1323 1318 1361 laudes
1339 1323 1422 1375 ejus
1441 1331 1480 1363 et
1493 1325 1599 1363 facta

135 1385 306 1437 gloriosa
323 1385 509 1424 celebrari
528 1385 766 1437 proferrique
787 1393 985 1424 constaret
1002 1400 1011 1425 ε
1044 1394 1126 1424 tum
1147 1387 1335 1439 paulatim
1355 1388 1459 1426 fama
1480 1388 1596 1439 hujus

135 1450 229 1489 artis
247 1442 448 1489 increbuit.
512 1449 678 1500 Thespis
714 1455 843 1486 autem
877 1450 1023 1500 primus
1058 1450 1143 1488 haec
1179 1452 1326 1502 scripta
1355 1453 1394 1490 in
1426 1452 1598 1491 omnium

136 1515 314 1553 notitiam
334 1513 508 1565 protulit.
565 1512 712 1550 Postea
729 1513 955 1564 AEschylus,
978 1522 1136 1553 secutus
1166 1517 1401 1567 exemplum,
1422 1516 1598 1568 publica-

134 1579 202 1618 vit.
258 1578 319 1616 De
336 1578 476 1629 quibus
492 1576 548 1615 ita
564 1576 751 1615 Horatius
771 1577 811 1614 in
830 1577 925 1615 Arte
946 1577 1108 1616 Po'etica
1127 1578 1298 1630 loquitur
1315 1593 1324 1617 ε

239 1674 424 1725 Ignotum
440 1672 617 1724 Tragicae
639 1685 763 1723 genus
784 1672 980 1711 invenisse
1000 1685 1190 1711 camoenae

243 1737 411 1783 Dicitur,
432 1742 472 1775 et
490 1735 674 1787 plaustris
695 1735 848 1774 vexisse
869 1737 1052 1786 poiimata
1067 1736 1248 1787 Thespis,

243 1800 344 1844 Quae
364 1805 551 1838 canerent
569 1805 806 1850 agerentque
827 1800 1006 1850 peruncti
1026 1799 1189 1838 faecibus
1209 1813 1290 1838 ora.

241 1864 341 1902 Post
357 1864 464 1902 hunc
483 1875 662 1914 personae
684 1862 878 1914 pallaeque
899 1869 1073 1914 repertor
1091 1863 1269 1902 honestae

245 1927 455 1980 AEscbylus
476 1933 515 1965 et
535 1925 700 1964 modicis
721 1926 899 1964 instravit
920 1926 1073 1977 pulpita
1093 1927 1226 1977 tignis,

241 1991 293 2029 Et
311 1990 444 2029 docuit
461 2002 726 2040 magnumque
746 1989 868 2040 loqui,
890 1990 1036 2041 nitique
1057 1991 1267 2030 cothurno.

244 2055 443 2094 Successit
463 2061 574 2093 vetus
593 2053 657 2091 hic
678 2053 881 2091 Comoedia
899 2067 975 2091 non
998 2055 1081 2092 sine
1100 2055 1225 2093 multa

247 2118 380 2157 Laude
399 2132 409 2157 ε
442 2117 511 2156 sed
531 2118 570 2155 in
589 2117 723 2155 vitium
744 2116 902 2154 libertas
923 2117 1082 2165 excidit,
1104 2124 1142 2156 et
1163 2118 1238 2157 vim

243 2183 416 2234 Dignam
433 2181 520 2233 lege
540 2181 646 2232 regi:
677 2182 741 2219 lex
761 2187 823 2219 est
842 2189 1026 2232 accepta:
1057 2182 1278 2236 chorusque

242 2247 421 2298 Turpiter
441 2245 603 2283 obticuit
620 2245 774 2283 sublato
788 2244 876 2295 jure
898 2245 1081 2283 nocendi.

245 2310 312 2348 Nil
331 2310 566 2347 intentatum
587 2309 709 2347 nostri
729 2308 876 2361 liquere
896 2311 1049 2361 poe'tae:

245 2374 331 2413 Nec
349 2373 548 2412 minimum
567 2387 739 2412 meruere
760 2373 894 2420 decuS‚
914 2374 1080 2426 vestigia
1096 2374 1239 2413 Graeca

244 2437 340 2476 Ausi
360 2437 552 2484 deserere,
572 2443 612 2476 et
631 2437 828 2476 celebrare
850 2437 1069 2477 domestica
1088 2438 1205 2485 facta,

245 2501 320 2540 Vel
339 2502 405 2552 qui
424 2507 650 2552 praetextas,
672 2500 732 2539 vel
752 2501 817 2552 qui
839 2501 1007 2540 docuere
1027 2508 1198 2553 togatas.

193 2602 344 2641 Fabula
363 2602 543 2653 generale
568 2614 710 2639 nomen
732 2608 814 2644 est;
854 2600 936 2652 ejus
958 2599 1047 2637 duae
1074 2601 1205 2652 primae
1225 2606 1357 2651 partes
1379 2606 1483 2644 sunt,
1504 2598 1598 2637 Tra-

141 2667 269 2718 goedia
282 2673 322 2705 et
337 2665 552 2704 Comoedia.
591 2666 633 2704 Si
653 2666 789 2704 Latina
809 2664 1094 2716 argumentatio
1110 2665 1173 2712 sit,
1193 2671 1428 2716 praetextata
1445 2663 1597 2701 dicitur.

142 2731 346 2770 Comoedia
365 2738 493 2770 autem
514 2731 657 2769 multas
678 2730 827 2783 species
847 2729 977 2767 habet.
1034 2730 1115 2767 Aut
1138 2730 1239 2768 enim
1259 2728 1419 2780 palliata
1437 2733 1510 2771 est,
1531 2732 1598 2764 aut
