1903 3306
320 216 407 258 362
816 226 856 254 P.
888 221 1128 253 TEREN‘ru
1162 219 1279 251 AFRI

322 322 425 362 MY.
444 321 515 361 Tu
537 321 714 361 nescis?
776 320 871 360 DA.
896 318 1025 358 Mitte
1045 316 1104 366 id,
1126 315 1243 368 quod
1261 313 1357 355 scio
1375 326 1385 354 ε
1407 312 1494 362 dic,
1517 311 1634 365 quod
1651 318 1775 364 rogo,‘

323 389 426 430 ΜΥ.
449 387 616 429 Vestri.
648 387 741 428 DA.
763 387 901 439 Cujus
920 384 1089 426 vestri?
1123 382 1226 423 MY.
1249 379 1485 434 Pamphili.
1518 379 1613 420 DA.
1635 379 1773 420 Hem!

496 454 635 507 quid?
668 452 922 506 Pamphili?
1716 445 1773 486 ’26

324 523 426 564 ΜΥ.
463 522 576 571 Eho,
612 533 754 561 annon
789 520 889 559 est?
952 517 1040 558 CH.
1077 517 1220 558 Recte
1252 528 1332 568 ego
1365 527 1537 568 semper
1567 512 1662 565 fugi
1693 513 1774 554 has

494 588 686 641 nuptias.

324 657 417 698 DA.
450 655 488 695 O
511 655 682 695 facinus
705 650 1164 705 animadvertendum!
1224 649 1326 689 MY.
1358 647 1480 699 Quid
1502 647 1732 709 clagjtas?

325 725 418 766 DA.
450 722 652 772 Quemne
672 733 753 772 ego
775 719 865 759 heri
885 718 975 759 vidi
995 717 1049 758 ad
1069 729 1147 757 vos
1169 716 1311 757 afferri
1330 715 1536 768 vesperi?

328 791 431 832 MY.
454 789 492 830 O
515 789 731 829 hominem
753 786 990 827 audacem!
1051 786 1144 826 DA.
1167 783 1333 824 Verum
1354 796 1363 824 :
1395 783 1485 824 vidi
1507 781 1776 822 Cantharam

326 857 678 900 Suffarcinatam.
740 854 787 894 M
795 866 841 894 Y.
873 854 958 895 Dis
979 854 1055 907 pol
1075 853 1219 893 habeo
1241 852 1417 902 gratias,
1718 847 1775 888 31

325 1002 358 1032 id
369 1002 446 1041 quod
461 1002 541 1032 scio:
565 999 616 1030 dic
631 1000 711 1039 quod
723 1008 837 1039 quaero.
883 997 961 1028 MY.
991 995 1106 1028 Vestri.
1152 995 1224 1026 DA.
1243 994 1339 1033 Cujus
1353 993 1471 1025 vestri?
1513 991 1592 1023 MY.
1610 991 1778 1031 Pamphili.

327 1046 399 1075 DA.
425 1045 519 1083 Hem,
535 1043 608 1083 quid
621 1043 680 1079 ais,
698 1040 878 1081 Pamphili?
922 1040 1002 1070 MY.
1029 1039 1107 1077 Eho,
1121 1048 1161 1068 an
1176 1048 1235 1068 non
1250 1041 1317 1068 est?
1361 1037 1432 1068 CH.
1458 1035 1576 1066 Merito
1590 1043 1709 1073 semper
1721 1044 1777 1073 ego

326 1087 381 1117 has
395 1086 496 1117 vitare
510 1086 593 1117 volui
607 1085 743 1125 nuptias.
789 1084 859 1113 DA.
886 1083 915 1112 Ο
930 1081 1057 1119 facinus
1070 1082 1259 1121 puniendum
1273 1080 1288 1111 !
1331 1080 1411 1109 MY.
1437 1079 1503 1109 Cur
1517 1078 1591 1108 adeo
1603 1078 1779 1107 exclamas?

328 1130 398 1160 DA.
425 1129 508 1159 Tune
523 1128 603 1159 hunc
615 1136 743 1167 puerum
758 1126 836 1156 dicis
850 1134 912 1155 esse
929 1124 1096 1164 Pamphili,
1112 1133 1197 1164 quem
1212 1132 1269 1162 ego
1284 1122 1352 1153 heri
1369 1121 1434 1151 vida·
1457 1122 1497 1151 ad
1521 1129 1574 1150 vos
1594 1118 1704 1159 afferri
1725 1118 1781 1149 sub

325 1170 509 1210 vesperam?
555 1171 633 1201 MY.
662 1170 690 1199 Ο
707 1169 859 1199 hominem
873 1166 1106 1206 impudentem!
1151 1166 1222 1196 DA.
1251 1165 1363 1196 Verum
1378 1167 1436 1194 est.
1487 1162 1562 1194 Vidi
1587 1161 1779 1192 Cantharam

327 1214 451 1245 sarcina
465 1216 637 1245 oneratam.
684 1212 759 1242 Mv.
784 1210 859 1242 Diis
871 1210 921 1250 pol
935 1208 1184 1248 habeogratias,·
1206 1206 1447 1248 quandoquidem
1470 1204 1609 1245 parienti
1634 1203 1779 1244 Glycerio

930 1309 970 1320 ee

328 1388 388 1418 Br.
417 1390 450 1418 et
482 1387 583 1417 Bent.
603 1385 641 1416 Z.
657 1383 758 1414 Both.
775 1381 954 1413 Peri—25
980 1380 1064 1411 Post
1078 1379 1088 1396 ‘
1101 1377 1223 1410 nescis’
1241 1378 1351 1418 glossa
1374 1377 1407 1408 in
1425 1377 1483 1408 ΒΓ.
1498 1378 1615 1407 notat:
1634 1374 1644 1392 ‘
1658 1375 1723 1405 Vel
1745 1372 1780 1410 ;’

331 1431 354 1461 i.
386 1439 415 1460 e.
443 1428 567 1469 absque
611 1425 978 1466 interrogatione—26
1016 1423 1176 1453 Varietas
1204 1420 1380 1452 Librorum
1409 1420 1490 1450 lect.
1519 1417 1604 1450 facit
1632 1417 1781 1448 dubiam.

330 1472 489 1503 Omnium
518 1469 740 1511 antiquissimi
766 1478 808 1498 ex
834 1466 935 1497 editis
951 1465 1089 1504 habent,
1116 1469 1153 1495 ut
1170 1463 1319 1494 exhibui.
1363 1461 1461 1493 Lind.
1489 1461 1635 1502 aliique:
1661 1456 1781 1498 Cujus?

327 1512 457 1545 nostri?
485 1514 610 1544 Rursus
643 1511 699 1542 alii
725 1510 825 1541 unica
847 1508 1137 1548 interrogatione:
1177 1505 1273 1544 Cujus
1299 1503 1429 1536 nostri?
1453 1503 1494 1534 In
1524 1503 1575 1533 his
1597 1507 1651 1534 est
1679 1501 1780 1533 Bodl-

333 1558 429 1588 West.
475 1556 556 1586 Par.
587 1551 707 1592 Cujus?
741 1550 868 1583 nostri?
904 1551 972 1581 Sed
1001 1550 1108 1589 magis
1132 1549 1293 1580 convenit
1331 1547 1428 1585 Caius
1449 1543 1575 1577 nostri?
1599 1544 1692 1576 Perl.
1723 1543 1782 1584 qui

327 1600 392 1630 hoc
428 1598 488 1629 dat
527 1608 603 1628 cum
634 1598 693 1627 ΒΓ.
723 1595 825 1626 Bent.
856 1594 958 1624 Both.
1004 1592 1113 1624 Dedit
1137 1593 1176 1623 Z.
1208 1588 1336 1629 Cujus?
1365 1587 1576 1621 nostrast—2⁷
1601 1586 1781 1620 Quomodo

327 1651 447 1682 semper
476 1640 576 1680 fugit,
603 1639 659 1681 qui
687 1648 711 1669 1.
734 1641 764 1668 1.
795 1639 848 1668 73.
880 1636 969 1666 ultro
997 1635 1038 1666 ad
1055 1635 1226 1666 Simonem
1255 1632 1370 1664 venit?
1394 1640 1520 1672 repone
1537 1631 1641 1671 igitur
1663 1638 1780 1668 nempe.

330 1684 467 1715 Deinde
498 1682 589 1714 ‘has'
606 1690 694 1723 pone
711 1684 790 1711 ante
818 1677 928 1718 ‘fugi,’
951 1678 1156 1709 auctoritate
1184 1676 1282 1706 unius
1312 1674 1451 1706 codicis.
1475 1674 1573 1704 Bent.
1623 1672 1690 1703 Has
1702 1670 1783 1710 fugi

329 1728 456 1767 nuptias
473 1726 563 1757 Perl.
608 1724 704 1755 Recte
719 1721 858 1760 hasfugi
870 1730 990 1760 semper
1012 1721 1136 1760 nuptias
1152 1720 1251 1750 Both.
1299 1717 1413 1758 Effugi
1429 1715 1543 1748 Guelt'.
1559 1716 1679 1746 2.--28
1703 1713 1785 1744 Edi-

329 1769 381 1800 dit
398 1769 498 1800 Both.
526 1768 555 1798 0
571 1767 667 1798 anim.
689 1765 757 1803 fac.
783 1765 860 1795 MY.
886 1761 996 1798 Quid?
1019 1764 1090 1803 qaia
1113 1763 1291 1792 claim—29
1317 1761 1414 1795 Quem
1430 1760 1489 1789 ΒΓ.
1506 1756 1650 1796 Perferri
1664 1757 1704 1786 ad
1719 1765 1784 1786 ves-

329 1821 438 1852 peram
455 1809 570 1841 Guelf.
583 1813 614 1840 3.
631 1808 776 1846 Perferri
792 1808 906 1846 legere
921 1805 988 1836 Gu.
1002 1808 1033 1836 1.
1049 1809 1146 1835 notat
1164 1804 1354 1834 Both.--30
1378 1803 1504 1833 Petrus
1521 1799 1675 1831 Nannius
1699 1798 1784 1829 Mis-

331 1855 408 1885 cell.
426 1853 482 1884 lib.
507 1862 531 1885 1.
555 1862 598 1883 ex
622 1851 825 1891 conjectura
841 1849 937 1888 legit,
966 1848 1148 1878 cantharum
1172 1845 1431 1886 Saffarcz'natum,
1448 1843 1642 1883 intelligens
1665 1839 1785 1882 χύτραν

332 1906 392 1927 seu
408 1895 514 1926 fictile
538 1905 610 1933 vas,
635 1891 824 1933 cujusmodi
841 1890 986 1921 Athenis
1011 1890 1043 1920 in
1065 1888 1276 1928 exponendis
1303 1887 1418 1927 pueris
1444 1885 1548 1916 fuisse
1579 1885 1716 1922 usitata,
1740 1892 1784 1914 ex

332 1938 534 1976 Aristotele,
549 1936 767 1972 Callimacho,
783 1938 819 1964 et
834 1932 1062 1972 Aristophane
1080 1932 1237 1962 observat
1253 1929 1452 1960 Farnobius.
1498 1927 1539 1958 In
1556 1926 1676 1958 eadem
1700 1934 1782 1957 vero

332 1991 399 2022 qua
417 1981 572 2012 Nannius
598 1978 767 2010 sententia
792 1976 898 2006 fuisse
924 1977 1050 2015 plures,
1078 1984 1120 2005 ex
1149 1973 1255 2004 tribus
1280 1970 1400 2003 Leidd.
1417 1975 1576 2010 apparet,
1591 1969 1626 2000 in
1641 1977 1783 2009 quorum

332 2034 397 2055 uno
415 2023 490 2054 voci
506 2022 687 2053 cantharam
714 2018 994 2058 suprascriptum,
1017 2016 1077 2047 sed
1108 2015 1175 2046 alia
1190 2024 1304 2054 manu,
1322 2013 1501 2045 ‘chorbem
1516 2011 1536 2050 ;'
1560 2012 1594 2049 in
1620 2010 1784 2050 secundo,

330 2069 339 2084 ‘
353 2066 489 2097 corbem
503 2066 524 2104 ;'
540 2065 573 2095 in
592 2063 727 2102 tertio,‘
743 2061 879 2093 corbem
896 2060 1076 2091 honustam
1088 2058 1130 2090 de
1147 2056 1277 2098 puero!
1300 2055 1428 2087 Ansam
1446 2053 1542 2086 dedit
1554 2053 1784 2094 Eugraphius.

331 2109 418 2140 Mihi
436 2108 469 2139 id
489 2106 717 2138 duriusculum
734 2104 880 2135 videtur.
927 2103 972 2133 Et
995 2102 1112 2133 obstat
1140 2109 1325 2132 consensus
1341 2099 1540 2138 Msstorum,
1557 2105 1698 2137 quorum
1710 2096 1785 2126 nul-

331 2152 401 2182 lum
418 2159 565 2191 uuquam
581 2148 667 2179 vidit
688 2147 856 2185 Nannius,
868 2145 942 2185 ipso
958 2148 1059 2183 teste,
1077 2143 1227 2174 Miscell.
1243 2142 1303 2173 lib.
1319 2151 1361 2172 11.
1387 2150 1462 2180 cap.
1476 2142 1510 2170 6.
1554 2138 1664 2170 Video
1681 2137 1784 2169 Lind.·

332 2193 499 2225 accedere
515 2192 558 2222 ad
575 2189 779 2222 sententiam
797 2188 937 2220 Nannii.
964 2187 1062 2219 West.
1108 2186 1218 2217 Recte
1246 2195 1265 2216 a
1287 2185 1393 2215 West.
1410 2181 1611 2222 repudiatur
1628 2180 1717 2212 ratio
1740 2180 1783 2211 P.

332 2236 472 2268 Nannii.
489 2235 587 2266 Zean.
638 2232 768 2264 Verum.-
791 2232 857 2262 vz'di
886 2231 924 2261 C.
970 2230 1024 2260 lta
1041 2238 1117 2260 cum
1134 2229 1237 2259 Bent.
1252 2228 1360 2258 West.
1377 2224 1529 2256 distinxi.
1575 2224 1688 2255 Prave
1705 2232 1784 2253 con-

333 2279 470 2310 tinuant
487 2277 586 2308 Lind.
603 2276 685 2307 Par.
702 2284 777 2305 cum
794 2283 890 2315 seqq.
939 2272 1054 2304 Veram
1082 2271 1159 2302 vidi.
1184 2270 1276 2301 Perl.
1321 2269 1416 2299 Hanc
1442 2270 1521 2308 post
1538 2266 1652 2297 Canth.
1678 2265 1785 2296 habet

334 2322 480 2352 Br.—3l
505 2321 585 2351 Duo
601 2328 620 2349 e
645 2317 771 2348 nostris
784 2318 948 2355 gratiam5
970 2318 1074 2345 recte.
1097 2313 1195 2344 Bent.
1241 2313 1344 2343 Bent.
1361 2314 1455 2342 recte
1482 2309 1593 2340 edidit
1614 2308 1755 2347 gratiam
1771 2317 1784 2344 ;

334 2373 410 2394 nam
435 2363 499 2394 hoc
522 2366 575 2392 est
603 2369 646 2391 ex
673 2369 766 2390 more
784 2359 1009 2390 Comicorum.
1028 2357 1069 2388 R.
1084 2356 1130 2387 D.
1177 2355 1289 2394 Vulgo
1309 2353 1445 2393 gratias,
1468 2351 1656 2391 refraganti
1672 2350 1721 2381 B:
1748 2352 1785 2380 et

334 2406 515 2437 verisimile
535 2407 589 2436 est
613 2402 832 2434 obliteratam
860 2400 965 2432 fuisse
980 2398 1124 2430 formam
1140 2397 1408 2429 insolentiorem.
1431 2394 1529 2428 Both.
1556 2393 1613 2435 qui
1636 2392 1696 2424 dat
1707 2400 1785 2432 gra-

989 2477 1134 2510 NOTAE

378 2563 418 2591 25
446 2559 543 2589 Mitte
567 2558 612 2596 id,
633 2558 712 2597 quod
734 2554 812 2595 scio]
837 2553 923 2585 Haec
946 2561 1034 2584 sum-
1088 2550 1154 2581 illis
1171 2549 1314 2590 gratiam
1327 2557 1346 2579 a
1363 2547 1482 2588 quibus
1498 2545 1645 2577 fatemur
1659 2544 1784 2577 benefi-

336 2612 439 2644 misse
454 2609 554 2640 etiam
571 2608 666 2638 dicit.
1086 2601 1176 2633 cium
1202 2599 1386 2640 accepisse,
1401 2606 1465 2629 nec
1491 2604 1590 2636 posse
1619 2594 1703 2626 illud
1732 2605 1786 2626 re-

378 2663 422 2692 26
447 2658 541 2697 Cujus
563 2657 673 2697 vestri]
706 2656 791 2687 Vult
820 2654 900 2686 data
928 2661 1035 2693 opera
1085 2650 1199 2682 ferre:
1224 2649 1302 2681 Diis
1327 2657 1407 2679 vero
1434 2647 1532 2686 dixit,
1556 2645 1685 2677 ‘habeo
1708 2655 1783 2687 gra-

338 2709 552 2751 Pamphilum
568 2705 744 2737 nominari.
1088 2702 1176 2743 tias,’
1191 2709 1273 2743 quas
1289 2699 1339 2731 his
1356 2697 1500 2730 reddere
1514 2695 1642 2737 nequit.

381 2763 421 2793 31
446 2759 507 2791 Dis
519 2758 570 2799 pol
587 2756 680 2789 habeo
698 2754 836 2795 gratias]
859 2752 1033 2785 Habemus
