1903 3306
558 210 764 241 ANnfflAE
799 211 907 240 Aer.
944 210 993 240 ιι,
1027 210 1097 240 so.
1131 211 1204 239 ιη.
1525 202 1608 241 317

147 309 237 351 ΡΑ.
259 308 454 350 Suadere
475 308 581 348 noli.
641 307 736 348 DA.
759 306 830 348 Ex
852 320 906 348 ea
927 319 971 347 re
995 305 1100 360 quid
1121 306 1210 353 fiat,
1233 305 1349 347 vido.

147 377 238 418 PA.
269 375 332 417 Ut
352 376 408 416 ab
431 375 511 428 illa
529 375 757 424 excludar,
779 375 864 433 hug
887 374 1137 415 concludar.
1198 373 1293 414 DA.
1316 373 1419 414 Non
1439 373 1501 414 ita
1523 378 1603 415 cst,

145 445 324 497 Nempe
346 444 429 485 hoc
451 444 517 484 sic
539 456 638 484 esse
659 443 815 497 opinor
835 443 1052 484 dicturum
1073 446 1243 495 patrem
1261 455 1270 483 :

142 512 301 553 Ducas
321 512 423 553 volo
443 511 575 552 hodie
593 524 799 552 uxorem:
833 516 897 560 tu,
925 511 1111 560 Ducam,
1134 510 1322 564 inquies.

144 579 284 629 Cedo,
307 579 412 632 quid
427 579 624 633 jurgabit
642 583 789 619 tecum
806 579 825 618 ‘P
857 578 929 642 Q
951 577 1110 618 reddes
1131 577 1295 626 omnia,
1552 575 1607 616 15

145 644 262 696 Quae
285 659 399 687 nunc
421 650 522 686 sunt
542 648 661 686 certa
681 645 723 685 ei
745 645 947 695 consilia,
970 646 1138 686 incerta
1160 649 1210 685 ut
1230 645 1358 694 sient,

140 713 244 755 ‘Sine
285 714 402 755 omni
439 713 605 767 periclo
625 726 634 755 :
676 726 779 754 nam
819 713 956 755 hocce
994 712 1114 754 haud
1149 712 1335 752 dubium
1376 716 1457 761 est,
1500 711 1603 765 quin

316 781 527 822 Chremes

142 849 247 891 Tibi
266 861 355 890 non
375 848 447 889 det
467 854 645 901 gnatam
664 862 673 890 :
704 862 784 890 neo
807 853 928 895 turea,
949 861 1087 889 causa
1106 847 1315 888 minueris

145 917 277 966 Haec,
299 930 401 971 quae
421 917 560 968 saci83
590 929 644 957 ne
665 917 704 957 is
725 920 859 958 mutet
880 929 1005 957 suam
1030 907 1299 956 senteutiam.

142 985 266 1026 Patri
285 984 357 1025 dic
379 984 517 1026 velle:
540 988 601 1034 ut,
624 968 725 1025 cu‘m
746 984 852 1024 velit
874 984 955 1024 tibi
970 983 1068 1037 jure
1090 984 1233 1031 irasci,
1257 996 1343 1023 non
1365 987 1512 1036 queat.
1545 982 1602 1023 20

144 1052 278 1102 Nam,
312 1053 432 1106 quod
453 1058 500 1094 tu
523 1041 691 1107 s‘fferas,
725 1052 1002 1106 propulsabo
1025 1051 1184 1093 facile:
1218 1038 1398 1093 uxiffem
1421 1051 1488 1092 his
1510 1064 1601 1092 mo-

311 1122 433 1162 ribus

138 1261 213 1283 esse.
247 1250 313 1283 ΡΑ.
340 1251 412 1283 Noli
423 1253 562 1290 suadere,
578 1255 612 1283 ut
628 1254 729 1283 dicam
745 1262 791 1284 me
806 1253 980 1284 ducturum.
1014 1252 1082 1283 DA.
1112 1252 1204 1291 Vide,
1218 1251 1291 1294 quid
1308 1261 1348 1283 ex
1363 1261 1398 1282 ea
1418 1261 1452 1282 re
1467 1250 1600 1283 eveniat.

138 1294 206 1325 ΡΑ.
242 1295 286 1325 Ut
312 1305 330 1325 α
357 1295 504 1336 Glycerio
530 1296 689 1334 excludar,
720 1306 788 1326 cnm
817 1296 1000 1326 Philumena
1029 1295 1204 1327 concludar.
1261 1296 1332 1326 DA.
1371 1295 1443 1325 Non
1467 1295 1515 1325 ila
1543 1297 1600 1326 est.

138 1337 259 1377 Nempe
271 1337 392 1377 opinor,
408 1338 440 1368 id
451 1347 515 1368 esse
529 1339 684 1369 dicturum
697 1339 756 1369 tibi
769 1342 892 1378 patrem
905 1339 1062 1369 Simonem
1072 1349 1082 1369 .-
1106 1338 1192 1377 Volo,
1204 1341 1236 1368 ut
1250 1338 1338 1369 hodie
1354 1339 1448 1368 ducas
1460 1348 1588 1368 uxorem
1598 1359 1605 1368 .

138 1380 185 1410 Tu
199 1389 282 1418 vero,
303 1380 439 1419 Ducam,
462 1380 592 1421 inquies.
638 1381 702 1411 Dic
726 1382 816 1419 mihi,
833 1391 893 1422 qua
917 1383 954 1412 de
981 1390 1014 1412 re
1033 1385 1124 1422 pater·
1141 1381 1290 1421 jurgabit
1316 1384 1425 1418 tecum,
1453 1381 1479 1411 si
1501 1381 1548 1411 ila
1572 1381 1602 1411 ei

135 1422 340 1463 responderis.
377 1423 462 1454 Tunc
476 1425 509 1454 id
525 1424 647 1465 efficies,
663 1427 710 1461 ut,
725 1426 804 1464 quod
819 1427 938 1455 certum
954 1427 984 1456 et
999 1424 1202 1455 deliberatum
1214 1427 1259 1455 est
1271 1424 1299 1454 ez'
1311 1424 1433 1464 eccequi,
1450 1423 1604 1455 incertum

126 1465 206 1506 fiat,
235 1466 302 1496 sine
326 1465 389 1496 ullo
415 1466 551 1506 periculo
580 1468 727 1497 ducenda>
745 1467 965 1498 Philumenae:
1001 1477 1071 1498 nam
1095 1467 1184 1498 hocce
1209 1466 1336 1498 dubium
1362 1477 1421 1497 rum
1446 1470 1504 1505 est,
1528 1466 1604 1506 quin

139 1509 286 1539 Chremes
300 1518 360 1539 non
375 1510 426 1540 det
444 1508 502 1539 tibi
509 1509 619 1550 filiam
643 1519 782 1540 uxorem.
827 1511 896 1540 Nec
913 1513 957 1545 lu,
974 1520 1010 1540 ea
1035 1520 1137 1550 causa,
1155 1511 1233 1550 quod
1255 1510 1376 1540 dixeris
1391 1510 1477 1549 patri
1503 1512 1555 1540 tuo
1572 1513 1603 1539 te

134 1551 224 1582 illam
247 1552 425 1592 ducturum,
451 1552 554 1583 minus
574 1551 760 1592 frequenter
775 1562 844 1583 cum
875 1553 1020 1594 Glycerio
1038 1553 1210 1584 versaberis
1223 1564 1234 1589 ,·
1257 1562 1295 1583 ne
1309 1553 1426 1583 scilicet
1445 1552 1602 1593 Chremes,

135 1595 261 1625 credens
277 1597 308 1625 te
331 1594 419 1625 illam
433 1595 599 1634 dimisisse,
624 1599 721 1626 mutet
736 1597 923 1627 sententiam
937 1598 975 1627 de
1000 1606 1060 1627 non
1076 1597 1177 1626 danda
1193 1596 1252 1626 tibi
1269 1595 1344 1637 filia
1357 1605 1368 1632 ;
1390 1599 1477 1635 teque
1493 1605 1603 1625 rursus

133 1645 282 1675 generum
296 1640 394 1676 petat.
441 1638 487 1668 Tu
510 1641 614 1669 autem
640 1638 691 1669 dic
708 1639 796 1678 patri
821 1642 853 1669 te
874 1639 949 1670 telle
966 1639 1085 1677 facere,
1111 1649 1178 1679 quoe
1204 1639 1335 1669 voluerit
1347 1649 1360 1675 ,·
1390 1642 1435 1677 ut,
1462 1637 1603 1678 quamvis

136 1679 252 1720 cupiat,
266 1679 420 1718 tibijusta
434 1681 472 1711 de
487 1690 580 1712 causa
594 1681 690 1712 irasci
705 1691 766 1712 non
779 1682 891 1722 possit.
937 1683 1034 1722 Nam,
1048 1683 1129 1722 quod
1144 1685 1179 1713 tu
1201 1691 1315 1722 speres,
1330 1680 1471 1720 refutabo
1479 1682 1577 1720 facile
1590 1692 1600 1711 ,-

747 1788 989 1800 eer‘teeeeeeo

136 1869 212 1897 erat
227 1865 361 1904 faciam.
389 1866 490 1899 Dave.
524 1866 580 1897 Er.
627 1868 821 1898 Praestaret
849 1867 917 1906 Ego
944 1865 1071 1898 dicam?
1095 1867 1153 1897 Er.
1172 1871 1206 1898 et
1223 1866 1318 1898 Glar.
1346 1865 1428 1897 duas
1451 1866 1601 1907 syllabas

136 1909 253 1940 deesse
269 1912 404 1950 putant.
432 1909 619 1941 West.—12
644 1910 734 1950 Guy.
763 1910 806 1941 Ut
822 1911 894 1941 hinc
909 1911 987 1941 excl.
1007 1909 1112 1940 west.
1128 1909 1184 1950 qui
1202 1910 1235 1940 in
1252 1908 1430 1940 Addendis
1456 1915 1570 1940 monet
1590 1919 1598 1940 ε

135 1953 144 1968 ‘
163 1952 209 1984 G.
223 1962 260 1982 aa:
274 1952 366 1983 conci.
392 1950 537 1983 fortasse
556 1962 616 1992 pro
632 1953 689 1984 hac
705 1955 800 1984 conci.
825 1953 915 1994 quod
931 1958 983 1983 est
999 1953 1033 1983 in
1059 1952 1130 1983 EA.
1148 1953 1221 1984 ET.
1238 1953 1318 1983 EM.
1345 1952 1405 1983 sed
1423 1958 1457 1983 et
1475 1952 1508 1983 in
1533 1953 1600 1983 Do·

135 1995 207 2025 nati
224 1993 278 2026 ed.
296 1994 429 2025 veteri!
475 1995 484 2012 ‘
498 1995 584 2025 Huc.
615 1995 671 2026 Sic
702 1997 806 2027 Bent.
834 1997 891 2028 Er.
919 1997 1028 2027 West.
1062 1995 1162 2026 Lind.
1208 1995 1248 2026 In
1270 1996 1356 2027 GM.
1381 2000 1416 2026 et
1433 1996 1490 2026 ΒΓ.
1517 1995 1599 2026 hac!

137 2038 233 2069 Perl.
257 2038 332 2069 Non
347 2037 393 2068 ita
408 2041 454 2068 est
472 2038 594 2078 Nempe
609 2038 676 2069 hoc.
717 2039 773 2070 Sic
792 2048 866 2078 esse,
883 2040 937 2079 &a
960 2039 1020 2069 ΒΓ.
1048 2039 1105 2069 ubi
1122 2042 1219 2069 notat
1235 2039 1348 2069 Bruns
1366 2048 1373 2068 :
1396 2038 1503 2068 ⁴Edd.
1530 2038 1598 2069 dis-

138 2080 297 2121 tinguunt
312 2085 390 2121 post
412 2081 422 2097 ‘
436 2085 491 2111 est
505 2080 514 2094 '
530 2081 730 2112 male.'-13
757 2081 900 2113 Omittit
916 2082 971 2112 hoc
988 2091 1051 2112 esse
1068 2080 1184 2112 Guelf.
1211 2084 1323 2112 l.-—l5
1350 2081 1475 2112 Reddes
1491 2081 1520 2111 ei
1536 2091 1599 2111 om-

135 2123 188 2154 nia
200 2124 347 2154 Br.—16
370 2123 453 2154 Sunt
469 2124 497 2154 ez'
514 2127 600 2154 certa
615 2125 743 2155 consilia
755 2124 888 2164 incerta,
901 2128 935 2155 ut
946 2125 1028 2155 sient
1043 2124 1108 2154 sine
1125 2123 1258 2155 id.—17
1284 2124 1355 2155 Hoc
1372 2134 1431 2165 pro
1447 2125 1536 2155 hocce
1552 2124 1598 2155 id.

135 2169 222 2197 ——18
243 2167 356 2207 Vulgo
370 2170 501 2205 gnatam
517 2178 527 2198 .-
551 2176 617 2206 nec,
632 2167 685 2206 δῖε.
711 2168 811 2202 male,
836 2167 934 2198 Both.
959 2168 1016 2208 qui
1034 2167 1142 2197 edidit
1157 2170 1301 2206 gnatam,
1322 2170 1518 2198 ne.--18-20
1542 2167 1598 2197 In-

136 2214 272 2249 tegrum
288 2210 400 2239 locum
418 2209 467 2239 ita
483 2209 559 2248 lego
573 2214 608 2240 et
624 2210 796 2249 distinguo
811 2218 819 2239 ε
846 2220 900 2241 nec
916 2214 951 2241 tu
970 2220 1006 2241 ea
1029 2219 1120 2241 causa
1136 2211 1284 2241 minueris
1300 2210 1393 2247 Hoec,
1407 2221 1475 2250 qaoe
1487 2211 1575 2247 ‚tacis
1588 2221 1598 2241 .-

133 2261 173 2283 πε
188 2252 216 2282 is
231 2254 328 2283 mutet
343 2262 429 2283 suam
448 2253 648 2291 sententiam,
674 2253 765 2283 Patri
781 2253 831 2283 dic
855 2254 942 2291 velle,
965 2257 1012 2293 ut,
1036 2263 1104 2283 cum
1129 2253 1217 2293 velit,
1239 2253 1298 2283 tibi
1317 2253 1390 2292 jare
1417 2253 1513 2284 irasci
1536 2263 1597 2283 non

133 2297 236 2335 queat.
281 2294 381 2334 Haec,
398 2295 532 2335 opinor,
549 2295 808 2336 expeditissima
825 2302 915 2335 sunt,
933 2300 967 2327 et
982 2296 1190 2337 planissima.
1231 2296 1325 2328 Velle.
1350 2297 1432 2326 Mss.
1460 2296 1598 2336 quidam

135 2338 210 2368 velle
234 2341 276 2368 te.
321 2338 367 2368 Et
397 2347 489 2377 mox,
514 2342 642 2378 nequeat
666 2349 728 2379 pro
756 2349 814 2369 non
831 2342 932 2379 queat.
948 2340 1057 2370 West.
1107 2339 1190 2370 Velle
1205 2342 1236 2370 te
1263 2339 1348 2370 GM.
1373 2339 1515 2371 ss··.—21
1543 2338 1599 2369 Ita

133 2380 210 2420 lego
223 2390 299 2411 cum
318 2381 404 2411 Mss.
419 2385 454 2411 et
468 2381 707 2421 impressorum
723 2383 870 2413 vetustis
887 2382 1057 2413 nonnullis
1074 2393 1081 2413 :
1101 2382 1156 2413 alii
1171 2391 1284 2422 speres.
1302 2382 1411 2413 West.
1444 2382 1513 2412 Pro
1526 2381 1598 2411 vul-

135 2424 209 2462 gari
224 2432 343 2463 speras,
359 2429 489 2464 praeter
504 2425 690 2465 Donatum,
703 2425 746 2456 V.
765 2435 864 2466 quem
880 2426 940 2457 Fa.
956 2425 1123 2466 inspexit,
1139 2429 1173 2456 et
1187 2434 1229 2456 ex
1245 2425 1370 2456 nostris
1383 2425 1598 2463 veterrimus,

794 2537 935 2569 NOTAE

179 2614 218 2642 18
254 2610 425 2651 Miuueris]
477 2611 590 2642 Minus
622 2610 838 2653 frequentem
894 2613 1029 2645 Charini
1065 2623 1229 2655 persona3
1271 2614 1358 2656 qnod
1399 2614 1511 2645 videre.
1544 2620 1597 2644 est

135 2662 419 2694 consuetudinem
455 2662 580 2694 habere
616 2662 722 2693 debes
761 2672 838 2694 cum
894 2674 934 2695 ex
953 2664 1004 2695 his
1022 2666 1152 2698 verbis:
1178 2668 1186 2683 ‘
1204 2666 1294 2699 Quid
1313 2666 1415 2706 igitur
1438 2666 1499 2696 sibi
1524 2671 1594 2696 vult

135 2715 314 2754 Glycerio.
353 2714 513 2745 Ceterum
537 2714 610 2745 haec
633 2723 735 2745 scena
759 2724 837 2745 con-
893 2720 990 2756 pater
1006 2715 1032 2745 ?'

135 2767 289 2796 tinuatur
327 2765 370 2796 ad
408 2766 629 2806 superiorem,
667 2770 836 2796 summota
