1903 3306
668 225 728 252 ne
764 223 962 254 iternis.
1460 215 1544 255 127

93 334 177 360 surn
197 332 331 358 versus
352 318 564 369 sequentis,
593 331 660 370 per
680 318 882 356 elisionem
911 317 1130 356 annectitur
1159 318 1227 355 fini
1258 320 1513 369 praecedentis
1533 334 1541 358 :

90 385 191 421 utin
211 383 380 433 Prologo
401 381 605 420 Eunuchi:
637 387 646 402 ‘
666 381 741 424 Qui
773 382 871 418 bene
898 380 1086 418 vertendo
1119 387 1158 417 et
1190 393 1256 417 eas
1287 381 1542 420 describendo

89 449 204 494 male,
234 461 282 486 ex
308 447 457 485 Graecis
487 445 628 492 bonis,'
660 448 733 483 &c.
792 445 937 482 Durius
969 452 1041 489 est,
1073 456 1160 481 cum
1181 443 1354 481 dissecta
1372 444 1542 483 dictione

87 512 191 563 prior
210 511 358 562 syllaba
378 510 463 547 finit
477 521 644 554 versum,
661 508 820 558 reliquae
841 507 1028 558 incipiunt
1045 514 1285 556 sequentem,
1301 513 1344 544 ut
1366 507 1544 546 Eunuchi

88 582 198 613 actus
214 574 317 612 tertii
329 585 447 611 scena
466 573 612 622 prima:
634 576 643 592 ⁴
659 571 856 609 Continuo
874 571 905 608 si
922 570 1080 621 quando
1100 570 1168 607 illa
1184 570 1301 615 dicet,
1320 569 1543 609 Phaedriam

86 638 388 676 intromittamus
409 642 683 681 comessatum,
704 642 746 672 tu
766 634 1037 685 Pamphilam.'
1067 634 1259 671 Elisiones
1280 634 1370 671 item
1393 641 1432 671 et
1452 648 1545 685 syn-

86 714 268 747 naereses,
287 700 502 751 praesertim
522 700 648 736 minus
667 698 823 735 usitatae
840 698 945 748 apud
965 697 1213 742 recentiores,
1233 697 1384 735 faciunt
1402 705 1446 734 ut
1465 697 1544 734 lec—

86 773 146 803 tor
165 763 374 817 impeditus
396 763 618 813 frequenter
650 761 798 799 haereat
831 761 868 797 in
901 760 1084 798 carmine.
1142 760 1309 797 Eliditur
1343 767 1471 798 autem
1503 761 1542 796 in

87 827 244 866 comicis
258 827 430 866 versibus
448 840 472 864 v
492 838 728 870 consonans,
744 832 788 863 ut
806 825 845 861 in
869 838 898 861 1.
920 837 1038 861 scena
1054 837 1063 861 :
1085 828 1096 845 ‘
1114 823 1206 861 Sine
1222 823 1367 861 invidia
1385 823 1542 861 laudem

87 892 261 930 invenias
282 898 321 929 et
339 891 484 928 amicos
504 890 644 941 pares.'
693 889 844 926 Rursus
863 887 1030 925 ibidem:
1061 893 1071 909 ⁴
1091 887 1262 925 Liberius
1283 887 1437 924 vivendi
1470 887 1544 924 fuit

86 961 275 1008 potestas,
296 967 386 992 nam
401 955 543 1001 antea,'
563 957 636 991 &c.
677 954 775 990 Item
795 952 833 988 in
855 964 975 989 scena
993 951 1129 989 tertia:
1151 955 1160 971 ⁴
1177 951 1395 996 Enimvero,
1417 950 1541 995 Dave,

87 1019 276 1059 nihil-loci
296 1019 383 1064 est,’
403 1021 475 1056 διο.
534 1019 702 1055 Carmen
735 1016 838 1054 enirn
870 1015 1004 1066 incipit
1035 1016 1083 1052 ab
1110 1021 1323 1064 anapaesto.
1382 1015 1432 1051 Et
1452 1022 1540 1052 ante

87 1086 126 1122 in
147 1095 265 1122 scena
283 1082 433 1133 prima:
464 1086 473 1103 ⁴
491 1082 697 1118 Enimvero
718 1084 936 1131 spectatum
958 1077 1080 1117 satis.’
1137 1077 1303 1115 Eliditur
1329 1085 1368 1114 et
1400 1090 1432 1123 s,
1459 1084 1541 1115 tum

87 1149 125 1186 in
154 1149 244 1195 fine,
275 1154 356 1185 tum
393 1147 432 1183 in
466 1144 594 1182 media
628 1143 814 1180 dictione.
888 1142 932 1178 In
968 1142 1058 1187 fine,
1086 1148 1130 1178 ut
1160 1141 1198 1178 in
1234 1141 1356 1191 prima
1395 1154 1513 1179 scena
1531 1155 1540 1179 z

87 1216 97 1233 ⁴
115 1213 193 1251 Sed
213 1211 308 1264 quid
328 1223 425 1262 opus
446 1215 507 1247 est
525 1206 648 1246 verbis
661 1206 690 1243 Υ
733 1205 810 1243 Sed
838 1204 933 1256 quid
953 1204 1096 1255 opu’st.
1155 1204 1262 1242 Elisa
1283 1203 1396 1241 simul
1416 1210 1455 1241 et
1473 1217 1541 1242 vo-

89 1276 162 1314 cali
183 1290 217 1314 e.

141 1340 251 1378 Idem
268 1340 313 1377 fit
330 1339 369 1376 in
397 1342 407 1359 ⁴
425 1337 519 1375 satis
534 1336 555 1374 :’
585 1340 595 1357 ⁴
614 1336 697 1373 Nec
719 1334 813 1372 satis
835 1333 956 1383 digna
974 1332 1036 1370 cui
1057 1330 1303 1378 committas,'
1323 1333 1398 1368 &c.
1442 1329 1542 1367 Rur—

87 1418 153 1442 sus
173 1404 213 1441 in
233 1402 403 1453 Prologo
423 1400 581 1438 Andriae
601 1400 646 1437 fit
664 1399 702 1436 in
723 1398 851 1436 medio
872 1397 1070 1435 dictionis:
1106 1399 1115 1415 ‘
1134 1395 1180 1432 Id
1200 1395 1264 1433 isti
1284 1395 1505 1444 vituperant
1519 1394 1542 1431 ι’

85 1468 249 1518 aliisque
281 1466 379 1504 locis
412 1464 692 1515 compluribus,
725 1475 888 1513 quorum
919 1461 1067 1512 aliquot
1086 1461 1124 1498 in
1144 1459 1318 1510 margine
1339 1457 1542 1495 annotavi-

83 1526 185 1569 mus.
243 1529 444 1568 Interdum
463 1527 613 1566 elidunt
638 1527 664 1573 l,
694 1533 738 1564 ut
756 1527 793 1564 in
813 1526 937 1577 prima
956 1538 1075 1563 scena
1095 1523 1268 1570 Andriae,
1299 1526 1309 1544 ⁴
1326 1522 1402 1559 Pro
1423 1534 1541 1558 uxore

83 1595 227 1633 habere
245 1594 347 1632 hanc
367 1592 623 1644 peregrinam,
652 1603 726 1641 ego
760 1589 857 1627 illud
893 1589 1029 1626 sedulo
1047 1587 1071 1625 ε’
1099 1595 1142 1625 ut
1171 1591 1180 1607 ⁴
1199 1586 1347 1637 grinam
1381 1597 1454 1636 ego
1489 1585 1541 1622 il’

83 1658 231 1696 faciant
249 1656 463 1708 dactylum.
521 1655 635 1692 Hanc
668 1653 886 1691 libertatem
907 1652 1129 1703 frequenter
1149 1657 1312 1701 usurpat
1332 1649 1542 1695 Homerus,

85 1721 179 1759 dum
208 1735 226 1759 s
252 1720 361 1758 elidit
389 1720 428 1757 in
449 1718 641 1765 Ὀδυσεῦς,
673 1718 758 1764 etl,
778 1718 817 1754 in
840 1717 1033 1768 Ἀχιλεύς.
1091 1716 1367 1766 Saepenumero
1387 1718 1541 1750 contra-

84 1785 229 1823 huntur
244 1784 415 1829 vocales,
436 1783 542 1821 velut
564 1782 603 1819 in
622 1782 697 1828 his,
719 1786 728 1802 ⁴
746 1780 845 1827 fuit,'
871 1786 880 1801 ⁴
900 1780 1033 1825 Deos,'
1054 1785 1063 1801 ⁴
1079 1779 1190 1825 dies,⁷
1213 1783 1223 1799 ‘
1239 1777 1375 1821 meus,'
1395 1781 1405 1797 ⁴
1420 1776 1541 1822 suus,’

84 1853 95 1871 ⁴
111 1847 240 1895 scias‚’
259 1852 269 1869 ‘
286 1846 408 1892 nihil‚’
433 1851 442 1868 ‘
460 1846 578 1891 mihil
608 1852 649 1883 ut
670 1845 748 1882 sint
766 1843 1052 1895 monosyllaba.
1110 1842 1293 1879 Similiter
1324 1845 1333 1861 4
1352 1840 1413 1885 ei‚'
1446 1844 1455 1859 ⁴
1470 1839 1541 1875 hu-

76 1913 171 1964 jus,'
191 1910 351 1962 ‘cujus,'
370 1909 641 1961 monosyllaba
661 1915 858 1960 ponuntur
879 1906 1043 1944 subinde
1061 1919 1069 1944 z
1100 1910 1110 1927 ‘
1125 1904 1287 1952 eorum,'
1315 1908 1324 1925 ⁴
1342 1902 1541 1948 meorum‚'

84 1975 311 2028 dissyllaba.
368 1979 378 1996 ⁴
395 1973 567 2012 Liberius
587 1971 741 2011 vivendi
762 1971 835 2009 fuit
854 1977 1029 2022 potestas
1043 1970 1067 2008 :’
1097 1975 1106 1991 ⁴
1124 1969 1164 2006 di
1184 1969 1258 2006 fuit
1271 1968 1280 1983 '
1308 1967 1401 2004 facit
1422 1979 1540 2018 spon-

84 2039 228 2078 daeum.
285 2044 294 2061 ⁴
314 2039 423 2077 Scias
442 2050 559 2089 posse
578 2037 721 2075 habere
738 2036 817 2088 jam
838 2036 964 2086 ipsum
982 2034 1090 2081 suae,7
1110 2037 1184 2071 δερ.
1242 2037 1252 2054 ⁴
1270 2031 1379 2069 Scias
1400 2043 1518 2080 posse
1532 2030 1540 2043 '

83 2103 295 2156 spondaeus
315 2109 400 2140 est:
431 2109 471 2139 et
503 2106 513 2123 ⁴
529 2115 611 2139 suae
625 2101 634 2117 '
667 2100 784 2138 unica
812 2099 962 2149 syllaba
981 2104 1053 2135 est.
1112 2103 1121 2117 ‘
1140 2096 1273 2134 Meum
1294 2100 1456 2146 gnatum
1476 2106 1540 2130 ru—

84 2180 169 2206 mor
187 2174 248 2205 est
279 2165 436 2204 amare.’
490 2169 500 2187 ⁴
519 2165 653 2203 Meum
684 2163 786 2213 gua'
816 2161 1027 2212 spondaeus
1059 2166 1132 2198 est.
1190 2159 1288 2196 Item
1321 2157 1513 2194 ‘antehac
1532 2156 1541 2170 ’

83 2230 341 2283 dissyllabum
375 2236 435 2267 est
453 2243 462 2267 :
494 2233 503 2250 ⁴
519 2228 620 2266 Nam
641 2226 747 2277 quod
769 2224 934 2264 antehac
954 2223 1072 2262 fecit.’
1127 2223 1365 2272 Frequenter
1385 2220 1540 2257 eliditur

86 2294 112 2332 d
133 2295 172 2332 in
201 2299 211 2316 ⁴
230 2293 351 2345 quid,'
378 2300 418 2331 et
447 2299 456 2314 ‘
475 2292 568 2331 sed'
598 2304 667 2342 pro
686 2290 824 2336 vocali,
854 2295 906 2335 et,
936 2288 1036 2326 sicut
1067 2287 1107 2324 in
1136 2283 1399 2337 ‘periculum’
1428 2282 1539 2321 elidi·

84 2371 171 2396 mus
205 2372 244 2405 u,
274 2357 376 2395 idem
410 2356 474 2394 hic
507 2356 602 2393 facit
631 2355 670 2391 in
715 2358 724 2374 ⁴
742 2351 965 2404 paululum'
995 2357 1034 2388 et
1063 2355 1072 2371 ⁴
1091 2347 1304 2388 annulum.'
1361 2346 1465 2389 Quin
1501 2353 1541 2383 et

86 2422 248 2474 syllabae
282 2419 463 2472 quaedam
503 2419 613 2457 aliter
652 2416 966 2469 pronuntiantur,
1009 2426 1125 2464 quam
1161 2411 1264 2463 apud
1303 2411 1538 2448 recentiores

85 2493 281 2537 usurpatae
315 2491 432 2528 sunt;
469 2483 577 2521 velut
611 2484 649 2520 in
680 2486 689 2502 ⁴
710 2480 879 2530 suspicio
893 2479 902 2493 '
932 2476 1108 2516 secunda
1141 2474 1366 2527 producitur
1383 2487 1392 2511 ε
1434 2472 1538 2511 unde

85 2550 230 2588 factum
264 2556 338 2595 est,
366 2556 410 2586 ut
438 2546 597 2598 quidam
625 2546 761 2596 legant
779 2544 1068 2593 suspectionem.
1127 2540 1296 2576 Rursum
1326 2538 1365 2574 in
1395 2536 1540 2582 ⁴cave‚'

88 2618 97 2635 ‘
116 2613 228 2660 vale‚'
261 2617 271 2633 ⁴
286 2611 428 2658 mane,’
447 2618 486 2649 et
505 2616 514 2632 ⁴
530 2610 596 2648 ubi
610 2609 619 2625 '
638 2608 764 2647 finalis
785 2606 1003 2656 corripitur.
1060 2603 1221 2641 Minimo
1240 2607 1437 2639 momento
1456 2613 1539 2636 mu—

87 2685 191 2715 tatur
213 2689 335 2728 genus
374 2675 569 2720 carminis,
598 2675 704 2712 velut
744 2673 783 2709 in
814 2677 925 2708 actus
954 2667 1079 2718 quarti
1114 2679 1232 2704 scena
1252 2678 1282 2702 1.
1342 2664 1382 2701 Si
1415 2663 1537 2712 legas,

89 2744 98 2760 ⁴
118 2741 161 2777 In
181 2738 414 2789 denegando
434 2737 551 2775 modo
572 2737 657 2787 quis
679 2734 804 2786 pudor
835 2740 895 2771 est
919 2731 1147 2782 paululum,’
1176 2730 1344 2767 trimeter
1364 2734 1422 2764 est
1443 2726 1537 2763 iam-
