1903 3306
349 229 433 269 ‘272
909 239 1009 269 ARG
1020 239 1046 269 U
1057 239 1245 269 mnN'rA.

393 332 622 363 Chremetem.
665 331 731 363 Sed
757 341 843 363 nave
859 330 983 370 fracta,
999 333 1092 363 venit
1117 332 1217 363 simul
1241 340 1317 362 curn
1342 335 1449 372 nepte
1470 331 1580 363 adhuc
1597 333 1751 372 parvula,
1765 330 1806 364 ad

392 386 535 416 insulam
561 385 775 423 Graecorum,
799 385 934 415 nomine
952 384 1121 424 Andrum,
1138 384 1251 425 ibique
1274 384 1353 415 dum
1379 390 1569 416 moraretur
1595 395 1656 426 per
1678 387 1809 427 aliquot

393 439 466 469 dies
491 439 523 469 in
551 439 699 479 hospitio
726 439 899 479 cujusdam
925 438 989 468 viri
1016 438 1072 479 qui
1097 437 1243 469 habebat
1271 437 1372 469 filiam
1401 438 1568 469 vocabulo
1594 439 1808 480 Chrysidem,

393 497 503 523 morte
527 498 721 532 praeventus
739 498 802 523 est.
851 493 926 523 Nec
944 492 1049 522 multo
1073 497 1151 532 post
1180 497 1281 532 pater
1296 492 1472 532 Chrysidis
1494 502 1630 533 quoque
1652 492 1807 524 moritur.

390 546 474 576 Tum
506 546 572 577 illae
601 546 676 576 duae
705 546 826 586 puellae
859 545 901 575 ab
929 544 1048 576 Andro
1080 544 1352 585 proficiscentes,
1376 554 1453 576 cum
1479 546 1554 576 aliis
1585 545 1811 586 pedissequis,

391 598 544 630 Athenas
569 598 795 637 devenerunt,
822 597 976 638 falsoque
1003 597 1178 633 Pasibula,
1204 608 1279 639 quae
1304 602 1339 629 et
1367 597 1579 638 Glycerium,
1605 598 1809 630 credebatur

390 661 484 682 soror
499 661 575 682 esse
599 650 776 691 Chrysidis
793 651 836 682 ob
852 650 1033 681 maximam
1057 649 1337 682 familiaritatem.
1382 650 1455 682 Illis
1478 661 1613 692 quoque
1629 645 1757 683 ⁴diebus
1773 657 1808 682 et

391 705 553 736 Chremes
570 714 725 736 reversus
739 709 802 745 est,
817 709 916 745 pater
931 703 1119 743 Pasibulae,
1135 713 1211 735 cum
1227 704 1292 735 alia
1306 704 1386 744 filia,
1400 704 1606 736 Philumena
1621 705 1807 737 nominata.

390 758 568 797 Attamen,
585 768 661 789 cum
686 758 783 789 simul
806 768 873 789 una
899 758 932 789 in
950 758 1033 789 urbe
1056 757 1267 797 habitarent,
1283 758 1444 789 Chremes
1462 763 1498 789 et
1525 758 1596 789 filia
1617 759 1689 799 ejus
1711 759 1807 790 Pasi-

391 812 481 851 bula,
503 822 578 853 quae
603 816 639 843 et
665 812 877 853 Glycerium,
905 822 924 843 a
948 811 1084 842 nemine
1107 811 1372 852 agnoscebatur,
1392 811 1480 854 quod
1505 811 1576 843 filia
1603 812 1675 852 ejus
1699 817 1807 844 esset.

388 866 466 897 Non
491 866 580 896 enim
605 866 874 905 recognoscebat
896 866 1000 905 illam,
1017 865 1174 906 quoniam
1197 864 1379 896 admodum
1403 866 1545 906 parvula
1565 869 1655 904 erat,
1671 864 1806 907 quando

389 920 462 961 ipse
494 919 537 950 ab
569 919 711 950 Athenis
741 919 957 960 demigravit.
1002 920 1080 952 Quo
1112 924 1266 960 tempore
1296 919 1389 950 Simo
1416 919 1552 964 quidam
1583 919 1805 951 Atheniensis

389 973 610 1014 desponsavit
635 972 704 1004 filio
730 983 791 1004 suo
809 973 991 1014 Pamphilo
1012 972 1114 1003 filiam
1130 972 1318 1004 Chremetis
1335 973 1585 1005 Philumenam.
1631 973 1711 1013 Sed,
1727 972 1805 1004 dum

390 1037 464 1058 cum
491 1027 565 1057 aliis
584 1026 771 1067 juvenibus
788 1026 987 1067 Pamphilus
1010 1024 1053 1057 ad
1071 1025 1207 1056 domum
1223 1026 1398 1066 Chrysidis
1414 1026 1606 1058 meretricis
1623 1035 1806 1057 concurre-

388 1086 453 1121 ret,
471 1090 535 1112 non
554 1085 697 1121 propter
712 1080 835 1121 ipsam,
850 1080 910 1111 sed
928 1085 1072 1121 propter
1088 1079 1299 1121 Glycerium,
1314 1089 1391 1121 quae
1409 1077 1496 1110 falso
1518 1089 1614 1111 soror
1630 1079 1805 1120 Chrysidis

388 1135 606 1173 credebatur,
623 1135 761 1165 nimium
778 1135 886 1165 iratus
910 1138 1009 1176 pater
1031 1133 1105 1175 ejus
1131 1133 1222 1164 Simo
1249 1132 1422 1164 simulavit
1437 1143 1474 1164 se
1490 1133 1580 1165 velle
1601 1133 1739 1174 nuptias
1755 1142 1808 1165 ac-

389 1189 555 1224 celerare,
569 1187 753 1228 statuitque
777 1187 867 1218 diem
895 1186 1104 1228 nuptiarum,
1120 1185 1258 1227 quando
1283 1185 1374 1217 filius
1397 1187 1470 1227 ejus
1492 1185 1595 1217 filiam
1617 1185 1807 1217 Chremetis

393 1241 641 1279 Philumenam,
665 1250 766 1281 quam
790 1240 821 1271 ei
838 1240 1123 1281 desponsaverat,
1139 1239 1296 1279 duceret,
1311 1238 1383 1271 filio
1405 1244 1516 1271 totum
1540 1240 1735 1280 ignorante,
1749 1248 1805 1269 vo-

389 1295 462 1324 lens
478 1293 638 1334 probare,
652 1293 679 1323 si
695 1302 810 1323 verum
825 1297 928 1332 esset,
942 1292 1031 1334 quod
1048 1292 1092 1323 de
1107 1291 1179 1323 filio
1194 1292 1368 1333 audiebat,
1385 1291 1537 1324 dumille
1553 1297 1610 1323 aut
1626 1296 1807 1333 sperneret

388 1347 627 1378 Philumenam
651 1350 791 1387 propter
813 1351 963 1377 scortum
989 1355 1065 1387 quae
1090 1345 1269 1376 dicebatur
1285 1345 1485 1386 Glycerium
1507 1345 1687 1377 autetiam
1701 1344 1806 1375 duce-

388 1405 453 1431 ret.
501 1399 660 1431 Habebat
682 1404 796 1430 autem
820 1399 982 1430 libertum
1008 1408 1104 1430 suum
1133 1397 1268 1429 nomine
1284 1397 1414 1429 Sosiam
1436 1401 1471 1429 et
1497 1407 1632 1430 servum
1653 1398 1806 1436 Davum,

386 1463 528 1496 quorum
555 1453 698 1484 consilio
715 1452 880 1484 credebat
904 1452 1011 1484 filium
1034 1461 1148 1483 amare
1173 1451 1387 1492 Glycerium,
1404 1451 1546 1491 et,dum
1569 1451 1619 1483 eis
1644 1449 1805 1482 manifes-

390 1511 508 1546 tasset,
522 1506 657 1548 quidam
682 1506 893 1537 renuntiavit
916 1505 1028 1537 omnia
1051 1504 1244 1545 Pamphilo,
1259 1503 1330 1535 filio
1352 1503 1454 1536 illius.
1498 1504 1580 1545 Qui,
1600 1503 1681 1546 quia
1701 1502 1806 1535 fidem

386 1561 534 1593 habebat
557 1559 754 1601 promissam
781 1558 959 1600 Glycerio,
976 1557 1110 1599 juravit
1134 1557 1227 1588 nullo
1255 1557 1354 1588 modo
1381 1566 1456 1588 eam
1482 1556 1667 1589 dimittere.
1709 1557 1804 1587 Tunc

387 1616 507 1646 Davus
523 1613 747 1645 astutissimus
771 1612 866 1643 dedit
893 1611 923 1642 ei
939 1611 1130 1649 consilium,
1152 1615 1323 1651 quatenus
1347 1610 1579 1651 interrogatus
1595 1619 1614 1640 a
1630 1613 1730 1650 patre
1751 1608 1804 1640 Si-

387 1678 499 1708 mone,
516 1667 543 1698 si
562 1667 666 1698 vellet
689 1666 926 1697 Philumenam
950 1663 1090 1704 ducere,
1105 1673 1170 1694 non
1187 1667 1406 1704 repugnaret,
1420 1663 1480 1695 sed
1508 1672 1544 1695 se
1560 1663 1649 1694 velle
1665 1661 1805 1694 obedire

388 1722 536 1760 diceret,
567 1720 683 1761 sicque
713 1720 850 1750 delusus
877 1723 977 1759 pater
1005 1718 1227 1758 prolongaret
1253 1716 1345 1758 ipsas
1369 1717 1532 1758 nuptias;
1563 1717 1680 1758 sicque
1705 1715 1804 1747 fecit.

389 1775 456 1806 Sed
485 1774 659 1810 Chremes,
685 1777 721 1803 ut
739 1772 824 1803 vidit
851 1776 966 1803 natum
995 1771 1173 1811 puerulum
1197 1780 1240 1801 ex
1267 1771 1441 1812 Glycerio,
1459 1770 1632 1803 recusavit
1651 1769 1805 1811 nuptias,

388 1829 545 1869 ignorans
562 1827 761 1868 Glycerium
778 1826 883 1857 filiam
906 1835 982 1857 esse
1005 1835 1113 1856 suam.
1157 1825 1252 1855 Tunc
1277 1824 1442 1864 temporis
1458 1824 1659 1865 supervenit
1674 1823 1717 1855 ab
1733 1823 1803 1855 An-

388 1883 450 1913 dro
468 1882 519 1913 vir
533 1881 667 1912 nomine
685 1880 796 1917 Crito,
812 1883 976 1919 cognatus
1000 1877 1108 1919 patris
1133 1876 1333 1917 Chrysidis3
1355 1881 1473 1919 atque,
1488 1877 1568 1908 dum
1592 1877 1682 1908 inter
1696 1877 1805 1908 Simo·

389 1946 465 1967 nem
498 1940 534 1966 et
565 1935 778 1966 Chremetem
808 1932 1097 1972 Pamphilumque
1129 1930 1309 1961 altercatio
1341 1934 1446 1970 esset,
1473 1930 1680 1972 nimiumque
1710 1930 1803 1962 Simo

387 1989 493 2020 iratus
510 1993 601 2020 esset
615 1988 684 2020 filio
700 1998 760 2019 suo
778 1985 971 2027 Pamphilo,
985 1984 1127 2015 advenit
1152 1984 1249 2014 Crito
1265 1983 1416 2014 Andrius
1439 1987 1475 2015 et
1490 1984 1632 2015 edocuit
1653 1984 1720 2015 ista
1734 1993 1803 2015 om-

388 2043 444 2073 nia
465 2042 620 2083 superius
638 2041 743 2081 dicta,
757 2040 958 2081 Glycerium
985 2038 1147 2069 videlicet
1173 2037 1277 2068 filiam
1305 2047 1380 2068 esse
1403 2037 1606 2068 Chremetis.
1651 2037 1710 2077 Et,
1724 2036 1804 2079 quia

387 2096 604 2134 Philumena,
619 2105 719 2136 quam
736 2095 766 2125 ei
784 2098 885 2134 pater
907 2092 1190 2132 desponsaverat,
1206 2100 1300 2122 soror
1323 2095 1399 2122 erat
1423 2090 1591 2131 Glycerii,
1607 2091 1749 2131 placuit,
1767 2095 1803 2122 ut

386 2149 588 2188 Pamphilus
605 2148 802 2189 Glycerium
816 2146 958 2177 haberet
973 2156 982 2184 ;
1006 2145 1244 2176 Philumenam
1257 2154 1338 2176 vero
1354 2143 1450 2176 dedit
1464 2143 1626 2175 Chremes
1642 2144 1802 2184 Charino,

388 2202 444 2243 qui
461 2212 534 2233 eam
551 2201 676 2233 ducere
690 2201 836 2232 volebat.

344 2255 469 2285 Sensus
495 2264 576 2286 vero
599 2255 706 2286 totius
736 2253 861 2285 fabulae
887 2254 952 2285 iste
971 2257 1035 2293 est,
1052 2252 1112 2284 sed
1140 2252 1300 2284 Comicus
1330 2251 1414 2283 miro
1431 2260 1506 2282 eam
1531 2250 1687 2282 dilatavit
1701 2250 1802 2282 modo

387 2308 562 2350 multaque
588 2308 731 2340 honesta
754 2307 907 2338 inseruit.
954 2307 1170 2348 Argumenta
1196 2311 1232 2337 et
1255 2306 1416 2347 prologos
1442 2305 1524 2336 lieet
1541 2304 1675 2346 quidam
1704 2309 1801 2335 autu-

387 2367 482 2392 ment
508 2371 527 2392 a
554 2361 720 2401 Caliopio,
746 2361 819 2402 ejus
845 2360 1042 2400 recitatore‚
1063 2369 1139 2391 esse
1166 2359 1387 2400 compositos,
1407 2363 1521 2390 tamen
1545 2357 1734 2398 sciendum,
1759 2357 1801 2388 ab

388 2415 509 2446 eodem
536 2415 676 2446 Comico
699 2414 801 2446 fuisse
829 2414 1049 2455 compositos,
1067 2418 1157 2445 teste
1181 2413 1369 2452 Prisciano,
1391 2413 1448 2454 qui
1474 2411 1677 2444 versiculum
1703 2410 1803 2452 primi

387 2467 518 2509 prologi
539 2467 573 2498 in
596 2468 788 2508 exemplum
815 2468 929 2499 sumit.
978 2466 1018 2497 In
1046 2467 1195 2507 prologis
1219 2470 1333 2498 autem
1349 2465 1432 2497 nihil
1448 2466 1539 2497 aliud
1559 2465 1722 2505 ostendit,
1737 2464 1802 2496 nisi

387 2520 476 2563 quod
493 2521 620 2552 aemulis
638 2526 673 2552 et
690 2520 992 2562 reprehensoribus
1016 2520 1085 2551 suis
1109 2520 1309 2561 respondet,
1324 2519 1441 2561 sicque
1456 2519 1504 2551 ibi
1530 2518 1574 2551 de
1595 2527 1632 2550 se
1648 2518 1744 2560 quasi
1759 2518 1802 2549 de

388 2575 455 2605 alio
480 2574 642 2614 loquitur.
686 2574 777 2605 Illud
804 2583 950 2616 quoque,
978 2573 1068 2615 quod
1095 2574 1128 2604 in
1154 2573 1223 2604 fine
1252 2573 1401 2604 omnium
1426 2571 1619 2604 fabularum
1641 2571 1801 2612 habetur,

387 2626 494 2658 verba
509 2633 588 2657 sunt
605 2627 763 2668 Caliopii,
786 2627 860 2668 ejus
884 2626 1104 2666 recitatoris3
1127 2626 1197 2668 qui,
1212 2625 1291 2657 dum
1316 2625 1464 2657 fabulam
1481 2624 1711 2665 terminasset,
1733 2625 1802 2656 ele-

387 2680 492 2711 vabat
512 2680 668 2711 auleam¹
696 2690 808 2711 scenae
832 2685 867 2711 et
894 2680 1133 2722 alloquebatur
1151 2681 1311 2722 populum
1338 2674 1476 2712 dicensi
1501 2679 1570 2711 Vos
1594 2679 1717 2719 valete,
1741 2688 1800 2710 vos

387 2733 558 2773 plaudite;
581 2734 650 2765 sive
669 2734 796 2765 Favete
813 2739 849 2764 et
866 2734 1030 2774 plaudite.

763 2801 777 2828 l
805 2799 897 2839 Lege
911 2799 1020 2831 auzoea.
1044 2798 1123 2830 vid.
1141 2797 1248 2830 Praef.
1269 2799 1384 2829 Bruns.
