1903 3306
342 233 428 276 288
836 247 875 277 P.
907 247 1149 279 TEREN'ru
1184 248 1300 279 Arm

343 339 530 383 Curabo.
591 340 756 383 Eamus
771 341 866 396 jam
888 356 1003 384 nunc
1021 345 1146 386 intro.
1208 345 1276 385 S1.
1308 343 1330 385 I
1352 356 1470 398 prae3
1502 357 1678 399 sequar.

341 462 455 502 capiat.
501 462 559 493 So.
582 462 670 493 Satis
691 466 750 494 est.
796 464 918 495 Cur-ubo
934 474 981 503 ea,
996 474 1064 504 quae
1075 463 1178 494 mihi
1166 474 1309 505 zmperas.
1355 465 1523 505 Nuncjam
1536 466 1726 498 introeamus
1740 467 1791 498 do-

342 514 436 536 mum.
481 504 533 536 S1.
556 505 715 546 Praxeae,
730 515 849 545 sequar.

952 580 1011 590 ”e
1017 579 1193 591 aeemeaeee

343 641 441 668 notat
460 637 602 711 Bfflm:
626 637 703 670 ‘Sic
728 638 831 670 etiam
857 638 915 670 alii
943 639 1043 671 codd.
1089 639 1182 672 Edit.
1197 649 1321 681 sequar,
1345 641 1457 682 quael.
1474 646 1527 673 est
1551 650 1570 672 a
1592 641 1793 674 correctoris

343 690 492 711 manum
549 691 562 712 5

762 913 965 955 ACTUS
998 913 1037 954 Ι.
1092 912 1299 955 SCENA
1331 913 1396 955 ΙΙ.

897 1048 1028 1078 SlMO.
1063 1048 1243 1079 DAVUS.

401 1122 471 1164 Sl.
504 1122 615 1163 NON
641 1121 820 1163 dubium
841 1127 911 1162 est
930 1122 1034 1176 quin
1054 1134 1241 1162 uxorem
1261 1121 1376 1163 nolit
1394 1121 1534 1164 filius:

346 1190 416 1230 Ita
441 1190 614 1230 Davum
636 1184 771 1229 modo
794 1189 948 1229 timere
968 1189 1099 1238 sensi,
1122 1189 1200 1229 ubi
1221 1189 1402 1242 nuptias

347 1257 536 1298 Futuras
557 1270 654 1298 esse
675 1256 858 1298 audivit.
918 1256 1036 1297 Sed
1025 1269 1122 1310 lpse
1146 1256 1242 1297 exit
1261 1256 1395 1297 foras.

266 1316 289 1338 ⁵·
345 1325 438 1366 DA.
470 1324 686 1374 Mirabar,
691 1314 806 1365 ῐ110ιῇ,
815 1325 863 1369 si
863 1321 943 1366 sic
958 1325 1121 1366 abiret:
1152 1329 1196 1366 et
1214 1324 1310 1365 heri
1331 1337 1505 1378 semper
1523 1324 1681 1366 lenitas

341 1391 536 1433 Verebar
556 1405 760 1449 quorsum
748 1378 998 1433 evaderet
1768 1394 1797 1434 5

345 1458 452 1509 Qui,
475 1464 713 1514 postquam
735 1459 936 1500 audierat
955 1472 1041 1500 non
1060 1458 1208 1500 datum
1230 1460 1281 1500 iri
1302 1459 1396 1501 filio
1418 1471 1604 1500 uxorem
1624 1471 1722 1509 suo,

346 1526 588 1581 Nunquam
610 1528 816 1580 cuiquam
851 1530 1052 1567 nostrum
1079 1527 1259 1568 verbum
1290 1527 1410 1577 fecit,
1443 1539 1586 1580 neque
1611 1525 1657 1567 id
1680 1539 1795 1579 aegre

517 1595 627 1636 tulit.

345 1661 411 1702 S1.
446 1661 508 1703 At
536 1675 650 1703 nunc
680 1662 841 1714 faciet3
885 1674 1044 1715 neque,
1073 1666 1122 1702 ut
1162 1662 1331 1715 opinor,
1383 1661 1478 1701 sine
1517 1664 1593 1702 tuo
1634 1673 1794 1714 magno

514 1730 647 1770 malo.

347 1797 439 1838 DA.
469 1796 524 1837 Id
547 1797 698 1846 voluit,
718 1809 800 1837 nos
822 1796 886 1837 sic
906 1809 987 1837 nec
1009 1796 1242 1850 opinantes
1264 1795 1365 1837 duci
1384 1795 1500 1837 falso
1522 1795 1717 1849 gaudio,'

386 1918 436 1949 Sl.
462 1919 534 1949 Non
548 1918 672 1949 dubium
687 1921 732 1949 est
747 1918 835 1956 mihi,
851 1917 923 1957 quin
937 1917 1030 1958 filius
1044 1919 1134 1955 neget
1159 1925 1192 1946 se
1207 1926 1334 1948 uxorem
1356 1917 1541 1954 ducturum3
1572 1917 1647 1948 adeo
1672 1916 1798 1947 Dat-um

343 1962 430 1992 modo
441 1961 550 1992 timere
564 1962 657 1999 sensi,
672 1961 724 1991 ubi
739 1961 863 2000 nuptias
870 1960 1001 1998 futuras
1013 1969 1078 1990 esse
1092 1959 1223 1990 audivit.
1269 1960 1333 1991 Sed
1345 1960 1410 2000 ipse
1422 1959 1489 1990 exit
1497 1959 1601 1997 foras.
1640 1960 1710 1990 DA.
1732 1959 1798 1990 Mi-

343 2004 437 2034 rabar
451 2004 479 2034 si
504 2004 568 2034 hoec
583 2004 651 2034 heri
675 2003 832 2034 simulatio
856 2005 893 2034 de
915 2003 1034 2043 nuptiis
1046 2001 1113 2033 sine
1131 2011 1223 2032 causa
1235 2004 1425 2042 excogitata,
1441 2006 1472 2033 et
1492 2012 1551 2043 pro
1576 2002 1674 2033 nihilo
1689 2000 1794 2039 soret,
1789 2010 1796 2018 ·

342 2057 396 2077 ver·
398 2046 538 2086 eburque,
554 2057 641 2086 quem
656 2046 780 2077 haberet
805 2045 923 2076 exitum
938 2045 1086 2075 continua
1101 2044 1164 2082 ejus
1185 2047 1216 2075 et
1230 2046 1383 2076 inusitata
1407 2045 1537 2076 lenitas.-
1559 2044 1624 2085 qui,
1638 2047 1797 2085 postquam

344 2090 488 2120 audierat
501 2099 560 2119 non
575 2090 681 2119 datum
706 2089 748 2119 iri
766 2088 838 2129 filio
853 2098 905 2118 suo
921 2097 1048 2118 uxorem
1064 2086 1170 2127 filiam
1193 2088 1376 2128 Chremetis,
1396 2097 1549 2128 nunquam
1562 2087 1619 2118 ulli
1641 2095 1796 2118 servorum

344 2133 393 2162 zel
407 2132 529 2163 terbum
543 2132 627 2162 dixit
652 2134 688 2163 de
711 2131 766 2162 hac
786 2140 831 2170 re,
848 2140 941 2170 neque
961 2131 994 2160 id
1010 2139 1109 2168 aegre
1109 2129 1157 2163 few
1158 2139 1192 2160 re
1206 2131 1288 2161 visus
1300 2133 1365 2162 est:
1398 2131 1476 2161 Ιιαηο
1491 2130 1561 2172 filii
1574 2129 1692 2160 scilicet
1705 2128 1800 2167 reiec-

344 2174 468 2204 tionem.
511 2174 562 2205 Sr.
584 2175 630 2205 At
650 2184 729 2204 nuuc
752 2175 833 2204 dicet
859 2173 940 2209 tzl›z';
967 2172 1071 2210 faciet
1094 2181 1188 2212 neque
1203 2173 1248 2213 id,
1276 2174 1394 2213 opinor,
1414 2173 1481 2204 sine
1495 2176 1549 2204 tuo
1571 2181 1682 2211 magma
1702 2171 1795 2202 malo.

346 2217 418 2247 DA.
444 2216 606 2247 Sententia
623 2216 686 2255 ejus
693 2216 775 2255 fuit,
788 2225 841 2247 nos
852 2216 929 2246 nihil
941 2214 1221 2256 suspicantessalso
1232 2217 1342 2247 ducere
1351 2215 1466 2255 gaudio
1477 2225 1534 2256 per·
1549 2215 1628 2246 hanc
1637 2214 1797 2246 lenitatem

950 2287 1190 2301 otomo

391 2337 408 2365 l
434 2335 591 2366 Quatuor
614 2334 645 2364 hi
668 2343 780 2365 versus
805 2335 837 2365 in
862 2335 1064 2375 quibusdam
1080 2335 1163 2367 Mss.
1193 2334 1296 2365 etiam
1311 2334 1344 2365 in
1371 2335 1512 2366 Donato
1527 2342 1626 2364 manu
1642 2336 1794 2371 exarato,

348 2377 491 2407 Scenam
505 2386 542 2408 11.
555 2377 776 2408 constituunt.
794 2377 893 2409 West.
911 2378 1090 2419 Pnofilius,
1104 2378 1288 2418 Pamphilus
1304 2376 1419 2409 Guelf.
1433 2379 1465 2408 2.
1483 2381 1520 2408 et
1534 2377 1730 2408 natus3.—2
1751 2375 1795 2405 Ut

348 2429 410 2459 pro
429 2419 481 2449 ubi
506 2422 533 2450 1.
537 2422 609 2450 -4,
627 2420 765 2451 Priores
786 2424 855 2450 tres
873 2430 891 2450 a
908 2420 1080 2461 praecedd.
1099 2430 1161 2451 vss.
1175 2430 1242 2452 non
1259 2419 1423 2460 disjungit
1439 2419 1540 2451 Both.
1554 2423 1590 2450 at
1604 2418 1658 2450 hic
1672 2426 1795 2448 novum

345 2463 466 2502 incipit
482 2462 593 2492 dialour
574 2472 662 2501 gum.
711 2462 892 2502 Dialogum
916 2463 1007 2502 dico,
1030 2473 1106 2494 nam
1130 2472 1198 2493 non
1223 2463 1278 2493 ille
1302 2463 1361 2493 has
1389 2462 1534 2494 Fabulas
1561 2471 1623 2502 per
1645 2465 1743 2491 actus
1759 2462 1796 2490 et

347 2514 468 2535 scenas
485 2505 614 2536 dividit.
639 2506 718 2536 Par.
742 2505 949 2554 conjunctim
964 2516 1095 2546 semper·
1085 2506 1221 2536 -lenitas.
1267 2504 1446 2536 Assentior
1458 2504 1608 2546 Guyeto‚
1623 2503 1671 2534 ait
1687 2502 1797 2533 West.

343 2547 481 2587 hyphen
503 2557 568 2578 non
587 2548 783 2587 agnoscenti
808 2549 840 2578 in
858 2549 906 2578 his
937 2549 1060 2580 verbis
1106 2548 1188 2587 Hic,
1223 2547 1320 2579 aiunt
1343 2549 1384 2578 R.
1387 2548 1434 2579 D.
1460 2545 1636 2587 ‘semper’
1668 2545 1795 2576 rectius

339 2590 497 2630 jungitur
511 2600 585 2621 cum
603 2591 787 2622 ‘verebarss
790 2595 850 2621 —5
865 2591 922 2622 Sic
938 2591 1061 2622 dividit
1077 2590 1244 2622 Bothius:
1273 2590 1310 2622 V.
1327 2601 1358 2631 q.
1379 2590 1542 2622 evaderet:
1558 2589 1795 2630 qui‚postquam

999 2672 1137 2704 NOTAE

389 2738 408 2766 4
434 2735 591 2775 Mirabar]
625 2736 750 2775 Davus,
787 2741 963 2777 postquam
1001 2737 1043 2768 de
1098 2738 1160 2768 bus
1185 2737 1300 2768 exiens
1327 2736 1401 2769 haec
1425 2745 1538 2768 secum
1567 2738 1723 2767 metuens
1749 2734 1796 2766 lo·

347 2786 443 2817 Sosia
469 2785 600 2817 suturas
627 2787 765 2826 nuptias
795 2787 936 2826 audivit,
964 2786 1043 2818 aedi-
1100 2788 1224 2829 quitur.
