1903 3306
522 222 728 254 ANnmAE
763 222 869 252 Aer.
895 222 968 253 111.
1001 223 1070 253 sc.
1096 223 1168 253 ιιι.
1483 215 1567 256 3:33

121 319 209 362 CH.
239 318 458 367 Ausculto
476 333 486 360 :
505 319 691 373 loquere
712 319 815 372 quid
837 319 964 359 velis.
1544 325 1571 363 5

120 387 187 428 SI.
220 386 308 427 Per
328 399 410 438 ego
431 391 474 427 te
496 387 617 427 Deos
639 399 731 434 oro,
752 390 794 427 et
814 390 1007 426 nostram
1030 385 1289 436 amicitiam,
1312 387 1510 438 Chreme,

120 453 251 504 Quae,
271 455 444 508 incepta
465 467 492 495 a
511 455 676 508 parvis,
698 467 797 495 cum
817 457 947 495 aetate
968 455 1162 495 accrevit
1182 455 1313 495 simul
1330 469 1340 506 ;

119 519 291 574 Perque
311 521 483 563 unicam
504 526 681 574 gnatam
706 526 842 571 tuam,
866 525 909 561 et
929 526 1109 574 gnatum
1130 535 1286 572 meum,

119 587 260 649 (221sz
278 589 356 630 tibi
377 592 576 642 potestas
599 602 770 629 summa
791 589 998 650 seruandi
1019 589 1147 630 datur
1164 603 1174 638 ς

118 655 181 696 Ut
200 669 269 696 me
290 656 473 710 adjuves
490 657 537 697 in
557 657 639 697 hac
660 670 704 697 re
723 671 733 698 ε
767 662 898 710 atque
921 658 996 707 ita,
1017 662 1067 697 ut
1087 659 1255 710 nuptiae
1517 662 1571 701 10

118 722 310 764 Fuerant
329 723 501 773 futurae,
522 723 645 765 fiant.
708 724 795 766 CH.
827 723 916 774 Ah,
939 737 992 764 ne
1013 737 1080 765 me
1099 725 1313 767 obsecra:

117 788 259 840 Quasi
278 790 360 831 hoc
379 794 422 832 te
445 790 612 832 orando
636 805 662 832 a
683 805 751 833 me
773 792 1012 845 impetrare
1034 797 1255 846 oporteat.

115 855 268 898 Alium
288 871 389 899 esse
411 871 567 899 censes
587 872 701 899 nunc
723 872 806 908 me,
829 862 963 913 atque
982 860 1084 899 olim
1106 873 1206 900 cum
1228 860 1389 902 dabam
1403 863 1422 902 'l

116 924 164 966 Si
184 925 227 966 in
247 937 339 966 rem
360 930 432 966 est
450 926 640 979 utrique,
659 930 708 967 ut
727 926 849 976 fiant,
873 927 1035 967 arcessi
1053 926 1177 980 jube.

111 1039 190 1078 quod
205 1049 224 1069 a
241 1049 288 1070 me
301 1040 427 1080 quaeris,
442 1041 549 1072 disces.
595 1040 663 1071 CH.
687 1040 801 1071 Audio.
846 1040 996 1080 Loquere,
1011 1051 1079 1081 quoe
1102 1042 1186 1073 velis.
1235 1043 1284 1073 Sr.
1311 1043 1453 1082 Chreme,
1469 1054 1524 1081 ego
1540 1049 1571 1078 te

107 1090 165 1120 per·
180 1082 263 1112 Deos
277 1091 341 1121 oro,
362 1087 393 1113 et
419 1087 559 1114 nostram
571 1083 753 1122 amicitiam,
775 1091 855 1123 quae,
875 1083 997 1123 incepta
1012 1085 1094 1115 inter
1107 1094 1171 1123 nos,
1189 1095 1258 1116 cum
1267 1086 1359 1125 parvi
1375 1087 1474 1118 adhuc
1490 1099 1569 1119 esse-

111 1133 190 1162 muS,
213 1125 347 1156 accrevit
359 1125 454 1156 simul
466 1136 534 1157 cum
546 1127 637 1157 annis
650 1128 766 1157 nostris
787 1127 992 1157 crescentibus
1004 1137 1016 1163 ;
1035 1137 1151 1167 perque
1173 1128 1295 1159 unicam
1300 1128 1408 1168 filiam
1428 1133 1524 1169 tuam,
1540 1136 1570 1162 et

102 1165 210 1205 filium
224 1177 334 1207 meum,
350 1169 434 1206 cujus
449 1170 591 1200 servandi
603 1172 741 1209 potestas
755 1179 871 1199 summa
887 1169 948 1199 tibi
961 1171 1054 1200 datur
1062 1180 1074 1206 ;
1089 1174 1123 1200 ut
1139 1181 1185 1201 me
1199 1171 1325 1209 adjuves
1340 1173 1373 1202 in
1389 1173 1455 1210 ejus
1470 1175 1570 1205 salute

111 1211 337 1246 conseruanda‚·
357 1216 450 1251 atque
471 1211 519 1242 ita
544 1213 661 1252 nuptia?
684 1212 766 1242 inter
780 1212 867 1243 illum
882 1215 913 1242 et
925 1212 1032 1252 filiam
1046 1213 1238 1254 tuamfiant,
1253 1215 1501 1254 quemadmodum
1525 1227 1569 1248 πε

101 1250 376 1290 fuerantfuturae.
422 1255 489 1285 Cn.
512 1255 563 1285 Ah
575 1254 638 1285 noli
653 1264 699 1285 me
712 1254 879 1286 obsecrare.
918 1256 1019 1291 Quasi
1042 1256 1108 1295 hoc,
1128 1256 1281 1294 sijustum
1296 1258 1339 1287 sit
1353 1258 1396 1296 z'd,
1412 1260 1526 1289 orando
1539 1263 1571 1290 te

112 1303 130 1323 a
146 1303 192 1324 me
206 1294 372 1335 impetrare
394 1299 542 1336 oporteat.
586 1297 638 1328 An
655 1297 751 1328 alium
776 1307 823 1328 me
843 1298 982 1337 opinaris
1004 1308 1080 1335 esse,
1094 1302 1185 1339 atque
1198 1300 1271 1330 olim
1287 1310 1385 1340 eram,
1398 1310 1468 1331 cum
1486 1303 1568 1332 ultro

100 1336 208 1376 filiam
223 1347 319 1369 meam
334 1337 500 1379 afferebam
514 1340 547 1370 in
563 1349 689 1370 uxorem
695 1339 769 1381 filio
785 1343 837 1370 tuo
848 1338 864 1371 ?
887 1339 923 1370 Si
946 1341 1000 1372 hoc
1015 1341 1139 1381 utrique
1154 1346 1292 1373 nostrum
1308 1344 1384 1374 utile
1401 1347 1457 1383 est,
1471 1348 1505 1375 ut
1520 1345 1569 1375 hoe

110 1379 227 1419 nuptiae
233 1380 331 1421 fiant,
337 1381 413 1420 jube
418 1381 526 1423 filiam
540 1392 638 1413 meam
652 1384 693 1413 aa
707 1392 759 1414 eas
764 1382 929 1420 faciendas
943 1385 1106 1415 advocari.-
1128 1386 1192 1422 sed,
1207 1386 1235 1416 εἰ
1252 1395 1291 1416 ex
1305 1395 1339 1417 ea
1353 1395 1387 1417 re
1398 1387 1469 1427 plus
1484 1389 1569 1426 mali,

725 1478 919 1490 θοι-νούσοιο
925 1478 961 1490 ἰθ

112 1548 192 1570 vero
215 1539 332 1572 Instit.
356 1541 510 1573 Gramm.
540 1542 599 1573 lib.
615 1551 726 1574 xvul.
750 1544 834 1574 citat
850 1544 1003 1575 Ausculta
1025 1554 1136 1584 pauca,
1161 1544 1345 1586 additque:
1372 1546 1382 1562 ‘
1398 1546 1454 1577 Sic
1478 1548 1568 1578 enim

111 1582 239 1614 habent
255 1583 385 1625 antiqui
402 1584 556 1625 Codices,
574 1590 663 1616 teste
683 1587 824 1617 Donato
847 1591 1115 1618 commentatore
1140 1587 1238 1628 ejus.'
1284 1588 1392 1630 Atqui
1409 1589 1507 1621 hodie
1535 1592 1569 1621 in

111 1624 247 1656 Donato
278 1627 359 1657 nihii
387 1627 430 1659 de
458 1629 633 1659 veteribus
662 1629 770 1660 Codd.
794 1629 932 1670 legitur.
961 1630 1061 1661 IVest.
1106 1631 1155 1661 Ut
1181 1630 1313 1662 iambus
1331 1634 1568 1672 quaternarius

112 1671 232 1707 staret,
247 1674 382 1700 veteres
406 1671 562 1711 magistri
589 1681 687 1710 pauca
714 1672 963 1703 substituerunt
990 1682 1051 1712 pro
1075 1673 1194 1712 paucis.
1240 1674 1306 1704 sed
1335 1675 1441 1705 nostri
1468 1676 1569 1707 codd.

111 1719 227 1742 omues
253 1711 381 1743 habent
402 1713 521 1753 paucis.
565 1714 670 1745 Totus
696 1724 813 1745 versus
831 1715 879 1746 sic
896 1716 1156 1746 constituendus
1175 1721 1246 1747 est:
1278 1718 1441 1749 4usculca:
1463 1720 1571 1758 paucis

110 1755 142 1784 et
154 1754 229 1793 quid
243 1757 275 1786 te
287 1764 343 1794 ego
358 1756 449 1786 velim
461 1759 491 1787 et
506 1758 585 1797 quod
601 1760 636 1788 tu
651 1758 764 1797 quoerz's
777 1757 863 1789 scies.
879 1758 1069 1789 Bentleius.
1114 1758 1264 1790 Ausculta
1278 1761 1399 1799 paucis.
1436 1761 1492 1792 Sic
1511 1772 1569 1802 po-

110 1795 178 1827 tius
194 1796 386 1838 legendum,
399 1808 498 1839 quam
514 1799 666 1830 Ausculta
681 1810 790 1839 pauca.
830 1801 945 1831 Paucis
959 1802 1062 1832 Bent.
1082 1801 1201 1842 jungit
1217 1812 1293 1833 cum
1310 1803 1318 1818 ‘
1331 1803 1441 1834 scies.'
1464 1805 1507 1836 R..
1522 1806 1566 1836 D.

109 1838 288 1871 Ausculta!
307 1841 428 1880 paucis,
450 1845 481 1872 et
508 1841 548 1872 Z.
595 1843 756 1874 Nostram
784 1844 1096 1883 interpunctionem
1125 1851 1253 1875 rectam
1282 1852 1399 1877 censet
1429 1847 1569 1878 Peri.—

112 1883 132 1911 6
155 1881 314 1923 Quinque
330 1893 349 1914 e
366 1884 491 1915 nostris
507 1884 633 1915 habent
650 1886 716 1916 Per
742 1895 798 1925 ego
824 1889 854 1917 te
878 1887 982 1918 Deos:
1006 1896 1131 1927 repone
1147 1887 1214 1918 Per
1231 1891 1260 1918 te
1275 1897 1331 1927 ego
1348 1889 1441 1920 Deos.
1468 1892 1540 1921 Ben
1548 1896 1570 1922 t.

109 1923 168 1955 Sic
194 1926 346 1965 reposuit
368 1927 470 1958 Both.
529 1928 593 1958 Per
615 1931 644 1958 te
673 1929 758 1958 Deos
773 1938 800 1959 o.
826 1929 930 1960 Z.-e
955 1930 1108 1960 Nostrum
1134 1939 1194 1968 pro
1218 1940 1317 1961 meum
1347 1931 1464 1963 Guelf.
1491 1935 1570 1963 1.-

112 1968 153 1997 10
177 1967 270 2008 Lege
286 1978 362 1999 cum
379 1969 420 2000 R.
437 1974 530 2009 atque
544 1971 592 2001 ita
606 1970 665 2002 uti.
689 1971 793 2002 Bent.
831 1972 888 2002 Uti
905 1971 987 2003 dant
1005 1973 1100 2004 Perl.
1116 1973 1309 2004 Rom—14
1327 1974 1406 2005 Riv.
1425 1984 1467 2005 ex
1487 1976 1570 2007 Mss.

110 2009 262 2040 Terentii
279 2016 315 2041 et
330 2012 460 2043 Donati
476 2012 574 2052 citat,
588 2014 620 2044 in
635 2022 680 2045 re.
725 2013 874 2045 Probam
892 2025 967 2046 esse
984 2016 1064 2046 lect.
1083 2015 1118 2046 in
1137 2025 1204 2046 rem
1219 2021 1316 2056 patet
1330 2026 1371 2047 ex
1389 2017 1478 2048 Hec.
1496 2028 1520 2049 ι.
1538 2022 1571 2050 2.

109 2053 164 2082 27.
209 2053 277 2084 ΕΤ.
295 2058 331 2085 et
347 2054 428 2086 EM.
445 2058 558 2086 tamen
575 2056 608 2086 in
623 2065 664 2087 re.
700 2055 828 2088 Arcessi
844 2057 877 2087 in
894 2058 978 2089 Mss.
994 2058 1166 2089 veteribus
1183 2059 1339 2090 omnibus
1355 2060 1569 2092 Terentianis

111 2097 146 2124 et
161 2093 358 2136 virgilianis
381 2097 448 2136 legi
472 2102 620 2129 testatur
636 2098 773 2129 Pierius
795 2099 836 2130 ad
853 2100 950 2141 Virg.
967 2100 1042 2132 AEn.
1061 2109 1095 2132 x.
1114 2103 1165 2131 11.
1210 2102 1265 2133 De
1291 2102 1355 2133 hac
1384 2113 1466 2134 voce
1490 2104 1568 2135 Boe-

111 2136 277 2169 clerusita
289 2139 323 2169 in
336 2139 629 2172 Chrestomathia:
644 2141 652 2157 ‘
664 2141 731 2173 Qui
749 2151 808 2182 pro
824 2153 943 2173 accerso
958 2143 1084 2185 ubique
1097 2153 1217 2175 arcesso
1232 2144 1453 2185 substituere,
1465 2152 1568 2188 atque

110 2188 154 2210 ex
169 2179 298 2212 duobus
317 2182 491 2213 vocabulis
508 2193 608 2214 unum
634 2183 746 2215 facere
772 2185 987 2225 studuerunt,
1011 2190 1063 2217 tot
1088 2187 1291 2226 optimorum
1318 2189 1568 2229 manuscripto-

110 2231 183 2252 rum
200 2223 368 2264 codicum,
382 2225 528 2267 denique
541 2226 850 2258 Grammaticorum
867 2233 1021 2260 veterum
1038 2230 1245 2261 auctoritate
1262 2231 1393 2270 pridem
1411 2230 1570 2263 refellun-

109 2264 186 2296 tur?
229 2267 369 2299 Vossius
386 2277 466 2300 vero
482 2269 517 2300 in
533 2269 771 2311 Etymologico
785 2269 824 2300 τὸ
838 2280 958 2302 accerso
975 2281 1038 2303 nec
1054 2272 1211 2304 Latinum
1229 2274 1438 2314 pronuntiat.
1476 2275 1567 2307 Vide

768 2351 910 2383 NOTAE

151 2413 172 2442 6
195 2411 261 2442 Per
283 2421 341 2451 ego
367 2416 399 2444 te
424 2413 510 2444 Deos
535 2413 602 2454 oro]
629 2415 638 2432 ‘
656 2414 746 2446 Per’
777 2415 812 2446 in
867 2413 1570 2452 rentismemoriamobtestormei.'Plaut.

86 2473 93 2476 ·
109 2461 393 2494 obtestationibus
414 2468 450 2495 et
465 2464 738 2504 adjurationibus
763 2474 813 2495 so·
866 2466 900 2497 in
917 2467 1084 2498 Menaech.
1101 2468 1182 2499 Act.
1200 2477 1234 2500 v.
1272 2469 1282 2486 ‘
1298 2469 1366 2500 Per
1390 2478 1455 2510 ego
1472 2470 1567 2502 vobis

109 2512 158 2544 let
173 2513 323 2554 separari
351 2523 372 2544 a
398 2523 457 2545 suo
485 2515 691 2554 accusativo,
707 2515 815 2547 inter·
868 2517 961 2548 Deos
984 2522 1086 2558 atque
1111 2517 1261 2549 homines
1277 2519 1380 2550 dico.’
1412 2519 1508 2551 Idem
1533 2521 1567 2551 in

104 2562 203 2602 jecto
227 2563 447 2604 nominativo,
470 2565 528 2605 qui
551 2565 736 2605 saepissime
760 2570 814 2597 est
867 2566 1031 2598 Bacchid.
1048 2566 1128 2598 Act.
1144 2568 1243 2600 v.Sc.
1259 2573 1290 2600 5.
1315 2569 1459 2600 Festus:
1485 2570 1494 2587 ‘
1511 2569 1566 2601 Ob

109 2613 119 2629 ‘
141 2612 226 2653 eg0,'
251 2618 296 2644 'ut
328 2613 448 2646 scribit
473 2615 588 2646 Valla.
615 2615 736 2654 Virgil.
759 2625 809 2647 1v.
867 2625 926 2647 vos
945 2625 1054 2656 sacro,
1077 2617 1110 2647 in
1135 2618 1338 2659 quibusdam
1362 2620 1567 2660 precationi—

107 2662 186 2693 AEn.
223 2665 232 2680 ‘
251 2664 354 2695 Mene
371 2663 481 2705 fugis?
505 2675 566 2706 per
590 2675 652 2705 ego
675 2666 736 2697 has
764 2667 810 2697 la·
866 2665 928 2697 bus
945 2671 1010 2706 est,
1028 2676 1103 2707 pro,
1120 2677 1177 2698 vos
1194 2669 1357 2700 obsecro:
1385 2674 1422 2701 ut
1438 2675 1488 2710 et,
1505 2670 1564 2701 suh

109 2722 243 2753 crymas
270 2713 497 2757 dextramque
524 2722 616 2748 tuam
651 2717 708 2750 te!
748 2718 808 2749 Se·
866 2727 923 2750 vos
941 2720 1051 2759 placo,
1068 2729 1143 2761 pro,
1159 2720 1342 2762 supplico.'

108 2770 194 2795 neca
219 2763 255 2795 in
278 2763 555 2805 Agamemnone:
584 2769 593 2785 ‘
612 2768 682 2799 Per
699 2774 733 2800 te
751 2778 808 2809 pa-
