1903 3306
356 215 440 256 254
515 224 769 256 RICARDUS
804 226 1084 257 BENTLEms
1118 227 1180 257 DE
1214 227 1399 257 marrus
1431 228 1644 259 TERENT.

515 321 659 358 Δουλόν
680 323 858 368 γενεσθαι
876 322 1192 372 πάραφρονουντοε
1210 321 1400 361 δέσποτου.

357 387 455 424 Cum
477 384 696 436 Euripides,

513 450 598 488 Ηκὼ
619 466 753 500 νεκρων
775 450 963 499 κευθμῶνα
984 465 1041 486 και
1065 453 1190 486 σκοτού
1209 452 1340 487 πυλας.

355 515 456 553 idem
477 514 716 553 admiserunt
733 516 772 553 in
792 515 937 552 Δουλόν
957 519 997 550 et
1017 512 1120 558 Ηκώ,
1141 511 1247 562 quod
1268 512 1411 550 Noster
1429 513 1482 560 in,
1503 511 1652 551 Malum
1672 520 1711 552 et
1731 527 1809 553 om-

357 579 426 617 nes
444 593 452 617 z
480 579 551 630 ipsi
569 579 670 617 enim
692 579 782 617 alibi
802 577 966 628 priorem
986 582 1146 621 acuunt,
1165 575 1309 614 Δούλον
1328 582 1368 614 et
1384 577 1496 614 Ἠκω-

413 645 456 681 In
479 642 654 681 secunda
682 642 799 693 igitur
818 639 976 679 trimetri
996 638 1146 689 διποὸίᾳ
1175 639 1250 677 hoc
1281 639 1330 678 de
1350 652 1428 690 quo
1449 640 1600 691 agimus
1620 653 1697 678 non
1718 641 1808 680 lice-

355 712 432 746 bat.
490 706 641 745 Gellius
677 718 813 743 xvrn.
852 706 913 742 15.
943 707 952 724 ⁴
971 704 1016 741 In
1053 703 1212 741 senariis
1245 704 1421 742 versibus
1456 704 1808 743 animadverterunt

355 772 502 811 metrici
522 771 621 808 duos
643 770 784 820 primos
804 768 939 820 pedes,
969 768 1059 806 item
1080 773 1271 806 extremos
1288 767 1402 814 duos,
1430 768 1571 806 habere
1592 780 1708 818 posse
1729 769 1807 806 sin-

357 837 471 888 gulos
492 836 662 885 integras
682 840 812 884 partes
833 831 1033 878 orationis,
1061 831 1210 869 medios
1230 831 1336 869 haud
1368 844 1538 883 unquam
1568 844 1708 883 posse:
1739 833 1808 870 sed

354 907 535 940 constare
568 911 634 936 eos
664 910 812 949 semper
843 909 890 934 ex
910 896 1035 934 verbis
1057 902 1125 933 aut
1144 895 1277 933 divisis
1299 902 1366 933 aut
1384 895 1513 933 mixtis
1535 902 1650 946 atque
1671 896 1808 934 consu-

358 966 438 1004 sis.'
493 965 646 1008 Quotus
667 963 833 1013 quisque
862 961 937 998 hoc
972 960 1033 997 vel
1069 959 1292 1010 intelligat?
1321 959 1465 997 nedum
1485 966 1530 998 ut
1549 959 1722 997 senarios
1742 972 1810 1010 per

354 1029 529 1080 singulos
559 1023 939 1078 pedesscandendo
969 1030 1123 1073 tempus
1153 1023 1190 1060 in
1218 1023 1293 1062 hac
1313 1022 1583 1062 observatione
1603 1022 1809 1061 conterat?

355 1095 407 1131 At
424 1093 461 1130 in
483 1097 617 1129 nostra
635 1089 804 1128 editione
824 1087 885 1125 vel
905 1086 1010 1125 aliud
1031 1087 1234 1138 agentibus
1255 1086 1294 1124 in
1314 1087 1450 1125 oculos
1470 1078 1652 1131 incurrit}
1676 1087 1808 1125 simul-

354 1170 430 1208 que
450 1155 559 1201 ratio,
590 1166 705 1205 quam
725 1152 874 1191 metrici
891 1151 955 1189 isti
975 1158 1120 1198 tacent,
1150 1151 1265 1202 plane
1285 1158 1461 1203 apparet,
1517 1151 1605 1190 Hoc
1625 1150 1681 1188 illi
1701 1150 1808 1189 volu-

354 1227 490 1264 erunt3
521 1220 560 1257 in
580 1219 639 1256 his
660 1225 699 1255 et
718 1216 908 1255 similibus
930 1215 1116 1254 senariis:

512 1292 630 1331 Venit
650 1291 835 1329 Chremes
855 1289 1044 1342 postridie
1064 1288 1114 1328 ad
1135 1302 1195 1327 me
1216 1289 1434 1328 clamitans.

514 1355 790 1405 Mansuetique
810 1353 926 1391 animi
946 1353 1087 1400 officia,
1107 1352 1202 1403 quid
1220 1352 1351 1391 multis
1370 1365 1522 1391 moror:

355 1433 453 1470 duos
474 1431 616 1483 primos
638 1430 816 1480 duosque
836 1435 1056 1480 postremos
1088 1428 1207 1480 pedes
1240 1427 1407 1479 singulis
1438 1426 1564 1465 verbis
1598 1424 1742 1471 claudi,
1770 1431 1809 1462 et

355 1504 484 1535 recte:
515 1502 556 1533 at
584 1494 724 1546 pedem
754 1493 910 1531 tertium
940 1499 1168 1544 quartumve
1198 1505 1277 1529 non
1296 1504 1413 1543 posse
1432 1496 1550 1529 recte.
1607 1490 1686 1527 Cur
1704 1487 1808 1527 hoc?

355 1561 446 1612 quia
464 1567 544 1598 tum
565 1569 726 1596 necesse
745 1562 819 1602 est,
849 1562 892 1593 ut
923 1556 1023 1594 ictus
1053 1555 1089 1592 in
1118 1554 1274 1592 ultimas
1295 1555 1466 1606 syllabas
1487 1553 1658 1596 cadant;
1688 1552 1808 1604 quod,

357 1631 400 1662 ut
419 1623 510 1670 dixi,
541 1623 578 1660 in
603 1621 728 1674 prima
756 1620 967 1671 ultimaque
987 1619 1138 1669 ὃιποὸίᾳ
1159 1619 1259 1657 solet
1278 1619 1386 1663 fieri;
1415 1618 1454 1656 in
1473 1617 1600 1656 media
1619 1629 1689 1655 nec
1709 1616 1810 1655 solet

355 1696 394 1727 et
413 1687 475 1725 vix
495 1698 668 1737 unquam
688 1685 793 1722 licet.
852 1684 1064 1722 Rarissime
1096 1682 1226 1734 igitur,
1262 1683 1382 1720 semel
1413 1689 1530 1733 atque
1557 1682 1708 1727 iterum,
1739 1680 1808 1718 sed

354 1765 497 1804 magno
518 1749 723 1789 sententiae
742 1748 864 1794 lucro,
893 1748 1049 1786 admisit
1067 1747 1142 1785 hoc
1162 1748 1201 1785 in
1221 1746 1402 1785 trimetris
1422 1746 1647 1786 Terentius:

566 1821 768 1862 Persuasit
786 1835 876 1869 nox,
901 1821 1020 1869 amor,
1039 1822 1185 1867 vinum,
1207 1821 1486 1859 adolescentia.

568 1885 744 1924 Scelesta
763 1884 873 1923 ovem
896 1880 988 1936 lupo
1009 1885 1209 1924 commisi:
1240 1885 1438 1936 dispudet.

357 1962 458 1999 Nam
477 1960 588 2006 illud,

564 2023 693 2060 Nosse
714 2023 844 2060 omnia
862 2022 948 2060 haec
969 2022 1075 2060 salus
1096 2029 1157 2060 est
1176 2021 1503 2069 adolescentibus,

356 2101 392 2137 in
414 2099 487 2136 bac
508 2098 678 2136 editione
697 2097 819 2135 saluti
840 2102 912 2134 est.
969 2095 1197 2134 Notandum
1228 2108 1384 2146 quoque
1417 2096 1470 2142 in,
1502 2094 1622 2143 amor,
1642 2103 1682 2134 et
1700 2095 1809 2148 lupo,

356 2163 522 2214 priorem
552 2163 707 2200 brevem
742 2173 842 2207 esse,
872 2166 911 2197 et
939 2172 987 2198 ex
1018 2159 1178 2197 musicae
1207 2158 1419 2196 rationibus
1450 2159 1504 2197 ita
1533 2166 1734 2210 oportere3
1766 2166 1809 2196 ut

357 2226 461 2277 apud
483 2225 701 2271 Horatium,

569 2301 591 2338 J
597 2313 656 2339 am
672 2300 755 2350 jam
775 2299 924 2337 efficaci
943 2298 993 2336 do
1014 2298 1153 2336 manus
1174 2296 1362 2336 scientiae.

568 2364 631 2401 Ad
650 2363 862 2415 pervicacis
881 2362 957 2401 heu
977 2361 1100 2413 pedes
1123 2361 1301 2400 Achillei.

359 2440 407 2476 Et
429 2438 600 2476 similiter
619 2437 659 2475 in
679 2439 797 2476 verbo
815 2437 1017 2489 trisyllabo
1036 2437 1135 2475 duos
1155 2437 1254 2475 ictus
1275 2434 1496 2486 recipiente,
1527 2433 1556 2472 si
1578 2432 1617 2471 id
1637 2431 1808 2471 διποὸἰαν

358 2502 595 2540 trochaicam
615 2501 786 2547 inchoat,
815 2501 944 2538 media
970 2501 1042 2539 erit
1060 2514 1107 2539 ex
1125 2507 1206 2538 arte
1225 2500 1353 2537 brevis
1371 2512 1380 2537 ε

466 2575 551 2614 Nisi
570 2577 635 2628 pol
655 2576 775 2614 filium
795 2575 1036 2614 multimodis
1058 2575 1210 2627 expeto,
1232 2581 1275 2612 ut
1295 2571 1430 2612 redeat
1449 2571 1619 2610 domum.

359 2652 419 2688 Ita
438 2657 541 2689 recte
560 2650 622 2688 hic
643 2650 804 2697 editum,
837 2664 916 2689 non
949 2656 1132 2702 expecto;
1161 2657 1204 2688 ut
1238 2657 1277 2688 et
1307 2649 1382 2686 alia
1398 2646 1579 2699 plurima,
1607 2657 1695 2695 quae
1716 2650 1805 2682 ante

360 2728 430 2753 nos
450 2715 589 2753 vitiosa
609 2714 843 2761 ferebantur,
872 2715 911 2752 in
932 2715 1036 2753 omni
1057 2727 1234 2753 versuum
1254 2724 1394 2764 genere
1413 2710 1474 2748 hic
1495 2708 1751 2759 corriguntur.
