1903 3306
504 233 729 266 EUNucui
765 231 873 262 Ac'r.
895 231 971 261 111.
1004 232 1072 261 sc.
1109 233 1151 260 v.
1474 222 1559 263 465,

102 333 222 385 Quid
241 333 378 374 multa
398 331 562 374 verba?
587 341 735 372 amare
756 328 891 383 coepi.
952 326 1083 368 Forte
1103 327 1279 367 fortuna
1300 326 1417 366 domi
1504 327 1560 367 20

101 402 211 444 Emt
223 400 405 455 quidam
420 397 675 448 Eunuchus,
695 409 826 450 quem
839 399 1063 437 mercatus
1076 393 1214 435 fuerat
1226 393 1361 434 frater
1372 392 1532 434 Thaidi
1551 408 1559 434 :

103 469 267 523 Neque
305 469 344 509 is
381 467 596 509 deductus
639 464 879 507 etiamdum
920 463 976 505 ad
1009 475 1119 504 eam.
1181 461 1464 502 Summonuit
1492 474 1561 501 me

274 536 490 577 Parmeno

103 603 176 645 Ibi
215 615 380 652 servus,
420 601 540 655 quod
582 613 666 654 ego
706 600 887 654 arripui.
946 597 1042 640 AN.
1078 595 1201 648 Quid
1232 595 1279 637 id
1315 596 1414 637 est?
1474 595 1563 636 CH.

274 670 462 711 Tacitus
483 668 618 710 citius
639 669 810 710 audies.

103 738 167 780 Ut
186 741 357 779 vestem
378 750 479 777 cum
500 749 554 777 eo
574 742 753 787 mutem,
783 741 828 777 et
852 747 933 789 pro
961 734 1039 775 illo
1065 734 1245 788 jubeam
1266 745 1335 773 me
1355 731 1463 773 illuc
1486 731 1562 772 de-

275 804 438 845 ducier.

105 871 203 914 AN.
235 871 326 913 Pro
358 871 644 913 Eunuchon’i
707 871 795 913 CH.
827 870 904 912 Sic
939 873 1020 911 est.
1080 868 1175 910 ΑΝ.
1209 866 1331 918 Quid
1354 880 1412 908 ex
1433 880 1490 908 ea
1519 879 1563 907 re

274 940 455 981 tandem
473 945 526 981 ut
547 952 733 994 caperes
754 938 1010 981 commodi?
1507 935 1564 976 25

107 1007 197 1050 CH.
228 1007 418 1061 Rogas?
450 1008 661 1060 viderem,
684 1009 894 1058 audirem,
916 1019 1061 1048 essem
1083 1018 1185 1055 una,
1208 1017 1398 1059 quacum
1414 1003 1568 1057 cupie-

277 1077 397 1127 bam,
417 1073 635 1130 Antipho.

108 1142 231 1185 Num
253 1156 394 1197 parva
413 1156 566 1194 causa,
596 1148 672 1186 aut
701 1156 839 1199 parva
869 1143 981 1184 ratio
1012 1142 1094 1183 ’sti
1130 1140 1319 1182 traditus
1350 1153 1449 1180 sum
1474 1153 1565 1180 mu-

278 1211 390 1253 lieri.

107 1340 256 1381 inspecta,
277 1342 387 1374 statim
411 1351 514 1373 amore
540 1342 749 1383 inflammatus
773 1353 850 1373 sum.
897 1342 994 1373 Forte
1016 1341 1050 1372 in
1072 1342 1191 1372 oedibus
1214 1341 1330 1372 nastris
1352 1343 1417 1370 mat
1443 1339 1569 1379 quidam

108 1384 278 1415 Eunuchus
291 1395 378 1426 quem
383 1385 490 1424 frater
501 1389 615 1416 emerat
634 1386 758 1422 Thaidi,
774 1386 901 1416 necdum
915 1386 955 1415 ad
970 1394 1037 1416 eam
1051 1389 1135 1458 iugc
1139 1385 1287 1415 deductus
1301 1387 1379 1414 erat.
1417 1383 1569 1413 Parmeno

107 1426 153 1456 ibi
167 1436 275 1458 sercus
290 1429 367 1459 mihi
381 1428 543 1459 consilium
564 1429 649 1459 dedit
673 1430 750 1469 quod
774 1439 829 1467 ego
845 1429 935 1458 avide
959 1428 1035 1468 cepi.
1143 1427 1263 1463 ,Quid
1278 1428 1310 1457 id
1326 1429 1391 1457 est?
1436 1426 1505 1456 CH.
1529 1425 1568 1455 Si

107 1467 267 1500 silentium
278 1472 461 1511 praebucrz's,
479 1471 572 1502 citius
585 1472 755 1512 pezcipies:
787 1471 887 1502 suasit
903 1475 937 1502 ut
955 1428 1135 1502 haln't‘uu?Lx
1116 1481 1186 1501 cum
1200 1481 1233 1501 eo
1250 1474 1375 1508 mutem,
1393 1472 1422 1498 et
1444 1477 1499 1508 pro
1517 1467 1570 1497 illo

109 1520 158 1542 me
180 1513 265 1544 tradi
279 1514 406 1552 jubeam
428 1514 550 1545 Thaidi.
599 1515 666 1546 AN.
694 1515 756 1545 Iro
777 1514 984 1545 Eunuchone?
1028 1514 1097 1544 CH.
1122 1514 1188 1544 Pro
1208 1513 1366 1543 Eunucho.
1414 1511 1482 1541 AN.
1507 1511 1569 1540 Ec-

109 1564 251 1594 quoenam
267 1559 391 1588 tandem
404 1557 474 1596 suit
489 1557 623 1597 utilitas,
640 1567 729 1598 quam
746 1567 786 1589 ex
801 1558 855 1588 hoc
869 1556 960 1595 facto
980 1557 1172 1598 perciperes?
1217 1556 1285 1586 CH.
1313 1554 1498 1591 Quoerisue?
1521 1553 1570 1583 Ea

101 1597 184 1635 fuit,
198 1598 348 1640 Antipho,
364 1604 399 1631 ut
415 1600 568 1639 tirginem
589 1604 768 1642 spectarem,
785 1601 936 1637 audirem,
956 1609 1153 1631 conversarer
1168 1609 1236 1630 cum
1252 1609 1299 1635 ea,
1314 1608 1380 1629 cum
1397 1608 1455 1638 qua
1471 1595 1571 1636 cupie-

111 1639 191 1672 bam.
235 1641 289 1673 An
304 1643 382 1674 levis
407 1653 500 1674 causa
521 1647 577 1675 aut
602 1644 685 1674 ratio
708 1644 773 1674 haec
798 1643 858 1674 tibi
880 1643 1025 1674 videtur?
1056 1644 1161 1674 Datus
1183 1652 1251 1673 sum
1278 1622 1401 1673 Thaidi.
1447 1640 1571 1678 1Ila,ut

723 1760 958 1772 eeeeeeeeeeee

112 1841 294 1881 positione.
322 1842 417 1872 West.
461 1841 585 1874 Poeitae
604 1843 731 1884 Latini,
755 1853 830 1874 cum
861 1843 905 1874 de
928 1851 1041 1873 amore
1067 1842 1264 1881 loquuntur,
1286 1839 1435 1870 ablativo
1459 1840 1571 1880 potius

113 1889 257 1916 utuntur
283 1894 382 1943 qu‘am
410 1890 562 1917 accusat.
589 1886 630 1918 R.
650 1887 694 1918 D.
738 1886 811 1917 Scio
842 1895 907 1916 non
938 1885 1040 1916 habet
1065 1883 1181 1915 Guelf.
1199 1887 1229 1914 2.
1276 1882 1438 1913 Additum
1468 1893 1573 1923 supra

110 1937 180 1958 sum
216 1937 275 1968 pos
262 1934 292 1958 t
321 1928 550 1959 ‘'commotus
583 1929 616 1959 in
642 1930 702 1960 Br.
706 1932 789 1960 —21
824 1930 876 1960 Ex
899 1929 1025 1959 nostris
1058 1928 1186 1968 plures,
1215 1931 1319 1967 atque
1348 1926 1371 1956 ii
1402 1925 1573 1965 meumes,

105 1969 215 2008 frater
227 1971 350 2008 suerat.
398 1971 512 2011 Magis
529 1981 569 2002 ex
586 1973 859 2009 moreTereutii,
883 1981 982 2012 quem
1005 1971 1242 2002 adolescentes
1270 1969 1451 2000 notabunt.
1475 1969 1572 1999 Beut.

113 2013 170 2043 Sic
197 2012 281 2043 dant
305 2013 365 2044 Bi.
395 2014 496 2045 Both.
519 2015 612 2046 Peri.
659 2015 795 2050 Quidam
818 2018 885 2046 erat
912 2015 990 2055 Rip.
1039 2014 1173 2048 Quidem
1196 2012 1298 2042 Both.
1317 2017 1486 2051 putamus,
1511 2021 1572 2051 prr

114 2065 264 2085 errorem
296 2056 518 2096 tymim—22
544 2058 651 2088 Etiam
674 2062 740 2088 tum
768 2058 818 2088 M.
847 2058 948 2089 IVest.
990 2057 1169 2086 Etiamdum
1194 2064 1235 2085 ex
1264 2055 1358 2085 Bem.
1388 2054 1482 2085 dedit
1512 2055 1571 2085 Fa.

113 2098 194 2129 Non
211 2099 348 2130 accedo.
363 2099 462 2130 Bent.
509 2100 584 2131 Nec
601 2100 770 2131 accedunt
787 2101 847 2131 ΒΓ.
865 2100 943 2140 Bip.
960 2099 1053 2129 Peri,
1070 2099 1170 2129 Both.
1214 2098 1282 2128 Hic
1298 2097 1357 2128 dat
1377 2101 1443 2127 tum
1466 2097 1572 2128 etiam.

113 2141 166 2172 Aa
194 2151 260 2172 eam
289 2145 358 2172 erat
388 2141 506 2173 Gueif.
538 2146 653 2174 1.—23
694 2143 821 2174 Tacitus
849 2145 943 2173 varie
974 2142 1099 2178 legitur
1137 2142 1171 2171 in
1202 2141 1285 2171 Mss.
1316 2145 1352 2171 et
1389 2140 1572 2180 impressis

114 2184 274 2222 Quidam,
297 2184 376 2216 Tace
389 2188 435 2216 tu.
479 2184 562 2226 Alii,
578 2186 704 2217 Tacitus
718 2186 772 2216 sis.
810 2185 942 2216 Rursus
969 2185 1037 2223 alii,
1063 2185 1143 2215 Tace
1158 2184 1212 2214 sis.
1259 2183 1390 2221 Malim,
1408 2184 1572 2214 Taceamz.

114 2228 223 2259 West.
259 2207 455 2268 Tacitussis,
470 2228 647 2260 citusVet.
663 2229 748 2260 Cod.
765 2228 860 2259 Lind.
892 2229 1002 2259 West.
1015 2228 1143 2258 mavult
1159 2227 1330 2258 Tacedum:
1347 2225 1406 2256 sed
1421 2232 1573 2257 nostrum

113 2269 277 2311 [Tacitus]
300 2270 421 2302 melius
449 2272 595 2302 videtur.
618 2272 696 2312 Bip.
745 2271 824 2303 Tace
847 2272 889 2302 sis
912 2271 964 2301 ed.
989 2270 1112 2310 Delph.
1117 2272 1200 2301 —24
1223 2270 1279 2300 Me
1295 2269 1417 2309 ducier]
1442 2269 1572 2300 Omnes

114 2317 245 2354 praeter
261 2313 358 2344 Bem.
372 2314 453 2345 libri
469 2315 603 2355 scripti,
619 2320 656 2346 et
678 2316 844 2352 Donatus,
869 2324 917 2345 me
931 2315 1001 2345 illoc
1016 2314 1180 2345 deducz'er:
1205 2311 1293 2361 quod
1312 2318 1347 2343 et
1363 2313 1473 2343 versui
1491 2322 1573 2353 qua-

115 2356 203 2387 drat.
227 2356 288 2387 Fa.
334 2355 443 2388 Immo
460 2358 572 2388 versui
590 2367 655 2388 nou
672 2357 840 2399 quadrat.
865 2357 944 2395 etsi,
963 2360 1000 2387 ut
1013 2356 1056 2387 ad
1073 2356 1198 2396 digitos
1215 2356 1263 2387 sic
1276 2356 1358 2387 satis
1375 2356 1573 2396 quadraret,

115 2398 262 2439 suspicio
278 2403 332 2430 est
347 2399 428 2430 iilud
445 2410 514 2430 cum
528 2411 562 2431 eo
576 2410 595 2431 a
611 2400 742 2431 Fae'rno
759 2401 1015 2440 interpolatum.
1061 2399 1191 2430 Omnes
1208 2398 1297 2430 enim
1315 2399 1420 2430 uostii
1436 2404 1471 2429 et
1490 2403 1574 2429 vett.

116 2441 206 2473 Edd.
229 2442 377 2473 camillo.
423 2443 552 2474 Recte.
577 2444 706 2484 etlege
721 2443 838 2475 ducier.
856 2444 958 2474 Bent.
997 2444 1076 2473 Cum
1091 2442 1196 2473 illoR.
1220 2441 1315 2473 Lind.
1360 2441 1454 2481 Illac]
1478 2441 1521 2472 G.
1535 2442 1575 2473 F.

115 2494 161 2515 ex
185 2484 262 2516 Pan.
287 2484 352 2516 illo.
376 2485 472 2516 Peri.
521 2486 602 2516 Cum
626 2487 681 2517 illo
709 2487 766 2517 Br.
784 2486 890 2516 Both.
914 2486 993 2525 Rip.
1012 2485 1107 2516 Peri.
1160 2486 1202 2516 Ut
1217 2495 1272 2525 pro
1288 2485 1340 2515 illo
1356 2484 1458 2515 Both.
1483 2485 1573 2525 quod

116 2526 202 2559 dicit
223 2527 342 2566 legere
367 2527 445 2558 edd.
469 2533 554 2560 vett.
581 2534 617 2560 et
640 2530 778 2568 vulgato
804 2534 924 2560 censet
950 2528 1082 2559 fortius.
1128 2528 1208 2558 Illoc
1230 2528 1337 2558 ducier
1352 2528 1453 2558 Bent.
1471 2528 1575 2558 Both.

115 2569 211 2601 Peri.
256 2569 333 2600 Illac
357 2571 427 2602 ded.
452 2570 510 2600 Br.
536 2571 663 2602 Z.—25
688 2572 719 2602 A
746 2576 831 2602 vett.
863 2571 949 2602 Edd.
977 2576 1013 2601 et
1037 2580 1157 2601 novem
1181 2580 1224 2600 ex
1250 2570 1426 2601 codicibus
1453 2570 1575 2600 nostris

66 2625 68 2628 ’
115 2612 216 2644 abest
231 2615 286 2644 ut.-
308 2622 389 2653 ergo
413 2613 512 2644 aliam
539 2613 654 2645 sedem
683 2615 761 2645 olim
790 2614 918 2650 habuit,
943 2614 1028 2649 Quid
1041 2616 1074 2644 ut
1091 2623 1129 2644 cx
1144 2623 1180 2644 ea
1199 2623 1232 2643 re
1247 2615 1369 2644 tandem
1385 2623 1448 2644 c.c.
1474 2614 1575 2643 Bent.

121 2656 166 2687 Ut
181 2654 262 2687 ferri
279 2660 406 2695 potest.
430 2657 509 2697 Rip.
556 2657 652 2688 Lect.
669 2658 772 2688 Bent.
791 2657 873 2687 dant
891 2657 992 2688 Both.
1010 2657 1101 2687 Peri.
1148 2656 1231 2705 Quid
1247 2658 1369 2687 tandem
1386 2666 1426 2687 ea·
1440 2666 1475 2687 ea
1492 2666 1524 2686 re
1540 2659 1574 2686 ut

117 2698 172 2729 ed.
200 2699 329 2739 Delph.
363 2699 490 2739 capies,
515 2700 640 2730 omisso
667 2704 715 2738 ut,
740 2699 857 2731 Guelf.
884 2702 1002 2731 2.--2ὓ
1028 2700 1118 2739 Lege
1145 2699 1278 2739 quicum.
1300 2700 1403 2730 Bent.
1450 2699 1490 2729 Id
1514 2699 1574 2729 dat

117 2724 715 2782 Both.EssemqueGuelf.1.—27⁷
738 2744 844 2781 Lege,
869 2748 907 2774 ut
936 2747 1028 2773 recte
1053 2743 1132 2773 olim
1160 2742 1361 2780 Palmeuius,
1386 2746 1442 2772 aut
1463 2751 1573 2789 prat-‚a

117 2783 222 2816 Bent.
266 2784 332 2816 Aut
356 2794 454 2825 prava
469 2785 646 2817 verissime
670 2786 771 2818 Beut
790 2786 887 2825 legit.
916 2786 956 2818 R.
975 2786 1019 2818 D.
1064 2786 1131 2817 Aut
1153 2795 1253 2826 prat-a
1277 2786 1455 2826 placercts
1471 2786 1497 2814 5“ι
1524 2793 1574 2815 re-

204 2837 319 2879 Desph.
331 2841 361 2869 et
377 2837 453 2870 Var.
468 2838 555 2871 Clas
788 2839 913 2869 Terent.
1413 2841 1432 2868 2
1458 2839 1486 2868 G
