1903 3306
519 247 724 276 ANDRIAE
756 247 867 277 Ac‘r.
901 247 966 276 1v.
999 248 1065 277 sc.
1101 248 1128 275 1.
1473 237 1556 278 :351

97 339 185 381 Vel
204 340 360 381 melius
380 343 472 381 tute
493 342 657 394 reperi:
688 354 756 381 me
777 342 965 381 missum
985 340 1099 381 sace.

96 407 186 448 ΡΑ.
220 407 389 461 Cupio:
410 409 606 458 restitue,
627 409 672 448 in
691 421 820 461 quem
841 421 909 448 me
932 407 1164 461 accepisti,
1187 407 1351 447 locum.

96 474 191 515 DA.
222 475 419 515 Faciam.
479 472 568 515 PA.
600 474 665 515 At
696 475 789 528 jam
812 475 894 515 hoc
916 488 1027 528 opus
1049 479 1133 514 est.
1193 475 1286 515 DA.
1325 474 1470 517 Hem!
1502 482 1559 527 st,

265 555 415 583 mane:
448 543 709 595 concrepuit
730 556 755 582 a
779 542 992 595 Glycerio
1015 543 1190 583 ostium.

98 607 187 649 ΡΑ.
210 608 335 649 Nihil
356 610 414 650 ad
436 614 493 650 te.
554 610 646 650 DA.
681 609 863 659 Quaero.
924 611 1012 650 ΡΑ.
1047 610 1166 650 Hem
1185 611 1193 651 !
1228 609 1462 650 Nunccine
1484 610 1559 651 dc-

263 676 414 716 mum'?
477 676 661 747 negt
675 676 770 730 jam
791 677 873 717 hoc
897 678 978 717 tibi
999 677 1227 718 inventum
1249 676 1383 717 dabo.
1501 677 1558 718 60

93 808 172 846 quod
187 817 258 846 ago,
279 811 315 839 at
329 808 419 846 facio
440 817 481 839 ex
502 808 618 847 animo,
640 812 669 839 et
695 808 773 838 buna
790 809 870 849 fide.
921 810 984 847 Vel,
1007 810 1035 839 εἰ
1060 819 1150 849 opera
1165 819 1230 840 mea
1247 809 1305 839 tibi
1320 819 1380 839 non
1395 810 1507 849 placet,
1522 813 1558 840 lu

94 850 180 880 aliud
194 851 302 881 melius
316 851 437 890 reperi;
461 861 508 881 me
531 861 602 881 vero
627 852 711 881 abire
724 852 810 889 jube.
855 852 922 881 ΡΑ.
948 853 1057 892 Cupio.
1106 852 1151 882 Τιι
1167 862 1236 882 vero
1251 853 1283 882 in
1300 862 1367 882 eum
1380 855 1496 882 statum
1512 863 1559 883 me

93 893 236 930 restitue,
251 893 285 924 in
300 904 359 933 quo
372 903 467 933 eram,
478 897 641 933 antequam
655 894 739 934 patri
752 894 962 934 promisissem
978 905 1024 925 me
1040 904 1167 925 uxorem
1183 896 1358 925 ducturum.
1401 895 1473 925 DA.
1493 895 1524 925 F
1523 903 1556 924 α-

94 934 186 966 ciam.
230 935 295 967 ΡΑ.
316 935 437 974 Atjam
448 946 523 975 opus
535 940 594 972 est,
609 937 718 966 statim
733 943 763 967 te
778 936 959 974 hoe-fucere.
1006 938 1075 968 DA.
1100 938 1196 973 Hem,
1223 941 1253 967 st
1268 947 1368 968 mune.
1416 937 1558 978 Glyceriz'

95 978 208 1008 ostium
219 979 405 1019 concrepuit.
450 979 516 1009 ΡΑ.
542 979 612 1009 Hoc
632 979 712 1010 nihil
735 980 774 1009 ad
799 982 829 1009 te
849 980 998 1019 pertinet,
1025 981 1077 1020 qui
1092 984 1230 1010 attentus
1246 989 1309 1010 esse
1331 979 1420 1010 debes
1433 979 1559 1010 consilio

95 1021 311 1058 excogitando.
358 1022 426 1052 DA.
451 1021 490 1052 Id
506 1031 619 1063 quaero.
666 1022 731 1053 ΡΑ.
758 1021 853 1062 Hem,
865 1032 905 1053 an
919 1023 974 1053 hoc
989 1024 1113 1054 tandem
1134 1020 1231 1062 agis?
1276 1023 1345 1053 DA.
1362 1021 1485 1060 Atjam
1502 1023 1557 1054 hoc

95 1062 255 1094 inventum
269 1063 328 1094 tibi
342 1064 430 1096 dabo.

706 1159 941 1172 eeeeeeeeeeee

88 1244 219 1283 f.'—57
235 1246 346 1278 Notat
360 1247 418 1278 Fa.
430 1246 463 1277 in
480 1246 682 1288 quibusdam
700 1247 794 1278 libris
810 1248 891 1287 legi,
911 1246 967 1279 Vel
979 1248 1086 1279 melius
1099 1251 1134 1279 tn
1146 1248 1232 1279 aliud
1244 1247 1355 1288 reperi.
1383 1247 1498 1290 Atque
1510 1248 1560 1280 ita

95 1289 192 1319 estin
205 1288 284 1320 edd.
297 1289 444 1329 Aldinis,
456 1290 495 1321 R.
509 1290 673 1330 Stephani
687 1296 721 1321 et
735 1291 812 1323 Job.
829 1291 983 1329 Fabrini;
1001 1292 1053 1321 ed.
1069 1297 1182 1321 autem
1198 1294 1292 1322 1490.
1307 1291 1446 1323 etJunt.
1460 1294 1556 1324 1505.

95 1331 156 1362 sed
172 1336 207 1362 et
221 1331 322 1363 Bodl.
343 1332 399 1363 Vel
414 1333 522 1363 melius
537 1336 601 1363 tute
616 1333 702 1363 aliud
716 1334 828 1373 reperi.
845 1334 954 1364 West.
1001 1333 1131 1364 Omnes
1150 1334 1272 1364 Faerni
1291 1340 1326 1365 et
1343 1336 1463 1372 nostri,
1479 1339 1558 1374 tute,

95 1378 213 1412 recte3
238 1375 390 1415 plerique
406 1375 508 1406 etiam
526 1375 658 1407 addunt
673 1376 769 1415 aliud,
790 1376 887 1407 male.
911 1377 1005 1407 Bent.
1054 1377 1131 1407 Tute
1145 1377 1231 1407 aliud
1247 1377 1348 1417 reperi
1363 1378 1422 1409 Br.
1439 1377 1558 1409 Guelf.

95 1418 127 1446 2.
143 1416 204 1447 sed
222 1419 251 1447 l.
268 1417 354 1448 aliud
369 1418 575 1449 melius.—-58
599 1419 694 1449 Citat
715 1420 770 1450 Fa.
787 1428 826 1449 ex
847 1419 942 1449 libris
958 1419 1122 1460 antiquis:
1145 1420 1286 1458 restitue,
1308 1430 1397 1460 quem
1412 1430 1430 1451 ιι
1445 1431 1492 1451 me
1507 1430 1558 1451 ac-

95 1459 206 1499 cepisti
221 1460 332 1491 locum.
377 1461 423 1491 Et
441 1461 488 1491 ita
504 1461 603 1491 estin
620 1461 720 1492 Bodl.
745 1461 805 1501 [G.
824 1461 922 1501 EM]
971 1462 1054 1492 Cum
1082 1472 1147 1503 qua
1166 1463 1246 1493 lect.
1272 1464 1435 1494 convenit
1461 1473 1556 1503 para-

95 1501 229 1541 phrasis
255 1503 396 1533 Donati.
441 1503 510 1533 Sed
538 1508 573 1534 et
599 1504 685 1543 Eug.
714 1511 903 1544 perpetuus
932 1505 1060 1535 Donati
1084 1505 1238 1535 imitator
1265 1506 1314 1536 ita
1341 1506 1435 1546 legit,
1458 1511 1496 1537 ut
1522 1511 1559 1537 et

94 1543 191 1576 Junt.
207 1553 374 1576 annorum
389 1547 484 1577 1505.
503 1550 538 1576 et
555 1548 650 1578 1565.
670 1547 886 1577 Leidensium
902 1552 986 1577 nnus
1004 1559 1011 1578 :
1031 1557 1089 1587 quo
1114 1557 1162 1588 me
1187 1548 1332 1588 accepisti
1349 1549 1423 1579 loco.
1464 1547 1558 1579 Prae-

95 1589 164 1617 stat
192 1591 305 1618 autem
334 1588 439 1619 lectio
468 1589 621 1628 vulgata,
652 1598 846 1630 quanquam
877 1590 1086 1628 graecissans.
1124 1590 1225 1621 West.
1274 1591 1498 1622 Recentiores
1524 1592 1558 1622 in

95 1638 194 1669 quem,
216 1630 276 1661 sed
292 1631 499 1662 vetustiores
514 1636 610 1662 recte
626 1632 788 1663 omittunt
804 1632 847 1663 2¹⁷1.
873 1633 976 1663 Bent.
1024 1633 1064 1663 In
1082 1633 1218 1673 optimis
1246 1634 1451 1665 membranis
1476 1635 1560 1674 legi·

95 1676 152 1701 tur
165 1673 297 1703 restitue
310 1683 401 1713 quem
415 1684 434 1704 a
450 1684 496 1705 me
511 1674 658 1715 accepisti
672 1676 769 1705 locum
783 1685 794 1711 ;
817 1684 917 1716 quam
933 1675 1012 1706 lect.
1029 1676 1132 1706 Beut.
1150 1674 1331 1707 confirmat
1357 1686 1398 1707 ex
1416 1676 1557 1708 Phorm.

94 1713 190 1745 Prol.
205 1724 254 1745 vs.
271 1717 325 1746 34.
369 1717 497 1747 Verum
521 1725 586 1748 nec
613 1718 721 1748 altera
746 1718 849 1748 lectio
876 1718 1082 1758 spernenda,
1103 1719 1234 1749 restitue
1257 1719 1291 1749 ‘In
1318 1719 1426 1750 locum.
1450 1720 1491 1750 R.
1515 1720 1558 1750 D.

96 1756 199 1788 Bent.
216 1757 344 1789 omittit
358 1758 391 1789 in
416 1769 491 1790 cum
508 1760 567 1790 ΒΓ.
584 1760 623 1791 Z.
649 1760 741 1790 Perl.
769 1760 872 1790 Both.
898 1765 934 1792 et
959 1770 1032 1791 cum
1061 1761 1101 1791 iis
1128 1761 1188 1791 dat
1215 1772 1233 1791 α
1258 1766 1404 1793 me.—59
1427 1761 1558 1793 Omnes

95 1799 197 1830 codd.
212 1800 297 1831 Hem
310 1803 375 1832 sed.
413 1802 536 1841 Igitur,
558 1812 601 1832 ne
617 1804 669 1833 sed
685 1802 820 1841 elegans
839 1808 969 1842 pereat,
993 1808 1028 1834 et
1044 1804 1157 1834 versui
1180 1805 1389 1844 consulatur,
1414 1806 1557 1836 sublatis

95 1841 182 1873 Hem
194 1847 230 1873 et
246 1853 347 1882 mane,
370 1844 606 1875 substituimus
621 1845 703 1876 hinc.
751 1845 878 1877 Omnes
893 1845 995 1885 fores,
1017 1856 1092 1887 quae
1111 1847 1143 1876 in
1163 1847 1298 1877 Fabulis
1313 1853 1558 1887 memorantur,

95 1883 188 1915 intra
202 1892 467 1923 scenam'erant‚
489 1894 524 1918 et
550 1896 623 1918 eam
650 1897 767 1919 versus
794 1889 1047 1926 aperiebantur.
1092 1889 1184 1928 Lege
1213 1890 1328 1929 igitur,
1351 1891 1415 1922 Sed
1438 1901 1559 1922 concre-

92 1927 164 1967 puit
187 1928 271 1966 hinc,
294 1930 348 1969 ᾅτ.
373 1930 476 1961 Bent.
521 1931 594 1961 Dat
609 1931 778 1962 Bothius:
806 1931 968 1962 Faciemus
982 1954 989 1961 .
1005 1955 1013 1963 .
1027 1953 1034 1962 .
1053 1931 1162 1962 Hem!
1197 1932 1254 1963 Set
1280 1943 1389 1964 mane:
1412 1943 1475 1963 con.
1499 1938 1558 1965 ost.

96 1969 167 2000 Dat
181 1970 241 2000 ΒΓ.
257 1971 353 2003 Hem.
376 1972 439 2004 Sed
453 1982 553 2005 mane.
595 1973 696 2004 Bodl.
713 1984 732 2004 α
750 1973 804 2004 GI.
821 1983 903 2014 crep.
920 1977 1067 2004 astu—60
1092 1974 1174 2005 Cod.
1191 1975 1343 2014 iusigniS,
1361 1976 1445 2007 Hem
1461 1987 1556 2007 nunc-

95 2012 308 2088 ?ngglr-lgrf?
339 2020 446 2047 recte.
472 2016 565 2048 Bene.
611 2015 767 2048 Assentit
791 2017 895 2047 Both.
941 2017 982 2048 Iu
1008 2016 1125 2048 Guelf.
1151 2020 1183 2049 2.
1212 2017 1443 2053 Quamobrem?
1474 2025 1556 2050 ante

754 2132 898 2166 NOTAE

140 2214 183 2243 59
215 2212 324 2244 Hem!
346 2218 388 2253 st,
415 2214 519 2255 mane]
543 2215 594 2255 St,
607 2215 635 2246 si
650 2216 799 2256 legatur,
900 2216 1086 2256 Concrepuit
1108 2227 1128 2247 ιι
1153 2217 1299 2259 Glycerio
1322 2217 1451 2258 ostium]
1486 2217 1555 2249 Ab·

96 2260 218 2293 indicit
233 2262 417 2296 silentium.
463 2265 550 2296 Nam
566 2269 593 2296 st
611 2265 699 2296 sibili
719 2271 798 2297 sunt
854 2267 978 2298 lativus
995 2277 1071 2299 cum
1092 2269 1334 2309 praepositione
1356 2272 1365 2287 ‘
1383 2269 1420 2301 a’
1436 2275 1489 2302 est
1505 2271 1554 2302 lo-

96 2310 496 2353 silentiumimperantes.
515 2315 676 2347 Plaut.in
694 2315 795 2356 Epid.
852 2328 893 2349 co
925 2318 1078 2360 genitivi,
1106 2319 1195 2361 quod
1223 2319 1383 2362 frequens
1411 2327 1464 2352 est
1485 2320 1553 2352 Τε-

97 2362 181 2393 Act.
197 2372 240 2394 n.
265 2363 322 2395 Sc.
339 2367 372 2398 2.
411 2366 419 2383 ‘
437 2366 490 2407 St,
508 2366 561 2407 St,
584 2366 707 2398 habete
725 2367 794 2398 ani·
850 2369 973 2400 rentio.

97 2422 189 2445 mum
206 2413 353 2446 bonum.'
