1903 3306
394 430 1308 506 AELIIDONATL

494 567 536 598 V.
559 566 598 598 C.
624 564 864 596 ORATORIS
889 565 1029 596 URBIS
1053 565 1218 605 ROMAE,

280 676 625 720 PRAEFATIO
658 675 731 717 IN
763 674 1075 717 ANDRIAM
1107 675 1435 718 TERENTII.

129 811 347 849 COMOEDIA
368 810 566 853 ΑΝΒΒΙΑ,
588 821 675 846 cum
706 807 873 845 Palliata
903 808 964 852 sit,
994 806 1043 844 de
1069 808 1155 845 loco
1177 821 1315 846 nomen
1338 810 1501 859 accepit,
1533 810 1579 846 a¹

128 875 348 913 Menandro
368 875 488 926 prius,
517 880 555 911 et
576 886 680 910 nunc
700 873 748 909 ab
769 872 854 922 ipso
875 871 1081 909 Terentio:
1113 871 1191 922 qui,
1213 885 1301 909 cum
1321 872 1367 910 de
1390 872 1582 924 Chryside

125 939 359 989 loqueretur,
389 938 444 975 sic
466 937 539 975 ait:
572 943 581 957 ‘
601 936 690 981 Hei,
710 948 856 981 vereor,
888 948 936 972 ne
965 934 1057 985 quid
1087 935 1235 973 Andria
1254 944 1433 986 apportet
1452 936 1544 975 mali
1563 938 1586 973 :’

125 1009 166 1040 et
183 1002 258 1040 hoc
278 1009 482 1040 commune
501 999 733 1039 vocabulum
755 1005 815 1036 est
835 1006 874 1035 et
892 998 929 1035 in
960 998 1102 1035 Graeca
1130 1006 1169 1036 et
1200 998 1238 1035 in
1261 999 1399 1037 Latina
1425 999 1582 1051 lingua.

127 1065 224 1104 Haec
246 1065 381 1117 majori
400 1078 447 1103 ex
477 1071 586 1116 parte
620 1062 790 1101 Motoria
823 1069 907 1104 est;
938 1062 1189 1112 continetque
1223 1069 1333 1100 actus
1367 1070 1582 1102 amatorum

125 1130 450 1175 adolescentium,
478 1136 516 1166 et
535 1134 686 1179 patrum
707 1127 874 1178 piorum.
931 1127 1031 1163 Sunt
1049 1126 1101 1163 ibi
1128 1126 1260 1164 callidi
1292 1128 1406 1172 servi,
1441 1136 1581 1167 astutae

125 1194 292 1239 ancillae,
314 1193 436 1232 severi
459 1205 586 1236 senes,
606 1190 891 1229 adolescentuli
917 1190 1112 1229 liberales.
1169 1191 1212 1228 In
1233 1192 1321 1238 hac,
1340 1192 1474 1243 primae
1495 1206 1582 1244 par-

123 1266 183 1297 tes
203 1258 309 1295 senis
330 1257 499 1295 Simonis
520 1263 625 1302 sunt,
655 1255 840 1294 secundae
862 1254 977 1300 Davi,
1006 1255 1131 1293 tertiae
1152 1255 1382 1301 Chremetis,
1414 1263 1453 1294 et
1473 1257 1583 1295 dein-

122 1335 215 1373 ceps
236 1322 483 1372 reliquorum.
539 1321 732 1371 Prologus
754 1321 792 1357 in
813 1320 888 1357 hac
909 1332 998 1357 acer
1016 1319 1228 1364 inducitur,
1260 1327 1299 1357 et
1331 1320 1370 1357 in
1401 1320 1582 1359 adversa-

122 1387 197 1424 rios
218 1399 297 1423 non
315 1385 562 1423 mediocriter
577 1392 845 1435 exasperatus,
866 1382 934 1421 sed
957 1391 1085 1421 tamen
1107 1383 1145 1420 id
1167 1384 1371 1428 subtiliter,
1390 1392 1432 1422 ut
1453 1386 1583 1424 omnia

121 1449 327 1487 lacessitus
348 1449 474 1487 facere
493 1447 683 1493 videatur,
704 1461 749 1485 ac
770 1447 910 1486 dicere(
971 1447 1046 1484 Hic
1066 1447 1234 1497 protasis
1256 1448 1424 1494 subtilis,
1459 1450 1582 1501 epita-

121 1513 175 1551 sis
206 1513 462 1559 tumultuosa,
492 1511 742 1562 catastrophe
774 1524 886 1561 paene
920 1510 1094 1561 tragica3
1126 1518 1165 1548 et
1195 1518 1324 1549 tamen
1356 1521 1514 1563 repente
1534 1527 1581 1551 ex

120 1577 181 1615 his
200 1577 323 1615 turbis
352 1577 391 1614 in
426 1575 676 1627 tranquillum
710 1574 899 1625 pervenit.
958 1573 1057 1611 Haec
1087 1574 1212 1624 prima
1241 1581 1327 1612 acta
1361 1583 1422 1613 est
1451 1576 1582 1615 ludis²

121 1640 431 1692 Megalensibus,
451 1640 509 1677 M.
531 1639 668 1677 Fulvio
706 1645 746 1676 et
775 1638 831 1676 M.
864 1636 1077 1675 Glabrione
1107 1637 1302 1675 AEdilibus
1336 1638 1580 1680 Curulibus.3

120 1704 296 1755 Egerunt
314 1705 357 1743 L.
379 1703 539 1742 Attilius
567 1701 833 1741 Praenestinus
864 1708 903 1739 et
937 1701 978 1738 L.
1001 1700 1200 1738 Ambivius
1220 1701 1377 1752 Turpio.
1434 1703 1579 1742 Modos

119 1768 212 1806 fecit
232 1768 413 1815 Flaccus,
435 1766 590 1805 Claudii
610 1766 726 1812 filius,
752 1765 853 1803 tibiis
873 1764 1047 1816 paribus,
1067 1764 1213 1802 dextris
1235 1773 1274 1803 et
1294 1766 1473 1806 sinistris.
1531 1769 1580 1805 Et

119 1839 180 1870 est
200 1839 283 1870 tota
303 1832 457 1877 Graeca,
490 1830 594 1869 edita
621 1831 679 1868 M.
702 1828 893 1866 Marcello
911 1835 951 1866 et
970 1829 1044 1867 Cu.
1066 1828 1239 1879 Sulpicio
1261 1829 1377 1868 Coss.
1399 1830 1578 1870 Pronun-

117 1896 292 1946 tiataque
325 1903 385 1934 est
419 1896 602 1933 ANDRIA
637 1895 876 1939 TERENTII,
914 1893 963 1930 ob
995 1892 1236 1943 incognitum
1275 1894 1404 1933 adhuc
1437 1908 1577 1935 nomen

119 1959 268 2006 Po'etae,
297 1967 336 1998 et
368 1961 526 1997 minoris
553 1958 658 2010 apud
686 1957 874 2009 populum
895 1957 1136 1995 auctoritatis
1166 1970 1211 1995 ac
1244 1958 1381 1996 meriti.
1440 1959 1577 1998 Diver-

118 2023 189 2060 biis
211 2030 279 2061 aut
297 2022 494 2061 canticis4
521 2022 649 2073 lepide
671 2022 857 2060 distincta
875 2027 960 2059 est:
990 2028 1042 2067 et,
1075 2034 1261 2059 successu
1292 2029 1469 2074 spectata
1488 2037 1577 2074 pro-

117 2099 245 2137 spero,
273 2088 520 2125 hortamento
555 2087 689 2124 Poetae
726 2085 799 2122 fuit
829 2084 880 2122 ad
916 2084 1011 2122 alias
1045 2085 1363 2124 conscribendas.
1422 2088 1576 2128 Initium

117 2158 247 2188 autem
267 2151 483 2199 προτατικόν
506 2153 714 2198 πρόσωπον,
744 2148 782 2185 id
813 2154 888 2193 est,
918 2147 1168 2185 adventitiam
1204 2161 1410 2198 personam
1431 2155 1577 2204 recepit

118 2214 256 2260 Sosiae,
277 2221 432 2266 propter
451 2213 707 2252 evolvendam
728 2211 946 2263 argumenti
966 2211 1256 2251 obscuritatem.
1312 2214 1487 2253 Persona
1507 2230 1575 2255 au—

116 2284 194 2315 tem
213 2278 404 2328 protatica
423 2291 469 2316 ea
488 2277 730 2328 intelligitur,
764 2289 866 2328 quae‚
901 2276 1021 2314 semel
1047 2276 1210 2315 inducta
1229 2277 1268 2314 in
1287 2279 1477 2330 principio
1500 2281 1573 2319 Fa-

114 2341 231 2388 bulae,
250 2342 288 2379 in
310 2328 428 2380 nullis
450 2342 635 2393 deinceps
657 2341 817 2378 Fabulae
838 2340 1012 2391 partibus
1034 2341 1251 2380 adhibetur.
1291 2344 1573 2383 Annotandum

116 2417 225 2453 sane,
245 2406 463 2457 puellarum
478 2409 490 2431 ⁵
512 2406 728 2445 liberalium
743 2405 891 2444 nullam
907 2405 1121 2443 orationem
1142 2405 1179 2443 in
1201 2408 1406 2457 proscenio
1426 2409 1572 2457 induci,

159 2534 175 2562 1
202 2532 247 2564 Et
262 2544 281 2564 a
297 2533 380 2565 dant
396 2534 475 2565 edd.
494 2533 618 2575 Delph.
635 2539 670 2565 et
686 2534 726 2565 Z.
911 2535 931 2563 4
955 2532 1119 2564 Diverbiis
1133 2533 1332 2566 authenticis.
1360 2534 1417 2566 Sic
1435 2535 1570 2577 quidem

156 2584 176 2612 2
197 2583 277 2614 Vet.
293 2584 369 2615 cod.
385 2584 482 2615 Petr.
498 2584 656 2615 Danielis
671 2585 750 2615 Hoec
762 2594 812 2624 pr.
868 2592 984 2614 omnes
1001 2584 1121 2625 scripti
1137 2585 1226 2616 libri.
1273 2586 1340 2617 Sed
1362 2596 1429 2618 non
1451 2587 1572 2618 dubito

104 2631 197 2668 facta
212 2636 268 2672 est,
289 2637 359 2664 acta
373 2634 464 2665 ludis.
488 2633 586 2665 Lind.
869 2634 951 2675 quin
978 2644 1058 2665 vera
1083 2635 1126 2666 sit
1149 2636 1342 2667 emendatio
1364 2636 1461 2668 haec:
1493 2639 1570 2669 Div.

157 2684 175 2712 3
200 2681 256 2713 Al.
286 2683 332 2714 M.
349 2683 461 2714 Fulvio
475 2683 575 2723 aedi!e‚
600 2687 629 2714 et
656 2684 706 2714 M.
735 2684 812 2715 Gla·
867 2688 922 2715 aut
935 2684 1076 2716 canticis.
1100 2685 1153 2717 Id.

114 2729 230 2771 brione,
257 2731 298 2767 Q.
323 2732 464 2764 Minucio
494 2733 618 2765 Valerio
645 2734 813 2765 curulibus.
912 2739 930 2766 5
955 2735 1176 2767 Annotaudum
1188 2747 1273 2776 saue,
1284 2737 1471 2778 puellarum]
1494 2739 1569 2768 Fal„

114 2778 164 2811 Id.
869 2795 940 2817 sum
957 2790 1022 2824 est,
1045 2786 1134 2828 quod
1151 2787 1213 2818 hoc
1230 2787 1303 2819 loco
1325 2793 1440 2820 monet
1454 2789 1568 2819 Dona-
