1945 3296
335 225 392 267 34
860 233 1102 265 Tssnsswrn
1139 232 1270 264 vrTA.

496 329 612 374 Quod
631 328 686 367 illi
705 327 953 367 maledictum
973 327 1182 365 vehemens
1202 325 1441 374 existimant,

497 395 593 431 Eam
613 392 769 431 laudem
788 392 851 430 hic
871 391 980 429 ducit
998 391 1203 428 maximam
1221 403 1231 428 t
1260 403 1348 429 cum
1369 391 1444 430 illis
1464 392 1607 444 placet,

496 458 572 501 Qui
590 456 699 494 vobis
719 455 910 494 universis
932 461 971 492 et
991 453 1136 505 populo
1156 453 1335 504 placent:

493 521 666 564 Quorum
688 532 807 570 opera
826 519 865 556 in
886 517 1004 563 bello,
1033 517 1073 554 in
1094 517 1187 562 otio,
1213 517 1252 554 in
1272 518 1445 568 negotio,

495 585 574 623 Suo
594 583 761 635 quisque
781 589 954 633 ternpore
975 593 1071 619 usus
1092 588 1153 619 est
1172 580 1255 619 sine
1276 581 1467 632 superbia.

386 699 549 738 Videtur
568 705 697 736 autem
719 711 760 736 se
781 697 904 735 levius
931 696 1170 743 defendisse,
1205 696 1298 747 quia
1327 696 1477 734 sciebat
1510 696 1628 734 Laelio
1649 703 1688 735 et
1708 696 1791 734 Sci-

333 762 437 813 pioni
459 775 536 801 non
563 762 755 813 ingratam
785 773 872 799 esse
903 759 1005 798 hanc
1038 759 1283 810 opinionem;
1314 772 1403 810 quae
1436 765 1567 797 tamen
1597 759 1721 810 magis
1752 764 1792 797 et

334 839 458 877 usque
472 824 504 844 ¹⁰
525 825 575 863 ad
595 824 811 876 posteriora
830 830 1007 875 tempora
1025 823 1160 861 valuit.

390 891 439 934 Q.
472 889 678 926 Memmius
709 888 747 925 in
781 887 969 925 Oratione
1002 899 1073 937 pro
1103 900 1144 925 se
1173 886 1246 924 ait:
1277 886 1402 924 ‘Pub.
1422 886 1644 932 Africanus,
1673 885 1739 936 qui
1770 898 1793 923 a

333 953 512 991 Terentio
531 964 739 1004 personam
756 956 972 997 mutuatus,
993 963 1082 1001 quae
1104 950 1208 988 domi
1229 949 1377 988 luserat
1395 950 1494 1002 ipse,
1513 950 1669 988 nomine
1687 949 1790 987 illius

332 1018 371 1054 in
392 1029 549 1055 scenam
581 1014 748 1054 detulit!
805 1015 940 1065 Nepos
972 1020 1131 1052 auctore
1164 1020 1270 1051 certo
1301 1013 1537 1064 comperisse
1569 1025 1611 1051 se
1646 1013 1711 1059 ait,
1743 1013 1791 1050 C.

334 1080 509 1126 Laelium,
529 1079 726 1131 quondam
746 1079 786 1116 in
807 1077 1025 1116 Puteolano
1048 1077 1138 1115 Kal.
1160 1077 1312 1114 Martiis
1334 1076 1578 1114 admonitum
1594 1077 1642 1114 ab
1658 1088 1790 1122 uxore,

332 1142 542 1193 temporius
565 1150 608 1181 ut
622 1142 897 1188 discumberet,
917 1141 1076 1192 petiisse
1097 1141 1145 1178 ab
1166 1153 1213 1178 ea
1232 1153 1280 1178 ne
1299 1139 1610 1191 interpellaretur
1627 1152 1637 1176 :
1669 1139 1791 1177 serius

332 1207 492 1245 tandem
510 1207 730 1258 ingressum
750 1205 956 1244 triclinium
977 1204 1134 1250 dixisse,
1157 1216 1236 1241 non
1258 1218 1363 1256 saepe
1381 1203 1420 1241 in
1442 1202 1649 1242 scribendo
1665 1203 1790 1253 magis

333 1272 572 1311 successisse
592 1271 675 1309 sibi.
734 1269 887 1308 Deinde
914 1275 1095 1320 rogatum
1130 1275 1173 1306 ut
1206 1268 1351 1320 scripta
1381 1267 1449 1305 illa
1479 1267 1681 1319 proferret,
1700 1279 1790 1319 pro-

331 1337 532 1374 nuntiasse
549 1347 698 1382 versus,
727 1335 793 1385 qui
814 1340 906 1372 sunt
924 1333 965 1370 in
988 1331 1457 1370 Heautontimorumeno:

440 1443 543 1481 Satis
563 1442 629 1493 pol
647 1448 823 1493 proterve
843 1453 905 1478 me
926 1439 1011 1491 Syri
1030 1439 1222 1491 promissa
1240 1438 1318 1476 huc
1339 1437 1592 1476 induxerunt.

385 1552 526 1589 Santra
545 1548 767 1587 Terentium
783 1548 991 1594 existimat,
1021 1547 1053 1585 si
1086 1546 1203 1585 modo
1233 1546 1272 1584 in
1307 1545 1512 1584 scribendo
1548 1545 1789 1596 adjutoribus

332 1614 555 1666 indiguerit,
583 1626 662 1651 non
684 1619 762 1650 tam
782 1611 962 1663 Scipione
983 1617 1023 1649 et
1042 1611 1161 1648 Laelio
1181 1611 1238 1648 uti
1267 1610 1453 1660 potuisse,
1485 1608 1552 1660 qui
1584 1616 1676 1647 tunc
1696 1609 1792 1646 ado-

331 1679 537 1719 lescentuli
565 1678 686 1723 fuere,
715 1689 831 1727 quam
866 1676 912 1714 C.
948 1674 1120 1725 Sulpicio
1153 1673 1283 1720 Gallo,
1317 1672 1473 1712 homine
1501 1671 1632 1719 docto,
1665 1678 1704 1711 et
1723 1673 1790 1724 qui

332 1743 603 1783 consularibus
618 1744 648 1761 ¹¹
680 1740 783 1777 ludis
803 1739 951 1777 initium
971 1738 1104 1776 fecerit
1124 1737 1356 1775 Fabularum
1377 1734 1597 1774 dandarum
1615 1748 1624 1773 :
1655 1735 1717 1774 vel
1737 1736 1788 1779 Q.

334 1808 455 1846 Fabio
476 1807 672 1851 Labeone,
693 1810 731 1843 et
751 1803 807 1841 M.
828 1802 994 1853 Popilio,
1015 1801 1210 1840 consulari
1229 1807 1408 1850 utroque,
1443 1812 1489 1838 ac
1507 1800 1637 1850 po'eta.
1694 1798 1790 1837 Ideo

334 1873 461 1923 ipsum
491 1884 568 1909 non
594 1869 760 1921 juvenes
788 1866 1034 1917 designasse,
1063 1864 1130 1916 qui
1164 1877 1205 1902 se
1238 1863 1435 1914 adjuvisse
1455 1862 1691 1910 dicerentur,
1721 1862 1792 1901 sed

334 1936 448 1980 viros,
468 1945 632 1984 quorum
651 1943 820 1983 operam,
841 1936 880 1967 et
898 1929 937 1966 in
957 1929 1075 1974 bello,
1096 1928 1191 1966 etin
1213 1927 1306 1973 otio,
1327 1933 1366 1964 et
1384 1927 1423 1964 in
1445 1926 1604 1977 negotio
1623 1925 1792 1977 populus

334 1999 384 2037 sit
403 2003 597 2048 expertus.
654 1995 751 2032 Post
781 1993 906 2032 editas
938 1991 1162 2030 Comoedias
1195 1990 1370 2028 nondum
1392 1990 1569 2041 quintum
1589 1997 1706 2040 atque
1725 1988 1794 2026 tri-

334 2062 524 2114 gesimum
549 2071 729 2111 egressus
763 2070 922 2103 aunum,
952 2068 1073 2094 causa
1100 2054 1296 2093 evitandae
1330 2054 1542 2105 opinionis,
1573 2053 1667 2105 quia
1685 2053 1794 2092 vide·

332 2128 446 2164 batur
467 2125 592 2162 aliena
611 2136 680 2174 pro
709 2122 790 2160 suis
823 2121 950 2166 edere,
981 2133 1050 2159 seu
1083 2118 1323 2170 percipiendi
1354 2118 1582 2156 Graecorum
1616 2118 1796 2156 instituta

335 2201 552 2239 moresque,
573 2199 670 2238 quos
690 2185 849 2238 perinde
870 2185 1098 2236 exprimeret
1121 2184 1157 2221 in
1180 2182 1346 2234 scriptiS‚
1363 2195 1545 2233 egressus
1561 2182 1696 2220 urbem
1717 2188 1791 2230 est,

336 2266 461 2304 neque
483 2251 647 2304 amplius
668 2249 791 2289 rediit.
851 2250 913 2287 De
933 2254 1055 2287 morte
1077 2247 1160 2299 ejus
1181 2246 1384 2285 Volcatius
1406 2245 1547 2286 tradit:

495 2359 588 2406 Sed,
609 2366 653 2397 ut
672 2358 765 2396 Afer
786 2371 853 2396 sex
871 2357 1015 2408 populo
1036 2355 1145 2394 dedit
1164 2353 1402 2400 Comoedias,

495 2423 572 2460 Iter
592 2422 682 2460 hinc
703 2422 741 2459 in
760 2421 894 2459 Asiam
911 2420 1017 2459 fecit.
1073 2419 1213 2457 Navim
1229 2430 1319 2457 cum
1339 2416 1459 2456 semel
1474 2415 1507 2434 ¹²

496 2484 751 2532 Conscendit,
771 2485 877 2522 visus
898 2496 1097 2535 nunquam
1119 2488 1192 2520 est.
1251 2481 1316 2519 Sic
1334 2480 1414 2519 vita
1434 2485 1563 2518 vacat.

380 2637 420 2665 10
444 2633 553 2673 Magis
575 2636 605 2664 et
629 2633 736 2673 usque]
758 2631 869 2672 Vulgo
886 2630 1039 2662 obscure.
1098 2627 1299 2660 Consualibus
1313 2627 1414 2658 ludis:
1438 2625 1497 2658 sed
1513 2623 1624 2657 Faber
1636 2623 1709 2655 vult
1724 2623 1795 2666 legi

337 2685 385 2715 Id.
430 2684 495 2717 Qui
509 2683 618 2715 edidit
632 2693 673 2714 m.
690 2686 721 2713 et
736 2692 775 2712 m.
790 2691 895 2721 usque.
1095 2678 1287 2711 Cerealibus.
1311 2678 1419 2708 Zenn.

381 2738 418 2766 ll
446 2736 488 2766 Et
506 2735 557 2775 qui
569 2731 792 2772 consularibus]
815 2733 856 2763 R.
869 2732 955 2771 cujus
967 2742 1036 2762 con-
1134 2732 1175 2761 12
1203 2730 1317 2760 Navim
1337 2737 1406 2759 cum
1429 2725 1535 2768 semel]
1557 2726 1623 2759 Ms.
1641 2725 1797 2758 Danielis

338 2786 501 2817 sularibus.
554 2783 653 2816 Lind.
694 2783 853 2814 Muretus
894 2781 1037 2822 conjicit
1092 2781 1208 2813 Navim
1221 2784 1254 2812 ut
1271 2780 1375 2812 semel.
1403 2778 1500 2810 Lind-
