1903 3306
560 232 784 263 EUNUCffl
819 232 927 261 Aer.
954 231 1004 260 11.
1038 230 1103 260 sc.
1131 231 1200 260 ιιι.
1512 222 1596 262 437

147 329 235 372 Cn.
266 328 484 371 Continuo
507 329 693 369 accurrit
715 328 771 368 ad
788 340 873 377 me,
899 339 1029 379 quam
1051 326 1180 377 longe
1203 326 1394 379 quidem,

147 398 377 446 Incurvas,
400 397 625 445 tremulus,
644 395 777 435 labiis
799 394 1029 443 demissis,
1045 405 1237 445 gemens.

147 465 302 507 Heus!
333 464 464 504 heus!
497 464 575 503 tibi
596 463 710 511 dico,
733 462 935 511 Chaerea,
960 461 1121 513 inquit.
1183 459 1365 500 Restiti.
1539 461 1596 498 45

146 530 265 573 Scin’
284 531 392 584 quid
414 543 495 583 ego
519 535 560 571 te
581 530 816 570 volebam?
847 529 934 569 dic.
995 528 1103 567 Cras
1124 532 1192 567 est
1212 526 1317 566 mihi

145 599 386 640 Judicium.
447 597 565 647 Quid
590 598 712 636 tum?
773 596 835 636 Ut
863 595 1094 645 diligenter
1115 593 1287 632 nunties

146 666 289 714 Patri,
311 666 557 705 advocatus
580 677 708 704 mane
728 663 833 703 mihi
856 675 955 702 esse
977 664 1024 700 ut
1042 660 1298 700 meminerit.

146 733 264 774 Dum
286 732 384 772 haec
405 731 525 780 dicit,
546 731 655 771 abiit
674 731 795 771 hora.
856 729 1003 779 Rogo,
1028 727 1238 779 numquid
1263 726 1385 765 velit.

146 799 303 847 Recte,
326 798 488 851 inquit:
521 799 649 838 abeo.
710 797 820 837 Cum
840 796 924 836 huc
946 794 1138 846 respicio
1161 793 1215 833 ad
1233 792 1459 843 virginem,
1542 790 1597 829 50

145 865 231 907 Illa
246 878 346 906 sese
366 865 536 905 interea
557 863 838 904 commodum
858 863 941 902 huc
965 861 1213 901 advorterat

146 933 202 975 In
218 934 331 974 hanc
352 936 541 973 nostram
558 931 762 985 plateam.
824 930 912 970 ΡΑ.
948 929 1127 976 Mirum,
1141 928 1185 966 ni
1201 927 1313 967 hanc
1327 925 1449 973 dicit,
1464 923 1595 964 modo

146 1001 269 1042 Huic
288 1014 391 1054 quae
426 999 530 1040 data
563 1003 630 1039 est
656 998 782 1038 dono.
844 995 931 1037 CH.
965 995 1070 1035 Huc
1104 1007 1205 1034 cum
1241 993 1450 1040 advenio,
1474 990 1596 1030 nulla

316 1070 419 1107 erat.

145 1135 235 1176 PA.
267 1133 464 1174 Comites
483 1132 629 1172 secuti
649 1131 820 1172 scilicet
841 1134 942 1170 sunt
965 1128 1205 1182 virginem?

145 1202 232 1243 CH.
264 1200 456 1242 Verum:
503 1200 728 1253 parasitus
759 1212 858 1239 cum
895 1198 1071 1239 ancilla.
1146 1196 1232 1236 PA.
1265 1194 1374 1247 Ipsa
1404 1197 1498 1233 est:
1529 1191 1595 1231 ili-

315 1267 415 1308 cet!
1538 1259 1595 1300 55

143 1384 203 1415 tim
224 1386 265 1416 ad
286 1395 332 1417 me
358 1384 455 1416 currit
481 1394 571 1424 quam
592 1384 681 1423 longe
704 1387 784 1420 erat,
802 1386 894 1413 oetate
915 1382 1105 1418 incurvatus,
1131 1384 1262 1411 tremens
1276 1377 1493 1411 imbecillitate,
1508 1373 1597 1405 labiis

140 1428 397 1467 propendentibus
411 1428 560 1464 deorsum,
574 1436 698 1465 gemens
717 1435 783 1467 proe
807 1425 906 1456 tussi.-
932 1426 1032 1463 Heus,
1055 1425 1138 1460 heus,
1164 1426 1193 1454 te
1215 1423 1293 1459 volo,
1324 1420 1462 1457 Choerea,
1484 1416 1596 1457 inquit.

143 1469 197 1501 Ad
211 1471 276 1501 lroec
290 1471 382 1501 verba
394 1470 527 1509 gradum
541 1470 681 1509 repressi.
726 1468 845 1506 scisne,
867 1468 962 1504 dixit,
989 1477 1055 1507 quoe
1077 1466 1134 1497 tibi
1159 1466 1295 1496 volebam
1315 1463 1436 1493 dicere?
1458 1462 1532 1497 Dic,
1548 1459 1595 1489 in-

143 1522 244 1552 quam.
293 1514 372 1544 Cras
396 1522 462 1543 mea
476 1523 567 1543 causa
581 1512 697 1550 agitur.
742 1513 801 1548 At,
820 1511 893 1550 quia
914 1511 1007 1541 inde?
1030 1510 1152 1548 inquam
1171 1518 1236 1546 ega.
1288 1508 1332 1537 Ut
1352 1505 1453 1535 sedato
1475 1507 1595 1544 patrem

143 1563 266 1586 numeas
280 1566 366 1595 rogo,
380 1559 415 1586 ut
429 1555 600 1585 meminerit
615 1564 702 1584 mane
712 1564 827 1584 mecam
838 1556 921 1583 stare
938 1552 1105 1590 injudicio,
1152 1551 1237 1582 Dum
1252 1550 1316 1580 hoec
1331 1547 1419 1585 dicit,
1432 1548 1504 1577 hora
1513 1554 1594 1586 prce-

145 1599 239 1634 terit,-
261 1608 362 1639 quoero
376 1597 521 1636 numquid
537 1597 619 1627 velit.
665 1597 770 1634 Recte,
786 1595 899 1635 inquit,
916 1595 973 1625 tibi
987 1595 1042 1632 sit,
1057 1594 1134 1624 vale.
1182 1593 1264 1623 Abeo
1277 1603 1288 1628 ,·
1313 1600 1380 1621 cum
1395 1590 1453 1620 hac
1467 1587 1594 1628 respicio

142 1638 184 1669 ad
195 1640 361 1679 virginem,
378 1641 431 1670 illa
443 1639 558 1670 interea
569 1640 671 1670 eodem
683 1642 812 1678 tempore
824 1639 991 1678 deflexerat
1003 1637 1036 1667 in
1049 1638 1125 1667 hanc
1137 1639 1271 1666 nostram
1280 1636 1424 1674 plateam,
1437 1632 1488 1662 ubi
1501 1629 1595 1661 Thais

143 1681 272 1714 habitat.
318 1684 382 1714 ΡΑ.
408 1682 566 1713 Nimirum
586 1683 622 1712 de
644 1682 697 1711 illa
719 1681 853 1721 loquitur
872 1680 1007 1719 virgine,
1021 1690 1087 1720 quae
1108 1678 1217 1709 Thaidi
1241 1679 1353 1707 donata
1376 1679 1422 1706 est
1444 1685 1462 1704 a
1478 1672 1594 1704 Milite.

146 1724 213 1755 CH.
240 1726 318 1756 Cum
332 1727 389 1756 huc
404 1724 544 1763 advenio,
559 1734 625 1755 eam
646 1734 705 1754 non
729 1723 848 1763 reperi:
871 1723 1074 1763 disparuerat.
1119 1722 1185 1751 ΡΑ.
1212 1721 1327 1759 Nempe
1341 1718 1464 1749 comites
1477 1714 1596 1753 virg-ini

143 1767 281 1800 aderam.
315 1769 383 1800 Cn.
397 1768 450 1799 Ita
464 1771 529 1799 est:
545 1767 640 1798 secuti
650 1770 723 1797 sunt
734 1766 878 1797 nimirum
882 1765 1041 1806 parasitus
1054 1768 1084 1795 et
1100 1763 1221 1794 ancilla.
1255 1763 1319 1792 ΡΑ.
1332 1761 1404 1801 Ipsa
1419 1763 1474 1791 est.
1506 1760 1593 1796 Jam,

748 1866 983 1881 “eeeaeeeeeeo

144 1949 260 1983 Guelf.
275 1953 307 1982 2.
320 1953 356 1981 et
371 1950 424 1990 qui
438 1952 472 1980 3.
491 1959 554 1990 pro
570 1948 758 1988 quam—49
783 1946 876 1978 Libri
903 1945 1038 1987 quidam
1066 1945 1151 1975 Mss.
1169 1947 1204 1974 et
1222 1942 1310 1983 typis
1327 1939 1492 1981 expressi,
1509 1940 1594 1970 Dum

144 1993 210 2024 haec
237 1993 385 2033 loquitur.
415 1992 525 2022 West.
565 1992 651 2021 Dum
676 1989 742 2020 haec
763 1990 840 2020 dicit
867 1989 961 2019 dedit
988 1989 1046 2018 Fa.
1062 1987 1157 2018 etsie
1175 1986 1262 2016 Edd.
1280 1988 1362 2015 vett.
1398 1982 1464 2013 Sed
1483 1982 1591 2012 nostri

142 2044 272 2074 omnes,
287 2040 432 2074 excepto
450 2044 514 2065 uno
531 2034 613 2064 satis
630 2032 775 2070 receuti,
799 2032 885 2062 Dum
900 2032 965 2062 hac
985 2030 1132 2070 loquitur.
1161 2029 1261 2059 Bent.
1307 2027 1461 2065 Loquitur
1490 2025 1531 2055 R.
1556 2029 1592 2055 et

142 2078 224 2109 Vet.
241 2078 325 2108 Cod.
350 2077 444 2108 Lina.
481 2076 635 2116 Loquitur
664 2075 827 2105 exhibent
854 2075 912 2105 ΒΓ.
939 2074 1039 2103 Bent.
1069 2071 1170 2102 Both.
1194 2070 1286 2100 Peri.
1315 2069 1372 2109 qui
1396 2072 1491 2098 notat
1515 2067 1592 2097 dicit

143 2129 215 2151 esse
243 2120 276 2151 in
307 2118 421 2151 Guelt'.
449 2121 569 2149 2.—-50
591 2118 763 2157 Scriptum
790 2116 898 2155 inquid
927 2115 959 2145 in
986 2113 1099 2146 Guelf.
1116 2116 1147 2144 3.
1165 2118 1197 2142 et
1215 2112 1324 2143 Habeo
1341 2112 1372 2141 in
1390 2113 1422 2141 2.
1462 2109 1539 2140 Hoc
1556 2114 1593 2139 et

144 2164 258 2202 glossa
274 2163 308 2193 in
335 2163 394 2192 ΒΓ.
420 2161 547 2192 habet:
574 2165 608 2190 et
625 2160 737 2190 Bruns
763 2163 882 2188 notat:
905 2158 914 2175 ‘
930 2157 1044 2198 Atque
1070 2156 1118 2186 sic
1147 2155 1234 2185 forte
1260 2154 1336 2184 olim
1365 2153 1490 2183 lectum
1514 2151 1593 2188 fuit,

139 2205 284 2246 huicque
309 2205 388 2235 lect.
401 2203 563 2234 convenit
579 2207 658 2232 nota
673 2203 737 2242 [sc.
757 2201 789 2231 in
809 2200 951 2240 glossa]‚
973 2201 982 2216 ‘
1001 2198 1129 2238 aliquid
1149 2198 1211 2228 tibi
1228 2194 1368 2227 dicere!
1382 2194 1473 2224 '—5l
1504 2195 1591 2224 llloec

141 2257 174 2278 se
188 2247 247 2278 int.
263 2247 453 2278 Rom—52
477 2246 517 2276 In
532 2248 666 2275 nostram
684 2244 714 2274 Ιι.
726 2243 770 2283 pl.
798 2244 876 2282 Bip.
892 2243 986 2273 Hanc
999 2245 1097 2272 nostr.
1112 2241 1146 2270 in
1160 2241 1294 2279 plateam
1310 2237 1501 2268 Rom—53
1526 2237 1593 2266 Re-

140 2299 229 2330 pone
245 2300 312 2330 quae
327 2290 402 2320 data
415 2289 491 2319 dono
506 2291 564 2319 est.
590 2287 693 2317 Bent.
739 2286 902 2326 Sequitur
918 2285 1010 2314 Peri.
1047 2284 1135 2313 Data
1158 2282 1228 2312 huic
1243 2291 1310 2321 quoe
1325 2281 1402 2310 dono
1417 2284 1459 2309 est
1488 2279 1590 2309 Both.

140 2335 227 2364 -54
249 2332 344 2363 Tolle
362 2330 637 2370 interrogationis
654 2332 780 2359 notam.
805 2328 983 2358 Bent.—55
1012 2325 1102 2356 Libri
1120 2324 1254 2364 quidam
1274 2322 1421 2363 junctim
1455 2322 1526 2360 Ipsa
1550 2323 1589 2351 ’st

140 2374 273 2405 scilicet.
297 2375 404 2405 West.
444 2372 517 2413 Ipsa
530 2375 575 2402 est
598 2371 715 2401 scilicet
737 2370 780 2401 G.
800 2370 866 2400 ET.
884 2369 964 2399 EM.
991 2368 1040 2399 Id.
1054 2368 1084 2398 in
1102 2367 1185 2397 Add.
1212 2366 1339 2397 Scilicet
1358 2363 1461 2394 nostri
1479 2362 1589 2394 Codd.

139 2421 177 2447 et
202 2416 289 2447 Edu.
306 2420 460 2447 vetustae.
504 2415 613 2445 'facet
631 2413 780 2444 Faernus
797 2422 803 2440 :
830 2411 951 2442 sedita
966 2411 1063 2441 Rem.
1081 2413 1220 2440 notante
1239 2408 1285 2439 G.
1309 2407 1347 2437 F.
1374 2406 1587 2445 Eugraphius

141 2459 183 2490 ad
202 2459 332 2490 locum:
357 2457 460 2497 ‘Ipsa
487 2460 554 2487 est:
580 2456 684 2486 ilicet.
731 2455 873 2488 Quoties
902 2463 1000 2484 causa
1028 2452 1070 2482 ab
1098 2451 1289 2482 oratoribus
1310 2449 1552 2486 finiebatur,et
1569 2457 1589 2478 a

133 2501 254 2542 judice
278 2500 451 2532 sententia
476 2498 560 2530 ferri
590 2503 753 2539 coeperat,
776 2505 912 2536 semper
928 2494 1213 2533 conclamabatur,
1237 2493 1352 2531 Ilicet,
1377 2491 1440 2522 hoc
1459 2494 1512 2521 est
1528 2490 1585 2521 Ire

799 2589 939 2623 NOTAE

181 2669 224 2699 49
247 2666 335 2705 Rogo
350 2662 496 2703 numquid
509 2661 596 2701 velit]
620 2659 770 2698 Abituri‚
792 2669 835 2690 ne
888 2658 946 2690 Sic
970 2658 1060 2690 Gaui
1094 2658 1206 2688 solent
1227 2657 1355 2697 dicere,
1375 2656 1456 2688 Vous
1467 2655 1588 2697 plau-il

138 2719 174 2751 id
189 2718 274 2749 dure
289 2714 457 2752 facerent,
473 2711 647 2752 Numquid
667 2711 726 2750 vis,
742 2710 834 2741 dice·
888 2710 957 2741 rien
970 2719 1018 2740 me
1032 2705 1249 2740 commander?

138 2769 224 2802 bant
263 2766 313 2798 his
350 2763 549 2806 quibuscum
589 2762 835 2793 constitissent.
