1903 3306
300 212 396 256 466
802 225 843 255 P.
874 218 1117 256 TERENTH
1148 223 1267 255 Amu

302 320 390 362 Illa
408 318 532 362 illico
553 319 631 362 ubi
653 331 722 360 me
743 320 930 374 accepit,
950 319 1060 360 laeta
1077 329 1182 359 vero
1205 316 1261 358 ad
1284 329 1333 358 se
1352 317 1539 361 abducit
1557 319 1760 361 domum:

302 387 593 430 Commendat
609 387 837 441 virginem.
864 401 868 414 ¹
889 386 984 429 AN.
1016 386 1136 428 Cui'l
1160 386 1295 427 tibine
1315 387 1333 427 ἳ
1384 384 1471 428 CH.
1491 386 1616 428 Mihi.
1666 387 1760 429 AN.

476 456 596 498 Satis
617 459 716 498 tuin
738 460 894 497 tamen.

302 523 390 567 CH.
423 523 585 574 Edicit,
606 537 661 573 ne
682 524 749 565 vir
769 523 1011 577 quisquam
1032 523 1089 565 ad
1112 536 1207 565 eam
1231 523 1386 565 adeat:
1405 527 1451 565 et
1466 523 1574 565 mihi
1588 537 1644 565 ne
1658 525 1762 566 abs-

475 592 646 641 cedam,
671 592 892 646 imperat:
1704 591 1762 634 30

300 660 356 702 In
375 660 580 701 interiore
598 664 723 714 parte
745 663 796 699 ut
816 671 1014 700 maneam
1037 658 1161 699 solus
1184 671 1280 699 cum
1303 659 1424 700 sola:
1446 672 1605 709 annuo,

300 729 483 770 Terram
508 729 681 769 intuens
711 727 923 769 modeste.
982 725 1077 768 AN.
1109 726 1277 768 Miser!
1338 726 1429 769 CH.
1462 726 1574 781 Ego,
1603 727 1761 782 inquit,

474 797 532 838 ad
553 809 728 838 coenam
749 796 849 836 hinc
870 808 935 837 eo.

300 863 497 907 Abducit
518 877 670 906 secum
691 863 903 905 ancillas:
935 875 1114 917 paucae,
1143 874 1246 917 quae
1267 863 1434 904 circum
1453 862 1577 904 illam
1598 867 1760 914 essent,

472 936 662 982 manent,

239 1018 241 1021 ·
301 1000 347 1042 N
352 1001 512 1043 oviciae
534 1000 724 1055 puellae:
756 999 974 1042 continuo
997 999 1092 1041 haec
1114 999 1340 1049 adornant,
1360 1003 1409 1040 ut
1427 999 1558 1041 lavet.

299 1069 537 1120 Adhortor,
573 1075 834 1124 properent:
874 1068 980 1110 dum
1018 1071 1272 1123 apparatur,
1311 1067 1436 1121 virgo
1476 1067 1523 1108 in
1561 1065 1764 1110 conclavi

474 1137 619 1189 sedet,
1704 1134 1764 1177 35

300 1205 573 1259 Suspectans
606 1204 807 1246 tabulam
838 1203 1063 1258 quandam
1095 1204 1279 1258 pictam,
1309 1203 1389 1245 ubi
1418 1203 1557 1246 inerat
1586 1202 1762 1257 pictura

474 1272 570 1313 haee
589 1286 599 1314 ε
620 1271 651 1313 J
655 1285 783 1314 ovem

302 1340 405 1393 Quo
425 1345 563 1395 pacto
585 1340 760 1381 Danaae
790 1340 964 1383 misisse
993 1339 1117 1380 aiunt
1135 1339 1361 1395 quondam
1382 1340 1427 1382 in
1455 1340 1668 1394 gremium
1682 1339 1762 1381 im-

471 1409 595 1450 brem
615 1420 807 1449 aureum.

296 1529 432 1570 primum
446 1539 494 1561 me
509 1530 636 1571 accepit,
662 1528 760 1561 libens
782 1538 854 1560 vero
879 1531 909 1560 et
934 1528 1045 1560 hilaris
1067 1528 1122 1561 illa
1150 1539 1198 1560 me
1218 1529 1395 1561 introduxit
1419 1529 1553 1569 domum,
1576 1529 1764 1560 commendat

298 1573 469 1604 custodiam
490 1573 636 1613 virginis.
681 1571 753 1603 AN.
780 1572 863 1603 Cui?
892 1571 1010 1604 tibine?
1041 1572 1110 1604 CH.
1142 1572 1242 1604 Mihi.
1295 1572 1364 1604 ΑΝ.
1389 1572 1477 1605 Satis
1491 1582 1562 1603 vero
1583 1572 1681 1603 tutori
1693 1571 1764 1612 fido

297 1616 429 1648 scilicet.
477 1617 547 1648 Cn.
564 1616 702 1658 Imperat
716 1625 754 1646 ue
770 1615 819 1646 vz'r
833 1614 995 1656 quisquam
1009 1616 1145 1655 accedat,
1161 1618 1192 1647 et
1206 1616 1284 1647 mihi
1298 1625 1337 1648 ne
1350 1615 1389 1647 ab
1404 1626 1440 1647 ea
1455 1616 1609 1647 discedam
1623 1616 1765 1656 imperat,

298 1659 384 1690 utin
408 1660 555 1691 interiore
578 1659 694 1690 auium
716 1661 806 1699 parte
821 1668 996 1689 remaneam
1017 1659 1101 1689 solus
1124 1669 1193 1690 cum
1214 1660 1290 1690 sola.
1344 1659 1437 1690 Nutu
1455 1659 1604 1699 promitto
1621 1659 1767 1696 modeste,

298 1702 415 1743 defixis
429 1704 463 1734 in
479 1706 595 1734 terram
609 1702 716 1733 oculis.
761 1700 833 1732 AN.
859 1701 973 1738 Miser,
989 1701 1042 1741 qui
1054 1711 1110 1742 pro
1125 1701 1253 1733 libidine
1267 1702 1417 1743 explenda
1432 1706 1496 1733 tam
1503 1702 1635 1741 indigna
1646 1700 1765 1733 tuleris.

301 1744 372 1776 Cn.
396 1747 479 1785 Ego,
495 1746 596 1786 inquit
614 1745 720 1783 Thais,
742 1745 783 1775 ad
808 1754 925 1775 coeuam
943 1744 1062 1776 Militis
1077 1745 1149 1776 hinc
1165 1755 1209 1776 eo.
1256 1745 1393 1777 Abducit
1417 1755 1518 1777 secum
1542 1745 1672 1777 ancillas
1694 1753 1763 1784 q-uoe

298 1797 332 1818 se
347 1789 548 1821 comitentur.-
569 1798 691 1829 paucae,
717 1797 784 1828 quae
800 1787 918 1826 virgini
934 1788 1052 1825 adsint,
1077 1788 1160 1818 domi
1174 1791 1306 1828 restant,
1322 1798 1424 1819 omnes
1437 1798 1542 1820 recens
1556 1791 1657 1826 emtae,
1678 1790 1709 1819 et
1723 1786 1765 1817 ad

297 1832 459 1862 servitium.
472 1841 584 1872 parum
598 1835 701 1872 aptoe:
732 1830 892 1869 confestim
907 1833 1062 1870 apparant
1085 1830 1203 1870 balnea,
1218 1834 1254 1861 ut
1271 1832 1358 1870 virgo
1374 1832 1464 1863 lavet.
1510 1831 1598 1862 Dum
1612 1831 1765 1862 adm-rmn-

299 1876 352 1904 tur
359 1876 530 1906 necessaria
544 1876 585 1905 ad
599 1875 754 1913 lotionem,
769 1874 857 1913 virgo
873 1874 906 1905 in
922 1873 1057 1904 conclavi
1072 1874 1157 1905 sedet
1170 1874 1340 1915 suspiciens
1353 1877 1472 1905 attente
1488 1874 1624 1906 tabulam
1635 1873 1764 1915 pictam,

299 1918 415 1956 parieti
430 1928 594 1959 appensam
601 1928 613 1955 ;
634 1918 722 1956 cujus
733 1916 857 1958 pictura
872 1915 1153 1957 reproesentabatur
1166 1917 1309 1958 Jupiter,
1325 1927 1384 1959 quo
1398 1918 1485 1949 modo
1495 1917 1610 1949 dicitur
1617 1916 1766 1956 iufmiisse

913 2024 1154 2037 mffmmoo

302 2098 393 2130 ferre
409 2099 512 2130 liceat
529 2098 571 2129 ad
587 2097 671 2129 illud
694 2098 703 2115 ‘
723 2097 909 2138 qnid...ut.’
934 2097 1011 2138 Bip.
1059 2097 1135 2129 Hoc
1151 2097 1235 2129 dant
1252 2098 1351 2130 Both.
1366 2098 1547 2130 Peri—28
1563 2096 1700 2129 Deducit
1715 2096 1765 2128 M.

307 2142 408 2174 West.
453 2142 597 2182 Accepit,
612 2151 696 2181 vera,
712 2142 784 2172 loeta
801 2141 988 2172 Rota-29
1011 2140 1098 2172 Satis
1115 2145 1182 2172 tuto
1198 2145 1312 2173 tamen.
1357 2141 1393 2173 Si
1417 2150 1478 2182 per
1499 2140 1609 2172 Codd.
1630 2140 1766 2179 liceret,

301 2185 490 2216 tribuerem
506 2185 579 2215 haec
597 2185 762 2215 Chaereae.
809 2184 913 2214 Certe
929 2184 1057 2222 optime
1075 2184 1250 2215 cohaerent
1265 2195 1340 2215 cum
1358 2184 1512 2225 proxime
1530 2182 1765 2225 sequentibus.

308 2229 496 2260 Wcst.-—-32
520 2226 647 2258 Miser!
681 2227 747 2259 Qui
777 2226 930 2258 Chaereae
953 2227 1041 2257 hane
1070 2237 1189 2258 vocem
1218 2228 1387 2267 tribuunt,
1415 2228 1558 2258 multum
1587 2226 1706 2267 gratiae
1733 2225 1766 2256 ei

303 2272 468 2303 adimunt.
494 2271 630 2301 Ich—34
656 2271 718 2301 Hoe
736 2270 822 2300 Pall.
839 2272 867 2300 l.
884 2273 915 2301 2.
961 2270 1080 2301 Lavent
1097 2270 1176 2301 Par.
1192 2271 1276 2301 Mss.
1290 2270 1378 2302 Perl.
1422 2270 1488 2301 Hoe
1508 2271 1566 2301 ΒΓ.
1612 2268 1766 2307 Nomia,

300 2315 414 2354 puellae
431 2316 469 2346 Z.
487 2314 653 2353 Bip.—35
678 2312 764 2344 Aah.
792 2315 826 2342 at
852 2313 910 2343 Bc.
927 2312 1101 2344 GM.—-3e
1126 2313 1233 2344 Boecl.
1260 2323 1406 2354 eumque
1434 2313 1546 2345 secuti
1574 2311 1699 2351 plures,
1721 2311 1767 2341 ibi

303 2359 418 2389 inerat.
464 2357 643 2390 Quomodo
669 2360 724 2387 est
748 2356 781 2386 in
809 2365 875 2386 uno
892 2355 988 2386 Leid.
1032 2355 1097 2386 Ast
1119 2355 1156 2386 τὸ
1178 2356 1231 2386 ubi
1258 2356 1363 2387 vincit
1389 2366 1526 2387 numero
1543 2355 1628 2386 Mss.
1644 2359 1678 2385 et
1695 2353 1767 2385 edi-

304 2406 415 2431 torum
432 2399 762 2442 probatissimorum,
788 2398 994 2439 videturque
1020 2399 1156 2430 omnino
1182 2399 1387 2439 elegantius.
1416 2399 1518 2430 West.
1564 2398 1661 2429 Vett.
1679 2396 1767 2428 Edd.

307 2448 342 2474 et
365 2453 409 2474 ex
435 2442 560 2475 uostris
584 2442 678 2474 libris
695 2446 786 2482 octo,
801 2441 854 2472 ubi
869 2441 984 2474 iuerat.
1029 2441 1131 2475 Quod
1157 2442 1287 2473 melius.
1313 2442 1498 2474 Beria—37
1524 2441 1603 2473 Non
1626 2448 1767 2472 necesse

963 2536 1103 2570 NOTAE

349 2607 389 2635 34
413 2605 494 2635 Hoec
508 2605 673 2644 adornant,
692 2607 728 2634 ut
750 2602 848 2643 lavet]
871 2603 880 2621 ‘
897 2602 1008 2643 Haec‚'
1065 2598 1257 2638 separatior
1293 2598 1327 2630 in
1365 2597 1520 2637 aedibus;
1555 2597 1606 2628 Sic
1638 2595 1765 2635 dimus,

306 2664 381 2696 pro,
408 2655 474 2694 hae,
505 2654 669 2695 ἀρχαϊκῶς.
717 2653 876 2694 Antiquis
909 2653 1010 2684 moris
1065 2649 1154 2690 quod
1171 2649 1263 2680 intra
1278 2658 1354 2680 eum
1370 2649 1476 2680 multa
1492 2646 1652 2679 cubicula
1672 2646 1766 2677 clau-

304 2711 392 2744 erat,
409 2710 444 2737 ut
457 2706 597 2745 singulis
610 2705 913 2736 diebuslavarent:
931 2704 1010 2735 hinc
1064 2709 1096 2731 5Τ
1118 2701 1195 2732 sint.

304 2761 357 2787 tot
373 2756 494 2787 balnea
511 2756 648 2796 publica
664 2759 699 2787 et
715 2756 860 2796 privata.
1106 2754 1147 2782 37
1175 2752 1243 2787 Quo
1265 2753 1356 2791 pacto
1380 2747 1518 2788 Danaae]
1544 2747 1631 2779 Haee
1652 2745 1768 2778 fabula

350 2809 389 2838 25
415 2807 454 2838 In
479 2806 630 2846 conclavi]
654 2806 825 2838 Conclave
842 2810 895 2837 est
916 2805 1009 2837 locus
1064 2802 1107 2834 de
1124 2802 1231 2833 imbre
1257 2810 1360 2832 aureo
1376 2799 1514 2831 Danaeis
1541 2799 1575 2830 in
1593 2798 1657 2829 hoc
1675 2806 1764 2828 com-
