1903 3306
561 232 764 263 ANDR1AE
797 230 907 261 Ac'r.
941 229 984 258 v.
1017 228 1084 258 sc.
1116 228 1188 258 111.
1511 215 1595 255 377

154 331 316 373 Eodem
339 329 408 370 die
428 328 546 393 Qc
568 328 757 392 verbum
769 337 871 365 vere
893 323 938 363 in
961 327 1004 362 te
1027 320 1205 362 accidit.
1290 371 1296 388 ς

153 399 243 440 Sed
265 396 373 450 quid
394 408 475 448 cgo
490 396 509 435 ¹?
542 408 621 435 cur
640 407 710 434 me
731 391 940 433 excrucio
958 391 976 430 ‘i
1009 401 1086 429 cur
1105 401 1174 428 me
1194 386 1397 427 macero?
1543 385 1599 425 15

153 465 244 506 Cur
262 477 403 505 meam
425 467 695 503 senectutem
715 459 848 512 hujus
871 457 1046 498 solicito
1068 454 1256 495 amentia
1274 454 1292 493 ’ἲ
1326 466 1381 493 an

154 531 221 573 Ut
238 544 317 585 pro
337 529 469 583 hujus
489 528 683 581 peccatis
703 539 783 579 ego
804 524 1069 577 supplicium
1089 521 1290 561 sufferam
1303 521 1322 560 ‘i

155 599 296 640 Immo
316 597 500 638 habeat:
530 595 709 636 valeat:
743 593 860 634 vivat
879 603 979 631 cum
1003 589 1094 629 illa.
1154 588 1246 629 PA.
1273 586 1341 626 Mi
1363 590 1502 639 pater.

157 667 226 708 Sl.
258 664 391 715 Quid,
414 663 474 703 mi
493 662 651 716 pater?
685 660 814 713 quasi
836 663 882 698 tu
903 656 1036 710 hujus
1056 655 1257 708 indigeas
1277 653 1432 707 patris.

158 734 348 780 Domus,
368 743 494 779 uxor,
513 729 639 789 lipfri
658 725 825 768 inventi
844 724 981 764 invito
1000 726 1138 776 patre.
1550 717 1605 758 20

158 799 372 847 Adducti,
394 797 470 850 qui
490 797 612 837 illam
634 795 773 835 civem
795 792 894 831 hinc
911 790 1089 830 dicant:
1120 787 1294 843 vicar—is.

160 867 250 908 PA.
281 866 432 914 Pater,
453 864 606 904 licetne
626 861 801 915 pauca?
863 858 929 898 S1.
963 856 1083 907 Quid
1104 856 1227 896 dices
1248 853 1386 894 mihi?

160 934 251 975 CH.
281 933 466 981 Tamen,
489 931 626 980 Simo,
649 929 764 970 audi.
825 926 893 967 Si.
922 925 1018 978 Ego
1041 923 1248 965 audiam?
1282 920 1390 975 quid
1411 917 1606 967 audiam,

162 999 375 1041 Chreme?
430 998 518 1039 CH.
549 997 613 1038 At
627 996 802 1037 tandem
827 993 948 1034 dicat
966 993 1079 1032 sine.
1129 989 1197 1030 Sl.
1228 988 1325 1041 Age
1347 987 1482 1036 dicat,
1500 986 1607 1025 sino.

163 1067 252 1108 ΡΑ.
276 1066 370 1119 Ego
390 1079 459 1106 me
481 1078 628 1106 amare
647 1064 777 1112 hanc,
797 1061 940 1102 fateor
960 1073 970 1100 z
1003 1060 1040 1100 si
1056 1059 1101 1099 id
1120 1069 1308 1111 peccare
1329 1055 1396 1104 'st,
1410 1054 1547 1095 fateor
1565 1052 1611 1092 id

334 1146 526 1197 quoq-ue.
1552 1120 1610 1160 25

162 1256 266 1296 reipsa
275 1255 433 1286 convenire
443 1254 546 1294 coepit.
591 1252 652 1284 Sed
663 1252 735 1292 quid
751 1251 835 1292 ago?
859 1252 924 1282 Car
936 1260 983 1281 me
1003 1244 1149 1288 torqueo?
1175 1246 1241 1277 Cur
1257 1254 1303 1275 me
1314 1242 1447 1274 tristitia
1460 1240 1586 1282 conficio
1599 1238 1616 1271 ἰ)

166 1300 233 1329 Cur
247 1308 345 1330 meam
369 1300 555 1328 senectutem
567 1299 693 1336 propter
716 1295 780 1333 ejus
802 1295 968 1325 amentiam
983 1289 1178 1322 solicitudine
1195 1292 1225 1318 et
1241 1297 1314 1318 cura
1330 1296 1406 1317 vexo
1417 1283 1433 1316 ἰ)
1455 1287 1545 1332 (ιη-ατ
1558 1292 1615 1323 pro

163 1341 228 1380 eius
245 1341 388 1382 flagitiis
409 1350 516 1380 poenas
537 1336 676 1369 solz-am?
698 1337 790 1368 immo
810 1338 918 1368 habeat
930 1336 1035 1376 potius
1059 1334 1136 1363 hanc
1148 1331 1357 1371 peregrinam,
1374 1338 1392 1358 a
1406 1337 1453 1358 me
1469 1328 1616 1361 discedat,

164 1384 250 1414 vivat
265 1383 414 1414 camilla.
459 1382 526 1412 ΡΑ.
550 1382 603 1411 Mi
613 1384 715 1420 pater.
760 1381 811 1411 Sr.
839 1380 923 1415 Quid
940 1378 983 1408 mi
997 1374 1109 1417 pater?
1131 1374 1219 1414 quasi
1235 1377 1268 1403 tu
1283 1372 1424 1409 indigeas
1438 1370 1493 1400 hoc
1515 1372 1617 1408 patre,

165 1436 255 1466 quem
267 1426 438 1466 compellas.
482 1425 613 1460 Domus,
629 1433 722 1460 uxor,
737 1423 827 1454 liberi
850 1422 909 1452 tibi
934 1420 1052 1451 inventi
1076 1422 1147 1448 sunt
1163 1419 1271 1447 contra
1289 1414 1390 1455 patris
1406 1414 1594 1460 voluntatem
1608 1422 1618 1441 :

165 1470 317 1508 suppositi
330 1471 413 1504 sunt,
427 1467 478 1507 qui
497 1466 677 1507 Glycerium
692 1466 777 1496 illam
793 1465 884 1504 hujus
899 1464 982 1494 urbis
997 1463 1090 1494 civem
1106 1470 1169 1490 esse
1190 1459 1353 1500 affirment.
1404 1456 1530 1493 Via-isti,
1547 1455 1617 1484 oedo

166 1511 355 1542 adversanti.
401 1510 470 1540 ΡΑ.
493 1510 605 1546 Pater,
619 1508 729 1539 licetne
746 1518 844 1548 pauca
862 1506 968 1547 loqui?
1011 1505 1060 1535 S1.
1087 1502 1174 1538 Quid
1186 1501 1262 1531 mihi
1277 1497 1384 1531 dices?
1430 1496 1618 1546 CH3Atta-

167 1563 250 1590 men,
274 1553 372 1592 Simo,
398 1552 483 1583 audi.
529 1552 578 1581 Sr.
604 1551 688 1586 Quid
704 1560 758 1589 ego
782 1550 923 1588 audiam,
952 1544 1108 1579 Chreme?
1153 1545 1222 1575 CH.
1246 1544 1396 1574 Attamen
1416 1543 1560 1587 permitte
1584 1542 1620 1569 ut

167 1596 251 1626 dicat
275 1605 332 1637 pro
347 1605 390 1626 se.
433 1595 483 1625 S1.
506 1594 588 1632 Age,
601 1597 635 1623 ut
650 1594 734 1623 dicat
748 1593 905 1633 permitto.
948 1591 1014 1622 PA.
1037 1590 1108 1627 Ego
1125 1587 1232 1623 fateor
1247 1595 1294 1616 nze
1307 1593 1410 1614 amare
1426 1583 1620 1623 Glycerium.

169 1637 210 1668 Si
231 1639 265 1669 id
277 1647 403 1680 peccare
418 1641 475 1677 est,
488 1637 597 1674 fateor
611 1646 724 1676 qnoque
740 1645 787 1667 me
810 1643 949 1675 peccare.
995 1633 1107 1671 Pater,
1124 1633 1185 1661 tuae
1205 1627 1355 1670 potestati
1382 1636 1427 1658 me
1451 1625 1619 1656 committo.

778 1754 873 1767 “7“
878 1753 1013 1767 ‘N‘Ol‘

171 1836 256 1865 -14
276 1834 394 1864 Eodem
418 1831 479 1863 die.
527 1832 660 1862 Num-ne
682 1833 803 1863 demum
828 1833 863 1865 J.
884 1835 920 1863 et
943 1831 1098 1862 Venetus
1114 1827 1189 1859 cod.
1206 1827 1380 1858 Peru—15
1409 1825 1448 1857 F.
1462 1825 1501 1856 F.
1526 1825 1623 1866 legit,

171 1876 235 1908 Sed
248 1877 321 1917 quid
335 1874 417 1914 ago?
440 1884 538 1915 quam
553 1875 634 1905 lect.
647 1875 762 1905 laudat
777 1875 868 1916 Guy.
913 1875 958 1905 Et
970 1882 1051 1904 saue
1065 1877 1117 1902 est
1135 1881 1170 1901 se
1184 1871 1292 1909 ipsum
1305 1867 1531 1907 corripientis.
1552 1868 1621 1899 Sed

173 1924 208 1950 et
224 1919 258 1950 in
271 1918 419 1958 antiquis
440 1916 638 1958 quibusdam
655 1917 756 1948 editis
771 1923 837 1956 est,
852 1917 916 1948 Sed
928 1916 1002 1956 quid
1015 1913 1102 1954 ago?
1121 1914 1232 1944 lVest.
1257 1912 1329 1950 Ago
1345 1911 1415 1942 ET.
1440 1912 1496 1941 Me
1518 1914 1621 1942 autem

172 1971 228 1993 cur
251 1961 391 1992 excrucio
418 1959 462 1990 G.
506 1960 557 1991 Id.
570 1959 604 1990 in
615 1961 700 1990 Adai.
732 1960 816 1992 Cod.
835 1959 1079 1991 Academicus:
1105 1957 1169 1987 Sed
1194 1955 1266 1995 quid
1281 1964 1337 1993 ego
1352 1963 1398 1984 me
1414 1951 1545 1985 autem?
1567 1964 1623 1984 cur

174 2003 338 2035 excrucio?
360 2004 467 2041 Lege,
490 2001 552 2032 Sed
575 2002 650 2041 quid
665 2012 719 2041 ego
734 2012 782 2033 me
807 2006 912 2033 autem
937 1997 1102 2033 excrucio?
1124 1999 1226 2029 Bent.
1268 1997 1325 2028 Sic
1351 1995 1412 2026 dat
1435 1996 1625 2028 Boiu—16

175 2047 227 2078 An
243 2046 410 2077 collocant
427 2046 459 2074 in
476 2054 525 2074 vs.
541 2044 695 2075 inferiori
717 2045 818 2076 Bent.
841 2045 880 2076 Z.
899 2045 993 2075 Perl.
1010 2042 1112 2074 Both.
1155 2040 1210 2071 Ad
1225 2050 1274 2070 vs.
1293 2041 1346 2070 17.
1363 2039 1410 2069 sic
1428 2044 1524 2069 notat
1541 2039 1626 2069 Per-

174 2089 243 2120 let:
268 2093 277 2106 ‘
293 2087 359 2119 An'
386 2087 507 2126 incipit
525 2096 579 2127 ap.
596 2086 695 2117 Lind.
710 2087 800 2118 hunc
817 2097 867 2118 vs.
882 2098 889 2118 :
915 2086 989 2117 finit
1003 2096 1057 2126 ap.
1073 2085 1165 2115 Mur.
1180 2080 1438 2123 primane—17
1462 2081 1564 2112 Bodl.
1583 2081 1627 2112 Ut

175 2141 243 2162 non
257 2131 423 2170 agnoscit.
443 2130 539 2159 West.
580 2130 631 2159 An
645 2139 676 2168 p.
689 2129 720 2160 h.
737 2140 766 2168 p.
776 2139 802 2160 e.
818 2139 843 2160 3.
857 2133 891 2161 ut
903 2129 1049 2169 sufferam
1059 2126 1160 2158 Both.
1190 2125 1235 2155 Ut
1252 2124 1369 2155 abesse
1385 2134 1403 2153 a
1419 2123 1535 2154 Guelf.
1548 2127 1579 2154 1.
1592 2126 1625 2154 2.

175 2179 274 2205 notat
289 2173 469 2204 Fert—20
493 2170 609 2202 Guelf.
635 2174 666 2202 2.
685 2172 727 2202 ad
752 2171 902 2202 ‘inventi
921 2172 930 2185 '
953 2173 1020 2210 leg.
1035 2173 1117 2200 sunt.
1134 2168 1310 2198 Peru-21
1336 2166 1492 2196 Adductis
1508 2165 1626 2197 Guelf.

175 2218 292 2247 3.-22
304 2216 394 2246 Ne2.
409 2215 480 2245 licet
494 2216 622 2245 1.—23.
634 2216 673 2244 24
688 2215 809 2244 Attum.
823 2214 858 2245 S.
871 2214 955 2245 audi.
973 2214 1011 2244 E.
1023 2209 1170 2242 audiam?
1196 2210 1236 2244 Q.
1249 2219 1305 2248 ego
1319 2210 1391 2239 aud.
1408 2208 1466 2239 Ch.
1476 2208 1629 2239 Attamen

176 2259 210 2289 d.
231 2268 258 2288 s.
281 2258 378 2289 Bem.
393 2257 450 2297 qui
464 2256 521 2286 hic
537 2255 610 2286 fere
627 2256 750 2296 incipit
766 2266 866 2296 posse
882 2257 965 2296 legi,
997 2264 1074 2286 nani
1102 2253 1269 2292 reliquum
1291 2250 1432 2281 Andriae
1455 2256 1626 2282 vetustate

179 2309 351 2331 corrosum
369 2298 544 2338 est,habet
560 2298 685 2336 Tamen,
697 2298 795 2337 Simo,
810 2299 905 2330 audi:
928 2305 964 2329 ut
978 2302 1011 2328 et
1024 2298 1104 2328 Bas.
1129 2294 1217 2336 quod
1234 2303 1375 2324 numero
1392 2294 1496 2332 magis
1511 2294 1628 2325 servit·

178 2343 297 2374 Habet
312 2343 414 2374 etiam
438 2341 535 2371 Bem.
555 2341 640 2375 Quid
655 2342 791 2379 audiam,
808 2339 976 2372 Chremes?
991 2341 1062 2371 sine
1080 2337 1307 2379 geminatione
1323 2336 1544 2376 pronominis,
1560 2346 1629 2376 ego,

178 2389 219 2416 ut
233 2390 269 2416 et
283 2385 341 2416 Vi.
359 2390 394 2415 et
409 2393 471 2424 pro
487 2383 635 2414 Attamen
649 2383 744 2421 dicat,
758 2385 811 2414 hic
828 2389 863 2414 et
885 2384 930 2414 V.
953 2388 988 2413 et
1012 2381 1161 2412 nonnulli
1181 2379 1251 2418 alii,
1276 2379 1465 2419 praesertim
1483 2379 1628 2420 antiqui,

180 2428 350 2459 Attandem
361 2427 457 2458 dicat.
503 2425 579 2456 Sine
595 2426 693 2457 Bem.
720 2436 785 2456 non
816 2426 933 2464 habet,
954 2425 1017 2456 nisi
1043 2422 1313 2464 superadditum.
1339 2420 1491 2452 Faernus.
1539 2422 1631 2453 Tam.

179 2472 216 2502 S.
230 2470 316 2501 audi.
360 2470 432 2508 Ego
457 2467 604 2500 audiam?
628 2469 702 2508 quid
717 2468 854 2507 audiam,
885 2466 1038 2500 Chreme?
1081 2468 1125 2497 At
1141 2466 1262 2495 tandem
1278 2465 1308 2495 d.
1321 2474 1347 2494 s.
1391 2464 1447 2494 Sic
1461 2463 1557 2495 dedit
1569 2465 1632 2495 Fa.

183 2513 298 2544 Tamen
309 2512 411 2550 Simo,
426 2511 535 2541 nostri
548 2520 663 2541 omnes
678 2521 687 2548 3
710 2516 759 2549 et,
774 2521 840 2542 uno
856 2517 1015 2550 excepto,
1027 2509 1101 2549 quid
1112 2517 1168 2547 ego
1185 2507 1311 2538 audiam
1324 2516 1336 2538 .·
1350 2506 1436 2537 Tres
1454 2516 1496 2537 ex
1513 2512 1627 2537 vetus-

181 2555 326 2587 tioribus
348 2555 394 2586 At
409 2554 543 2584 tandem.
586 2553 692 2593 Lege,
717 2554 792 2584 Tam
822 2554 859 2584 S.
879 2554 963 2584 audi.
999 2554 1090 2591 Egon
1118 2548 1267 2582 audiam?
1310 2549 1382 2589 quid
1411 2559 1468 2588 ego
1491 2549 1628 2588 audiam,

184 2595 341 2628 Chreme?
384 2596 429 2627 At
453 2600 555 2626 tamen
578 2596 610 2627 d.
641 2605 667 2626 s.
712 2597 880 2626 Attandem
906 2595 1033 2636 duplici
1060 2595 1131 2625 ictu
1162 2593 1262 2633 plane
1284 2591 1511 2622 invenustum.
1538 2593 1631 2623 Bent.

183 2640 330 2677 Tandem,
351 2638 436 2670 Simo
460 2638 504 2669 R.
527 2637 621 2668 Lind.
667 2638 826 2669 Bentleio
852 2639 987 2669 accedit
1009 2637 1101 2668 Perl.
1126 2640 1160 2667 et
1178 2636 1225 2666 sic
1241 2634 1418 2665 Both.nisi
1436 2634 1526 2674 quod
1547 2634 1630 2664 Tun-

183 2683 265 2722 dem,
288 2681 373 2712 Simo
400 2681 498 2721 legit,
525 2684 713 2720 notatque:
737 2681 870 2719 ‘Vulgo
895 2681 1020 2719 Tamen,
1043 2679 1166 2710 omisso
1191 2679 1249 2708 At.
1293 2677 1474 2717 Sequimur
1490 2675 1521 2706 A
1537 2681 1572 2706 et
1589 2676 1629 2707 C.

184 2724 383 2755 Lectionem
411 2723 541 2763 spernit
562 2723 730 2753 immerito
752 2722 867 2754 Rem!
911 2723 958 2754 At
980 2723 1102 2754 tandem
1125 2730 1188 2761 pro
1202 2721 1328 2758 Tamen,
1344 2724 1379 2750 et
1396 2718 1529 2750 Audiam
1545 2728 1600 2757 ego
1615 2715 1632 2749 ἶ)

183 2767 298 2808 legere
313 2765 431 2799 Guelf.
448 2769 482 2797 2.
496 2769 612 2796 monet
627 2764 720 2798 Perl.
733 2769 770 2797 ut
786 2770 822 2798 et
837 2765 956 2798 Guelf.
978 2768 1010 2797 3.
1035 2766 1151 2806 legere
1180 2763 1268 2794 illum
1295 2766 1374 2803 post
1397 2763 1405 2778 ‘
1419 2761 1523 2792 audi!
1547 2760 1631 2795 Quid
