1945 3296
331 229 389 269 44
691 243 753 273 DE
786 244 1055 275 TRAGOEDJA
1095 245 1152 275 ET
1186 245 1436 302 coqumA.

312 345 487 371 -carmen
508 341 625 373 esset.
682 337 798 380 Quod
829 339 920 377 item
953 351 1077 389 genus
1098 338 1312 376 Comoediae
1345 340 1477 377 multis
1504 340 1627 379 obfuit
1646 338 1785 393 poetis,

328 409 419 434 cum
447 398 486 434 in
519 399 779 450 suspicionem
811 403 1034 452 potentibus
1062 403 1213 444 ,civibus
1244 403 1455 450 venissent,
1490 403 1645 441 illorum
1681 406 1788 444 facta

331 459 584 513 descripsisse
605 463 643 500 in
678 465 805 514 pejus,
835 478 879 502 ac
901 466 1141 504 deformasse
1163 480 1287 517 genus
1309 467 1410 517 stylo
1438 468 1619 505 carminis
1638 481 1647 506 :
1678 469 1787 520 quod

328 523 451 573 primo
474 525 642 564 Lucilius
674 539 774 565 novo
795 529 1028 579 conscripsit
1058 529 1188 575 modo,
1224 536 1267 566 ut
1294 530 1430 580 poe'sin
1452 530 1543 568 inde
1564 532 1722 578 faceret,
1746 532 1786 570 id

329 593 402 633 cst,
423 588 537 626 unius
558 590 738 627 carminis
759 591 888 641 plures
910 591 1041 630 libros,
1101 592 1187 630 Hoc
1207 592 1337 643 igitur,
1362 605 1439 643 quo
1462 606 1580 644 supra
1600 594 1784 642 diximus,

329 650 446 689 modo
476 654 601 691 coacti
634 653 808 692 omittere
846 655 1038 705 Satyram,
1077 655 1182 693 aliud
1221 669 1344 706 genus
1366 656 1562 703 carminis,
1591 659 1658 703 τὴν
1694 663 1786 697 νέαν

328 713 553 765 Κωμῳδίαν,
574 715 648 753 hoe
667 722 739 762 est,
759 729 899 754 novam
927 718 1168 756 comoediam
1188 731 1362 769 reperere
1383 720 1510 769 poe'toe
1527 732 1536 763 ;
1567 733 1655 770 quoe
1671 733 1786 772 argu-

326 784 457 815 mento
486 779 680 816 communi
720 780 859 830 magis,
893 788 932 818 et
966 782 1200 831 generaliter
1235 781 1284 818 ad
1318 794 1453 819 omnes
1487 782 1679 830 homines,
1717 784 1786 835 qui

326 839 586 880 mediocribus
621 843 785 881 fortunis
825 853 959 895 agunt,
998 845 1232 896 pertineret:
1283 852 1322 883 et
1354 845 1482 883 minus
1518 846 1785 888 amaritudinis

324 905 623 954 spectatoribus,
646 912 683 944 et
704 907 839 945 eadem
860 921 977 958 opera
996 908 1157 946 multum
1182 908 1453 946 delectationis
1476 909 1655 948 afferret:
1685 911 1782 949 con-

325 967 442 1005 cinna
480 979 722 1020 argumento,
757 971 1041 1010 consuetudine
1077 984 1264 1022 congrua,
1295 971 1401 1009 utilis
1438 972 1786 1024 sententiis,grata

324 1031 486 1080 salibus,
507 1042 596 1085 apta
616 1043 750 1074 metro.
811 1036 864 1073 Ut
894 1035 1012 1086 igitur
1034 1035 1253 1086 superiores
1274 1035 1353 1073 illae
1384 1035 1465 1073 suis
1486 1049 1653 1088 quaeque
1681 1036 1784 1076 cele-

322 1096 482 1134 brantur
503 1102 755 1138 auctoribus:
799 1100 853 1137 ita
878 1099 964 1137 haec
995 1103 1063 1137 νέα
1084 1098 1255 1150 κωμῳδία
1287 1112 1377 1137 cum
1408 1099 1618 1138 multorum
1653 1108 1784 1148 antea,

323 1166 404 1197 tum
424 1162 618 1213 praecipue
658 1163 866 1202 Menandri
906 1163 1152 1214 Terentiique
1189 1170 1262 1201 est.
1335 1163 1395 1201 De
1429 1177 1507 1214 qua
1536 1177 1626 1202 cum
1659 1164 1784 1203 multa

322 1222 490 1263 dicenda
509 1227 598 1274 sint,
620 1234 681 1265 sat
700 1228 771 1266 erit
791 1234 935 1272 tamen,
955 1227 1063 1264 velut
1083 1226 1320 1264 admonendi
1340 1226 1496 1264 lectoris
1517 1240 1652 1274 causa,
1674 1227 1781 1279 quod

322 1286 370 1324 de
405 1295 486 1327 arte
517 1292 666 1329 comica
687 1297 859 1329 veterum
889 1289 1033 1328 chartis
1059 1289 1292 1336 continetur,
1312 1303 1519 1341 exponere.
1577 1291 1783 1329 Comoedia

320 1357 446 1398 vetus,
465 1359 508 1391 ut
530 1355 577 1392 ab
598 1354 706 1392 initio
727 1354 869 1393 chorus
891 1355 976 1399 fuit,
1005 1352 1271 1404 paulatimque
1291 1365 1542 1403 personarum
1563 1366 1725 1392 numero
1741 1354 1781 1392 in

320 1415 490 1466 quinque
511 1425 622 1455 actus
644 1418 855 1468 processit:
885 1417 940 1455 ita
958 1415 1145 1467 paulatim
1164 1416 1269 1454 velut
1289 1416 1419 1454 attrito
1435 1422 1553 1467 atque
1570 1423 1781 1456 extenuato

320 1478 439 1517 choro
460 1480 508 1517 ad
532 1494 673 1519 novam
695 1480 936 1520 Comoediam
958 1480 1013 1518 sic
1035 1481 1222 1531 pervenit,
1253 1488 1296 1518 ut
1326 1481 1365 1518 in
1387 1493 1434 1518 ea
1465 1494 1544 1519 non
1565 1481 1683 1519 modo
1702 1494 1781 1519 non

318 1541 526 1584 inducatur
564 1546 720 1593 chorus,
756 1545 826 1583 sed
856 1558 905 1583 ne
936 1545 1047 1583 locus
1081 1545 1238 1596 quidem
1278 1545 1383 1582 ullus
1423 1545 1505 1595 jam
1539 1544 1781 1596 relinquatur

319 1607 452 1648 choro.
526 1608 640 1656 Nam,
678 1614 884 1660 postquam
929 1608 1054 1646 otioso
1093 1615 1266 1659 tempore
1304 1607 1543 1647 fastidiosior
1581 1615 1779 1658 spectator

319 1673 496 1720 effectus,
517 1682 609 1712 tunc
630 1687 719 1712 cum
741 1673 790 1711 ad
821 1680 1002 1711 cantores
1024 1672 1071 1709 ab
1091 1673 1289 1710 actoribus
1312 1673 1442 1711 fabula
1461 1673 1665 1720 transibat,
1687 1686 1779 1712 con·

320 1751 477 1789 surgere
497 1745 536 1776 et
557 1739 659 1776 abire
681 1739 890 1789 coepisset:
933 1737 1134 1775 admonuit
1154 1739 1289 1788 poetas
1316 1737 1440 1788 primo
1460 1738 1616 1789 quidem
1638 1739 1779 1778 choros

317 1803 623 1854 praetermittere,
644 1803 773 1841 locum
793 1802 848 1840 eis
870 1801 1133 1852 relinquentes
1151 1813 1160 1838 z
1190 1807 1233 1838 ut
1265 1801 1482 1840 Menander
1501 1801 1606 1848 fecit,
1634 1802 1708 1842 hac
1729 1804 1778 1842 de

317 1879 450 1913 causa,
472 1880 563 1913 non,
597 1874 642 1905 ut
659 1866 736 1913 {alii
757 1865 997 1909 existimant,
1029 1864 1117 1902 alia.
1175 1864 1378 1904 Postremo
1399 1878 1446 1902 ne
1468 1865 1598 1904 locum
1618 1867 1778 1917 quidem

317 1931 580 1981 reliquerunt:
611 1930 716 1980 quod
739 1929 863 1966 Latini
885 1929 1059 1966 fecerunt
1079 1927 1231 1973 comici,
1249 1928 1354 1965 unde
1371 1928 1476 1979 apud
1496 1929 1589 1967 illos.
1601 1929 1778 1971 dirimere

318 2001 428 2032 actus
464 1994 803 2045 quinquepartitos
835 1992 993 2030 difficile
1031 1997 1103 2030 est.
1159 1992 1257 2029 Tum
1288 1992 1403 2031 etiam
1435 1992 1565 2031 Graeci
1586 1993 1776 2046 Prologos

317 2072 395 2097 non
423 2058 570 2096 habent
589 2071 693 2096 more
714 2064 948 2102 nostrorum,
969 2068 1067 2106 quos
1099 2054 1224 2093 Latini
1256 2055 1414 2094 habent.
1472 2055 1624 2095 Deinde
1660 2057 1776 2098 Θεοῦς

316 2123 391 2159 ἀπὸ
411 2132 594 2173 μηχανῆς,
615 2121 654 2159 id
676 2128 748 2167 est,
772 2121 877 2157 Deos
900 2118 1140 2169 argumentis
1162 2118 1363 2157 narrandis
1383 2119 1642 2166 machinatos,
1655 2123 1775 2161 ceteri

317 2185 443 2223 Latini
464 2186 586 2223 instar
606 2185 832 2223 Graecorum
860 2184 1028 2221 habent:
1075 2182 1278 2221 Terentius
1304 2195 1381 2220 non
1411 2183 1543 2222 habet.
1600 2184 1663 2222 Ad
1683 2185 1772 2233 hoc,

315 2253 514 2299 προτατικὰ
533 2253 726 2299 πρόσωπα,
747 2248 785 2286 id
807 2255 881 2294 est,
915 2260 1102 2298 personas
1130 2254 1239 2284 extra
1260 2254 1530 2297 argumentum
1551 2248 1774 2296 arcessitas,

316 2327 394 2352 non
428 2314 540 2353 facile
569 2313 686 2352 ceteri
718 2313 889 2350 habent:
934 2311 1075 2361 quibus
1108 2310 1308 2348 Terentius
1341 2323 1445 2361 saepe
1476 2311 1610 2357 utitur,
1642 2321 1686 2349 ut
1704 2326 1774 2364 per

316 2379 450 2415 harum
484 2377 730 2416 inductiones
766 2375 878 2413 facile
902 2381 1035 2425 pateat
1068 2381 1352 2425 argumentum.
1409 2374 1583 2421 Veteres,
1604 2375 1677 2412 etsi
1697 2376 1771 2428 ipsi

315 2456 470 2493 quoque
504 2442 542 2478 in
575 2442 705 2479 metris
737 2440 1000 2490 negligentius
1035 2445 1212 2489 egerunt,
1246 2436 1397 2474 iambici
1416 2449 1550 2475 versus
1577 2437 1770 2478 duntaxat

315 2507 352 2544 in
372 2506 544 2544 secundo
562 2512 600 2543 et
620 2512 760 2556 quarto
779 2504 865 2541 loco
881 2515 890 2546 ;
922 2509 1050 2540 tamen
1074 2500 1289 2539 aTerentio
1305 2500 1512 2537 vincuntur
1531 2501 1768 2542 resolutione

314 2570 429 2621 hujus
459 2569 582 2615 metri,
603 2575 791 2619 quantum
812 2574 956 2618 potest,
986 2565 1211 2603 comminuti
1233 2564 1283 2601 ad
1304 2563 1510 2613 imaginem
1532 2576 1659 2614 prosae
1680 2578 1768 2604 ora-

315 2634 445 2672 tionis.
501 2634 597 2670 Tum
639 2644 890 2682 personarum
913 2630 1019 2679 leges
1040 2629 1142 2666 circa
1178 2626 1364 2672 habitum,
1395 2632 1566 2672 aetatem,
1586 2627 1768 2675 officium,

316 2704 445 2750 partes
476 2695 632 2747 agendi,
664 2708 777 2732 nemo
798 2694 1021 2744 diligentius
1053 2692 1231 2729 Terentio
1263 2689 1486 2727 custodivit.
1543 2690 1765 2733 Quinetiam

317 2761 422 2801 solus
442 2773 559 2800 ausus
590 2766 662 2808 est,
693 2772 780 2798 cum
802 2758 840 2797 in
872 2757 972 2797 fictis
995 2755 1232 2807 argumentis
1253 2753 1368 2793 fidem
1389 2753 1559 2794 veritatis
1581 2766 1765 2806 asseque-
