1903 3306
350 236 433 278 ‘260
849 250 1029 280 EnociA
1066 250 1302 282 VETERUM

565 389 747 432 Hieron.
770 391 814 431 in
835 391 1067 441 Chronico,
1090 392 1268 446 Olymp.
1290 393 1387 434 155.
1410 406 1505 434 ann.
1525 395 1568 436 3.

407 478 459 519 Ρ.
476 479 707 521 Terentius
738 479 1130 532 Carthaginiensis,
1166 479 1493 522 Comoediarum
1524 481 1727 534 scriptor,
1749 483 1806 522 ob

349 546 569 599 ingenium
586 553 631 588 et
650 547 837 588 formam
859 547 1064 588 libertate
1086 547 1296 597 donatus,
1318 548 1364 588 in
1385 547 1578 590 Arcadia
1597 549 1775 590 moritur
1794 563 1804 590 :

349 618 426 670 qui
442 617 626 670 primam
640 614 867 665 Andriam,
885 619 1126 668 antequam
1143 615 1366 656 AEdilibus
1384 616 1605 666 venderet,
1619 616 1805 658 Caecilio

348 683 537 737 (Acilio)
557 683 738 725 multum
763 695 810 723 se
832 682 1009 723 miranti
1028 682 1149 735 legit.

577 793 728 835 Idem:
761 792 816 834 de
840 793 1024 848 Optimo
1046 792 1219 834 Genere
1241 793 1577 848 Interpretandi.

401 884 641 925 Terentius
674 882 979 933 Menandrum,
1010 883 1202 924 Plautus
1233 887 1277 925 et
1297 883 1508 926 Caecilius
1529 890 1696 927 veteres
1728 899 1804 928 co-

346 953 484 993 micos
506 951 780 1005 interpretati
800 956 923 992 sunt:
954 951 1172 1005 numquid
1192 951 1356 993 haerent
1374 953 1416 993 in
1438 954 1613 995 verbis?
1647 966 1700 994 ac
1719 966 1804 994 non

345 1020 550 1061 decorem
590 1019 728 1071 magis
762 1022 806 1059 et
842 1019 1105 1072 elegantiam
1137 1019 1182 1059 in
1211 1020 1493 1062 translatione
1527 1024 1802 1071 conservant,

347 1101 479 1142 quam
502 1087 734 1128 veritatem
755 1087 1156 1141 interpretationis?

675 1198 815 1249 Idem,
846 1197 903 1240 ad
934 1198 1116 1240 Suniam
1147 1204 1192 1240 et
1223 1197 1470 1241 Fretellam.

403 1287 537 1329 Hanc
568 1301 665 1328 esse
695 1287 893 1340 regulam
913 1287 1020 1328 boni
1051 1287 1317 1341 interpretis,
1348 1290 1397 1328 ut
1425 1286 1594 1328 idioma
1624 1288 1803 1330 alterius

345 1356 508 1408 linguae
529 1368 624 1396 suae
646 1355 808 1407 linguae
840 1356 1064 1408 exprimat
1093 1355 1384 1408 proprietate:
1417 1355 1536 1408 quod
1560 1354 1741 1408 quidem
1761 1362 1805 1397 et

344 1424 538 1465 Tullium
570 1424 614 1464 in
634 1422 882 1475 Protagora
914 1422 1134 1471 Platonis,
1168 1426 1212 1462 et
1241 1421 1286 1462 in
1318 1421 1614 1463 OEconomico
1645 1421 1805 1464 Xeno-

344 1491 535 1545 phontis,
565 1494 608 1531 et
637 1490 682 1530 in
712 1489 1019 1530 Demosthenis
1049 1492 1201 1531 contra
1230 1489 1483 1530 AEschinem
1515 1490 1714 1543 oratione
1742 1491 1805 1532 fe-

345 1559 459 1599 cisse
491 1557 806 1606 convincimus,
842 1562 887 1598 et
918 1556 1141 1606 Plautum,
1172 1556 1435 1607 Terentium,
1467 1557 1802 1612 Caeciliumque,

345 1624 663 1667 eruditissimos
683 1625 805 1666 viros
826 1626 871 1666 in
893 1623 1068 1666 Graecis
1091 1624 1340 1666 Comoediis
1361 1625 1687 1666 transferendis.

829 1727 970 1778 Idem,
993 1727 1050 1768 ad
1073 1727 1321 1768 Paulinum.

403 1806 556 1847 Habet
591 1807 933 1861 unumquodque
963 1807 1240 1860 propositum
1271 1807 1498 1861 principes
1528 1820 1648 1848 suos.
1711 1807 1803 1849 Ro-

343 1874 459 1914 mani
491 1874 626 1914 duces
656 1875 882 1915 imitentur
918 1873 1146 1925 Camillos,
1179 1874 1425 1924 Fabricios,
1458 1874 1675 1927 Regulos,
1707 1876 1803 1917 Sci-

344 1942 501 1994 piones
520 1955 529 1982 :
563 1941 816 1994 philosophi
837 1945 1087 1995 proponant
1108 1940 1194 1981 sibi
1217 1941 1529 1994 Pythagoram,
1558 1942 1802 1993 Socratem,

346 2010 593 2059 Platonem,
614 2008 922 2051 Aristotelem:
956 2007 1115 2050 Po'etae
1139 2009 1398 2050 aemulentur
1421 2009 1681 2059 Homerum,
1700 2009 1802 2051 Vir-

343 2078 509 2131 gilium,
533 2076 847 2127 Menandrum,
869 2077 1138 2118 Terentium.

665 2182 839 2236 Paulus
862 2182 1066 2231 Orosius,
1093 2182 1171 2222 lib.
1194 2193 1259 2221 lv.
1282 2195 1383 2236 cap.
1405 2182 1476 2224 19.

400 2260 557 2314 Scipio
582 2262 678 2315 jam
700 2264 805 2302 tunc
827 2265 1120 2313 cognomento
1143 2259 1402 2310 Africanus,
1432 2260 1709 2314 triumphans
1729 2274 1801 2301 ur-

343 2328 444 2369 bem
479 2329 704 2381 ingressus
736 2333 822 2377 est,
853 2341 983 2381 quem
1005 2327 1256 2374 Terentius,
1292 2328 1368 2381 qui
1399 2332 1556 2381 postea
1588 2328 1801 2378 comicus,

343 2409 401 2436 ex
421 2396 643 2437 nobilibus
674 2395 1097 2449 Carthaginiensium
1128 2395 1320 2449 captivis
1350 2395 1558 2449 pileatus,
1587 2395 1706 2449 quod
1736 2396 1800 2435 in-

344 2462 478 2504 dultae
501 2463 586 2504 sibi
601 2464 820 2505 libertatis
841 2463 1008 2517 insigne
1029 2464 1126 2513 fuit,
1148 2463 1486 2516 triumphantem
1508 2467 1612 2515 post
1627 2475 1799 2504 currum

345 2535 526 2571 secutus
547 2535 627 2571 est.
1564 2532 1569 2535 χ

344 2623 472 2661 Livius,
495 2623 553 2654 lib.
570 2632 661 2654 xxx.
679 2633 744 2654 non
761 2625 925 2655 comicum
943 2625 1031 2656 hunc
1048 2624 1223 2664 intelligit,
1246 2623 1304 2654 sed
1332 2623 1373 2654 ad
1389 2623 1585 2654 Terentium
1604 2623 1800 2655 Culleonem

386 2681 578 2706 senatorem
599 2676 692 2707 Rom.
710 2676 830 2716 referi,
856 2677 911 2718 qui
930 2678 1020 2718 pileo
1047 2677 1153 2717 capiti
1181 2677 1338 2717 imposito
1366 2681 1502 2708 secutus
1529 2681 1580 2708 est
1604 2676 1800 2717 Scipionem

388 2728 675 2768 triumphantem:
701 2734 794 2759 certe
813 2729 855 2760 de
873 2731 1038 2761 alterutro
1056 2730 1255 2763 Quintiliani
1272 2730 1374 2761 etiam
1396 2730 1490 2761 locus
1513 2739 1557 2761 cx
1571 2730 1728 2762 Deciani.
1744 2738 1798 2760 lx.

387 2781 629 2822 intelligendus
647 2786 711 2813 est.
738 2782 996 2822 Limlmzbrogius.
