1903 3306
271 251 357 293 &m
766 267 807 297 P.
841 267 1082 298 TERENTM
1119 268 1235 299 Anni

273 358 405 400 Prius
427 372 560 414 quam
580 363 720 412 tuum,
750 366 801 403 ut
821 375 923 404 sese
947 364 1123 414 habeat,
1145 364 1334 407 animum
1357 363 1412 404 ad
1435 364 1615 418 nuptias
1637 378 1733 419 per-

445 428 658 481 spexerit.

272 496 377 545 Sed,
401 496 437 536 si
459 499 506 537 tu
525 496 701 549 negaris
723 497 897 547 ducere,
921 498 985 538 ibi
1007 499 1185 552 culpam
1206 499 1253 539 in
1276 503 1318 540 te
1341 499 1587 540 transferet.
1705 502 1733 541 5

270 562 384 604 Tum
407 564 496 604 illae
518 565 658 605 turbae
681 565 800 606 fient.
844 566 932 607 PA.
956 565 1150 616 Quidvis
1172 568 1330 621 patiar.
1374 567 1467 608 DA.
1491 568 1627 609 Pater
1647 573 1732 617 est,

443 631 690 685 Pamphile.

272 697 465 740 Difficile
499 705 592 741 est:
625 703 715 741 tum
748 701 846 742 haec
875 702 972 742 sola
996 705 1065 742 est
1086 701 1268 743 mulier:
1301 702 1466 744 dictum
1488 716 1540 744 ac
1561 703 1730 744 factum

440 768 651 809 invenerit
1335 759 1363 767 ψ’
1507 760 1560 772 Ψ
1604 754 1710 771 *w*

269 832 479 888 Aliquam
503 848 700 886 causam,
723 837 1011 890 quamobrem
1034 836 1183 890 ejiciat
1199 837 1383 892 oppido.
1425 838 1513 879 ΡΑ.
1535 838 1727 893 Ejieiat‘t

443 902 534 943 DA.
567 903 684 945 Cito.

270 966 357 1008 PA.
382 969 507 1011 Cedo
527 970 672 1023 igitur,
694 971 798 1025 quid
820 971 998 1022 faciam,
1022 972 1150 1013 Dave
1167 973 1185 1013 ‘?
1247 973 1340 1014 DA.
1377 974 1465 1015 Dic
1499 978 1540 1015 te
1573 974 1728 1016 ductu-

438 1050 544 1079 rum.
604 1039 696 1080 ΡΑ.
721 1039 853 1080 Hem.
915 1040 1009 1081 DA.
1034 1040 1153 1091 Quid
1176 1042 1277 1082 est?

269 1101 356 1144 ΡΑ.
378 1107 527 1158 Egone
549 1107 725 1148 dicam?
774 1108 867 1149 ΒΛ.
891 1107 982 1150 Cur
1002 1109 1125 1149 non?
1173 1109 1262 1150 ΡΑ.
1287 1109 1531 1164 Nunquam
1551 1110 1729 1152 faciam.

442 1174 532 1215 DA.
558 1175 627 1216 Ne
648 1189 772 1229 nega.
1673 1180 1728 1219 10

262 1306 455 1346 perspexerit
469 1316 534 1346 quoe
550 1309 604 1337 tua
619 1306 662 1337 sit
678 1307 818 1338 voluntas
832 1309 868 1338 de
883 1306 1000 1347 nuptiis
1013 1318 1023 1344 ‚·
1047 1308 1111 1344 sed,
1127 1307 1155 1338 si
1172 1312 1205 1338 tu
1225 1307 1344 1338 dixeris
1360 1310 1390 1338 te
1405 1308 1483 1338 nolle
1498 1316 1638 1345 uxorem,
1651 1309 1726 1337 tunc

264 1349 316 1378 ille
331 1350 451 1388 culpam
467 1350 500 1379 in
514 1352 543 1380 te
559 1349 701 1387 conjiciet
712 1360 722 1380 :
745 1354 810 1380 tum
826 1351 918 1381 otium
934 1351 1004 1380 lites
1020 1355 1048 1380 ee
1056 1350 1168 1389 jurgia
1184 1351 1322 1381 maxima
1338 1349 1619 1386 commovebuntur.
1658 1349 1725 1380 ΡΑ.

267 1391 352 1426 Quid
367 1390 439 1423 vis?
459 1392 704 1431 patim-uxorem
717 1393 794 1423 mihi
811 1395 902 1424 duri?
951 1393 1020 1423 DA.
1048 1394 1145 1423 Pater
1156 1397 1226 1424 tuus
1240 1397 1297 1434 est,
1317 1392 1504 1433 Pamphile!
1527 1391 1667 1434 Difficile
1682 1398 1727 1422 est

265 1439 296 1464 te
311 1435 340 1465 ei
365 1436 518 1465 resistere.
569 1436 728 1467 Praeterea
745 1435 811 1467 hoec
826 1436 949 1474 mulier,
974 1446 1064 1476 quam
1090 1446 1188 1474 cintus,
1212 1437 1276 1467 sola
1302 1439 1349 1467 est
1371 1437 1438 1467 sine
1453 1435 1584 1466 auxilio.
1628 1434 1725 1466 Dicto

262 1478 356 1508 citius
372 1478 505 1509 inveniet
521 1478 655 1518 aliquam
678 1488 812 1517 causam,
836 1482 964 1519 propter
987 1489 1078 1518 quum
1093 1480 1226 1519 expellat
1250 1480 1334 1509 illam
1350 1489 1365 1509 e
1380 1479 1519 1510 civitate.
1566 1478 1634 1509 ΡΑ.
1657 1477 1726 1509 Ex-

261 1519 386 1560 pellat?
434 1522 503 1552 DA.
530 1522 630 1552 Illico.
676 1521 744 1552 ΡΛ.
768 1522 832 1552 Dic
858 1521 936 1552 milei
962 1522 1075 1562 igitur,
1100 1523 1175 1562 quid
1192 1522 1325 1561 facium,
1352 1521 1468 1553 Dave?
1513 1522 1584 1552 DA.
1609 1521 1673 1552 Dic
1696 1523 1728 1550 te

264 1565 426 1594 ducturum
455 1564 683 1595 Philumenam.
732 1565 798 1596 ΡΑ.
826 1565 919 1595 Hem.
975 1566 1047 1596 DA.
1074 1565 1161 1600 Quid
1189 1564 1260 1596 est?
1317 1565 1383 1597 ΡΑ.
1410 1565 1517 1603 Egone
1542 1564 1574 1595 id
1594 1561 1726 1594 dicam?

265 1607 337 1637 DA.
367 1608 431 1637 Cur
455 1605 543 1638 uon?
588 1608 655 1639 ΡΑ.
689 1608 859 1648 Nunquam
878 1606 1010 1647 faciam,
1032 1608 1134 1639 Dave.
1178 1608 1247 1639 DA.
1273 1608 1349 1639 Noli
1372 1617 1485 1647 negare
1510 1611 1539 1638 te
1563 1608 1726 1638 ducturum

872 1707 988 1720 «tresel
995 1708 1115 1720 &oeno

266 1797 327 1824 --5
356 1791 491 1831 Omnem,
510 1791 597 1832 quod
624 1792 726 1832 vulgo
753 1793 864 1833 abest,
888 1793 920 1824 in
947 1793 1015 1825 fine
1033 1793 1172 1824 additur
1189 1793 1214 1823 Α
1232 1796 1267 1824 et
1284 1792 1365 1823 Hel.
1383 1795 1629 1833 comparetque
1645 1795 1724 1832 post

267 1838 275 1852 ‘
290 1837 423 1876 cuipam
437 1835 444 1847 ’
469 1835 503 1865 in
520 1836 585 1867 Gn.
602 1838 634 1866 2.
657 1836 707 1875 [et
720 1835 795 1876 En]
812 1837 900 1867 sicut
915 1836 981 1868 fuit
1004 1838 1107 1868 etiam
1124 1837 1156 1867 in
1175 1835 1482 1875 Lindenbrogiano,
1498 1844 1608 1876 neque
1626 1835 1723 1866 abest

265 1880 294 1910 B
321 1884 355 1909 et
373 1879 412 1910 C.
441 1879 535 1908 Both.
568 1879 622 1918 qui
642 1878 674 1908 id
693 1879 725 1908 in
742 1879 808 1909 fine
826 1880 933 1910 addit.
979 1880 1101 1910 Monet
1129 1880 1223 1910 Perl.
1248 1879 1295 1909 sic
1322 1879 1363 1908 ad
1398 1880 1406 1895 ‘
1423 1877 1593 1918 culpamt’
1613 1877 1722 1910 ι(ἒΜ.

263 1921 404 1952 onmem?
449 1922 593 1960 Negares
609 1921 727 1953 Guelf.
755 1925 852 1953 2.—6
876 1923 926 1954 M.
953 1921 1066 1954 Omnes
1091 1922 1242 1953 tumilloe.
1270 1921 1367 1952 Lind.
1391 1920 1424 1951 in
1453 1925 1521 1952 vet.
1538 1920 1624 1952 Cod.
1639 1920 1724 1961 legit

263 1965 365 2006 paulo
388 1969 479 2003 ante,
501 1965 622 2003 culpam
644 1975 761 1995 omnem
778 1965 811 1995 in
826 1969 856 1996 te
873 1965 985 2004 transf.
1030 1965 1176 1996 Videtur
1192 1969 1304 1994 autem
1324 1968 1357 1994 et
1378 1973 1480 1994 omnes
1495 1968 1532 1995 et
1545 1973 1663 1994 omnem
1678 1973 1721 1995 ex

264 2010 376 2048 glossa
393 2007 571 2046 irrepsisse.
587 2017 594 2037 ε
621 2017 811 2048 quanquam
835 2019 952 2039 onmem
970 2012 1021 2040 est
1040 2008 1072 2038 in
1090 2007 1252 2048 plusculis
1269 2008 1349 2038 Mss.
1367 2007 1552 2047 Pleraeque
1568 2005 1646 2036 edd.
1663 2015 1722 2038 ex-

263 2052 395 2091 hibent,
424 2050 508 2084 Quid
532 2047 604 2081 vis?
626 2049 760 2089 patiar?
803 2050 903 2088 Aliae,
940 2050 1048 2087 Quid!
1080 2052 1127 2082 vis
1155 2051 1261 2091 patiar
1276 2049 1291 2080 ἶ(
1326 2050 1446 2081 eodem
1475 2049 1719 2090 propemodum

263 2103 375 2124 sensu.
424 2094 550 2124 Nostra
567 2102 646 2123 vero
663 2093 764 2124 lectio
777 2094 848 2134 jain
868 2095 999 2125 Donati
1018 2099 1123 2125 aetate
1135 2092 1198 2124 fuit
1216 2093 1364 2132 cognita.
1410 2092 1534 2123 Placet
1552 2101 1632 2123 vero
1648 2101 1720 2132 prae

263 2138 372 2167 altera
388 2136 457 2166 illa.
506 2135 607 2165 Nulla
631 2136 910 2176 interrogationis
922 2142 1004 2168 nota
1017 2142 1070 2167 est
1086 2137 1117 2167 in
1135 2136 1295 2177 plusculis
1313 2137 1396 2166 Mss.
1413 2135 1501 2166 unde
1518 2135 1560 2166 R.
1576 2135 1721 2177 Stepha-

263 2184 376 2216 nns‚et
393 2178 518 2209 dudum
533 2184 611 2210 aute
625 2188 700 2209 euni
716 2180 828 2219 plures
846 2180 891 2210 ita
909 2180 1105 2218 ediderunt,
1122 2185 1159 2210 ut
1174 2189 1234 2209 nos
1249 2179 1458 2210 exhibemus.
1475 2179 1572 2210 W'est.
1587 2177 1720 2213 Quidvis

261 2223 367 2263 patiar
379 2246 386 2253 .
400 2246 407 2253 .
423 2245 429 2252 .
458 2222 557 2251 Both.
605 2222 689 2256 Quid
705 2223 750 2252 vis
763 2221 894 2262 patiar?
919 2223 958 2253 Z.
985 2223 1117 2258 Quidvis
1139 2222 1244 2263 pacior
1260 2231 1336 2253 cum
1354 2226 1485 2261 puncto
1497 2221 1643 2252 maximo
1659 2221 1718 2253 ΒΓ.

262 2268 323 2295 -7
343 2265 433 2305 Guy.
453 2264 683 2304 Engraplnium
698 2272 848 2302 secutus,
870 2266 987 2296 (lictum
1002 2266 1138 2304 fuctum.
1186 2265 1242 2295 Ita
1260 2268 1295 2295 et
1311 2264 1470 2295 Graevius
1487 2263 1638 2304 legebat,
1652 2262 1720 2294 fot·-

263 2318 323 2338 san
353 2317 371 2338 e
402 2308 468 2339 Ms.
497 2317 566 2337 suo.
594 2307 688 2338 West.
734 2307 787 2338 Ibi
813 2317 901 2339 nunc
928 2310 1027 2339 video
1051 2308 1118 2348 legi
1134 2308 1250 2338 dictum
1267 2306 1466 2346 autfuctum.
1510 2306 1563 2338 ld.
1579 2307 1612 2338 in
1628 2305 1719 2338 Add.

262 2351 327 2381 Ant
346 2360 407 2391 pro
423 2361 458 2381 ac
473 2348 587 2381 Guelf'.
600 2353 696 2381 2.--8
709 2350 815 2381 Metri
833 2361 937 2382 cansa
951 2351 1227 2382 interserendum
1242 2355 1294 2381 est
1311 2360 1389 2388 eam,
1405 2354 1441 2381 et
1458 2348 1639 2389 legendum
1651 2359 1719 2380 eam

262 2394 371 2433 opyn'do
396 2393 499 2424 eiciat.
546 2393 637 2423 Dein
666 2402 745 2423 usus
771 2394 931 2434 loquendi
961 2400 1039 2426 ante
1065 2395 1073 2410 ‘
1090 2393 1181 2425 cito’
1204 2393 1355 2433 postulat
1371 2403 1418 2432 ac,
1442 2392 1533 2433 quod
1558 2401 1719 2433 apraece-

263 2437 368 2467 dente
399 2436 526 2476 syllaba
554 2435 750 2475 absorptum
776 2442 841 2467 est.
866 2438 962 2467 Beni.
1007 2437 1119 2476 Vulgo
1143 2436 1267 2475 ejiciat:
1290 2435 1349 2467 sed
1375 2436 1474 2467 codd.
1500 2434 1588 2473 fere,
1611 2435 1716 2465 etiam

264 2479 372 2510 nostri
400 2478 430 2509 Α
443 2479 469 2508 C
498 2478 576 2510 Hel.
599 2478 690 2509 eiciat
709 2478 926 2520 τρισυλλάβως
945 2484 1060 2511 recte:
1088 2480 1189 2510 modo
1207 2488 1355 2519 reponas
1373 2487 1504 2519 quoque
1520 2487 1596 2509 cum
1614 2478 1718 2510 Bent.

263 2523 313 2553 Ac
329 2522 401 2553 cito.
433 2521 587 2552 nothi-ns.
613 2521 719 2552 meiat
747 2524 778 2552 in
805 2522 888 2553 GM.
922 2523 1045 2554 inveni.
1071 2523 1160 2553 Perl.
1184 2522 1239 2562 qni
1257 2522 1304 2552 sic
1322 2521 1442 2557 edidit,
1457 2525 1494 2552 et
1509 2520 1568 2551 dat
1582 2520 1643 2551 ΒΓ.
1666 2521 1714 2551 Ac

263 2565 383 2596 abesse.
402 2574 420 2595 a
436 2562 552 2595 Guelf.
568 2566 600 2594 2.
617 2570 732 2595 monet
760 2565 938 2596 Pe1·1.—-10
962 2566 1051 2597 Duae
1078 2564 1216 2606 syllabae
1242 2564 1377 2596 desunt.
1422 2564 1525 2595 Forte
1552 2563 1716 2604 scriptum

916 2659 1061 2691 NOTAE

304 2739 323 2767 7
350 2735 482 2767 Dictum
498 2745 533 2766 ac
541 2734 680 2775 sactum]
705 2734 859 2766 Donatus
885 2745 960 2776 pro—
1016 2734 1161 2766 aussi-tae
1175 2734 1237 2773 dit,
1252 2732 1400 2765 aussi-lde
1408 2732 1487 2772 fuit.
1524 2731 1627 2764 Simul
1643 2731 1715 2764 fac-

261 2788 412 2819 verbium
437 2785 625 2817 celeritatis
649 2794 722 2816 esse
740 2785 800 2816 ait.
845 2785 960 2816 Graeci
1018 2792 1088 2818 tuni
1105 2795 1143 2817 ac
1162 2785 1300 2817 dictum,

262 2839 379 2869 dicunt
398 2836 457 2876 ἅμα
475 2836 557 2878 ἔπος,
580 2834 641 2866 ἅμα
665 2834 764 2876 ἔργον.
812 2835 958 2875 Gallice,
