1903 3306
257 241 344 283 500
756 248 797 277 P.
830 244 1071 276 TERENTII
1103 234 1238 275 Aum‘

257 346 387 387 THR.
420 343 541 394 Quid
560 354 672 383 nunc
689 341 890 394 agimus?
952 339 1047 381 GN.
1080 337 1200 389 Quin
1218 336 1473 379 redeamus:
1497 337 1594 392 jam
1614 336 1714 379 haee

431 411 513 453 tibi
534 410 672 451 aderit
698 408 959 462 supplicans

260 481 405 523 Ultro.
464 479 592 520 THR.
624 474 831 518 Credin’?
878 474 975 516 GN.
1007 473 1151 514 Immo
1174 476 1302 514 certe.
1348 470 1470 513 Novi
1490 471 1716 526 ingenium

429 547 682 588 mulierum:

261 616 447 665 Nolunt,
482 613 559 654 ubi
593 612 734 663 velis3
765 611 843 651 ubi
872 608 1004 658 nolis,
1036 607 1220 662 cupiunt
1248 607 1379 648 ultro.
1437 605 1566 647 THR.
1597 606 1718 648 Bene

430 684 576 737 putas.

262 753 358 794 GN.
388 751 493 792 Jam
510 748 685 789 dimitto
700 745 971 787 exercitum?
1021 743 1151 784 Tun.
1183 741 1275 784 Ubi
1290 743 1374 785 vis.
1427 743 1523 785 GN.
1556 742 1718 796 Sanga,

433 818 510 867 ita,
531 816 596 857 uti
616 816 749 857 fortes
769 815 897 855 decet

260 887 450 936 Milites,
469 884 589 925 domi
607 883 799 936 focique,
830 882 901 923 fac
924 880 1126 922 vicissim
1147 883 1199 920 ut
1221 878 1482 920 memineris.
1659 879 1719 920 45

261 958 343 999 SA.
387 952 660 997 Jamdudum
697 951 866 992 animus
904 955 973 991 est
1012 950 1058 990 in
1096 947 1277 1002 patinis·
1338 945 1432 989 GN.
1479 947 1614 1001 Frugi
1653 960 1716 988 es.

431 1021 559 1063 THR.
589 1019 689 1061 Vos
708 1032 779 1060 me
794 1018 877 1059 hac
899 1015 1151 1071 sequimini.

261 1136 323 1166 alio
333 1145 519 1177 responsum.
562 1134 658 1165 THR.
685 1133 769 1169 Quid
783 1144 863 1165 nuuc
878 1142 970 1171 agere
983 1132 1135 1170 debemus,
1172 1130 1321 1163 Gnatho?
1355 1130 1426 1163 GN.
1449 1131 1531 1170 Age,
1544 1129 1704 1160 redeamus
1713 1137 1724 1157 .·

254 1178 326 1217 jam
343 1180 407 1210 haec
423 1179 462 1209 ad
485 1182 515 1209 te
529 1177 629 1208 veniet
650 1180 758 1218 sponte
772 1176 957 1217 supplicans,
972 1178 1008 1206 ut
1030 1175 1058 1206 ei
1084 1174 1206 1205 veniam
1221 1175 1381 1205 condones.
1426 1174 1523 1205 Tua.
1551 1169 1724 1203 Credisne?

265 1221 334 1252 GN.
359 1221 413 1253 Sic
437 1224 519 1252 certe
534 1224 581 1251 est
591 1231 601 1251 :
634 1220 681 1251 ita
705 1222 888 1260 comparatae
909 1221 983 1249 sunt
1004 1228 1024 1249 a
1048 1220 1162 1248 natura
1176 1217 1341 1255 mulieres;
1371 1218 1490 1258 quando
1505 1215 1567 1254 vis,
1592 1215 1700 1246 nolunt
1713 1223 1725 1250 ‚·

264 1266 382 1304 quando
397 1264 488 1303 nolis,
503 1265 622 1302 volunt,
638 1266 669 1294 et
683 1263 808 1303 cupiunt
824 1263 920 1299 ultro,
933 1261 1053 1292 nemine
1067 1261 1238 1294 suadente„
1255 1261 1352 1291 THR.
1377 1261 1474 1291 Recte
1482 1258 1619 1298 judicas.
1651 1257 1722 1288 GN.

264 1308 378 1338 Jamne
393 1318 465 1338 mox
488 1307 665 1338 missionem
687 1305 823 1336 militum
839 1304 982 1343 faciam?
1025 1304 1119 1334 THR.
1146 1303 1276 1338 Quando
1291 1304 1382 1334 voles.
1430 1303 1502 1334 GN.
1527 1301 1647 1341 Sanga,
1666 1301 1724 1338 sac

264 1353 299 1381 ut
315 1351 424 1382 culinoe
439 1350 555 1391 cibique
569 1348 758 1386 memineris,
773 1348 851 1379 sicut
864 1348 968 1387 fortes
984 1347 1069 1377 decet
1083 1346 1209 1384 milites,
1231 1345 1284 1386 qui
1299 1347 1417 1376 alacres
1429 1355 1487 1386 pro
1492 1344 1578 1384 focis
1591 1347 1622 1375 et
1632 1352 1728 1384 pena-

265 1393 349 1424 tibus
361 1397 513 1435 pugnant.
558 1393 618 1423 SA.
640 1391 832 1432 Jampridem
848 1401 867 1421 a
892 1390 967 1421 hello
982 1399 1107 1420 aversus
1122 1389 1242 1419 animus
1267 1388 1302 1419 in
1317 1389 1414 1429 epulis
1429 1392 1458 1420 et
1484 1387 1623 1429 cupediis
1643 1389 1726 1417 totus

264 1439 320 1467 est.
367 1436 437 1468 GN.
462 1436 562 1467 Bona’
567 1435 663 1474 frugi
678 1445 722 1474 es,
736 1438 767 1465 et
781 1434 879 1465 utilis.
925 1433 1021 1464 Tun.
1052 1432 1112 1463 Vos
1129 1432 1185 1463 hac
1200 1441 1247 1463 me
1257 1431 1431 1472 sequimini.

1103 1518 1123 1529 ο·

268 1592 329 1613 nes
345 1582 475 1622 antiqui
493 1580 571 1612 libri
585 1580 715 1611 habent
727 1579 902 1620 prohibebo.
918 1579 979 1610 Fa.
1011 1578 1093 1609 Tres
1109 1587 1152 1608 ex
1169 1576 1294 1608 nostris
1307 1574 1525 1607 vetustissimi
1537 1574 1725 1616 prohibebo,-

268 1626 376 1657 ceteri
391 1625 548 1665 prohibeo.
591 1624 764 1654 Utrumvis
781 1623 900 1662 probe.
917 1622 1014 1653 Bent.
1031 1622 1087 1662 qui
1105 1621 1165 1651 dat
1186 1619 1352 1660 prohibebo
1378 1628 1454 1650 cum
1471 1619 1620 1649 Br.-40
1641 1617 1678 1650 S.
1694 1618 1727 1649 h.

270 1672 315 1700 est
331 1668 405 1708 tibi]
429 1668 495 1699 Do.
512 1666 595 1707 legit
612 1666 716 1697 Satin’
731 1666 762 1696 h.
779 1669 824 1696 est
839 1665 898 1696 tibi
911 1674 922 1696 .-
942 1669 977 1695 et
1003 1668 1082 1705 post
1104 1663 1114 1680 ‘
1132 1663 1181 1695 ais
1193 1663 1201 1677 '
1228 1662 1421 1694 addendum
1440 1661 1557 1692 Thais.-
1581 1660 1639 1692 ubi
1655 1670 1727 1691 rur-

270 1721 326 1743 sus
342 1716 461 1742 notata
476 1709 645 1750 loquentis
663 1718 809 1749 persona
823 1709 933 1739 locum
949 1706 1033 1739 fecit
1048 1707 1169 1738 errori.
1195 1707 1254 1737 Er.
1301 1705 1366 1736 Ms.
1386 1705 1479 1745 Lips.
1495 1703 1584 1735 Satis
1598 1703 1654 1735 hoc
1669 1702 1730 1734 tibi

269 1757 339 1785 est?
383 1753 567 1785 Commode
585 1756 696 1782 autem
714 1752 784 1781 haec
811 1751 842 1781 in
871 1750 983 1782 Libris
1000 1750 1201 1791 quibusdam
1227 1748 1372 1789 [ntss1·.]
1400 1747 1596 1778 tribuuntur
1622 1746 1728 1777 Chre-

271 1796 365 1835 meti,
377 1806 435 1827 seu
453 1806 527 1826 cum
546 1795 812 1834 interrogatione
830 1794 1043 1833 pronunties,
1059 1803 1117 1823 seu
1132 1794 1218 1823 citra
1236 1791 1546 1831 interrogationem.
1590 1789 1729 1829 Guyeto

271 1839 309 1870 τὸ
324 1839 372 1870 ais
388 1839 554 1879 glossema
570 1842 635 1877 est,
660 1842 693 1868 et
711 1836 993 1868 subaudiendum.
1038 1836 1187 1866 Videtur
1210 1834 1274 1865 sibi
1301 1834 1439 1873 placere
1459 1833 1586 1863 Thraso
1609 1831 1644 1862 in
1668 1841 1730 1862 sua

273 1881 524 1923 paronomasia,
546 1881 604 1917 ais,
632 1881 737 1911 Thais.
793 1880 920 1920 Estque
947 1880 1010 1909 hoc
1037 1879 1209 1919 specimen
1239 1876 1364 1907 Atticae
1391 1875 1478 1906 illius
1508 1873 1728 1916 eloquentiae.

278 1926 378 1957 W‘est.
425 1924 517 1955 Satin
533 1923 588 1954 hoc
610 1927 654 1954 est
672 1922 745 1962 tibi]
770 1923 849 1953 Non
867 1928 995 1952 temere
1022 1921 1056 1951 in
1082 1922 1152 1952 ullo
1169 1919 1322 1951 invenias
1339 1919 1362 1949 l.
1377 1928 1403 1950 s.
1422 1919 1508 1949 hanc
1525 1917 1729 1948 lectionem:

274 1968 333 1999 sed
361 1968 396 1998 in
424 1966 581 1998 omnibus
597 1970 632 1997 et
649 1967 801 2001 Donato,
827 1965 916 1996 Satis
939 1964 994 1995 hoc
1014 1964 1072 1994 tibi
1100 1967 1158 2003 est,
1185 1973 1260 2004 quae
1287 1961 1392 1993 verba
1419 1959 1540 1998 Militi,
1568 1964 1604 1990 et
1624 1963 1732 2000 reete,

276 2012 436 2042 Donatus
461 2009 632 2041 attribuit.
658 2009 716 2040 Fa.
769 2007 831 2039 Vir
856 2008 975 2039 doctus
1005 2005 1226 2046 refingit‚Sat
1253 2006 1307 2036 hoc
1334 2004 1394 2035 tibi
1423 2007 1480 2035 est.
1525 2004 1599 2044 Ego
1615 2003 1730 2034 malim

275 2064 336 2095 per
353 2052 669 2093 interrogationem,
682 2055 716 2082 et
732 2051 786 2081 hoc
801 2051 926 2091 ejecto,
943 2050 1030 2080 Satis
1046 2050 1105 2080 tibi
1121 2053 1163 2080 est
1176 2047 1192 2080 s!
1215 2049 1318 2079 Bent.
1366 2048 1466 2078 Dant
1482 2045 1572 2077 Satis
1592 2045 1649 2076 Ιιοι·
1672 2045 1730 2077 tibi

276 2096 347 2129 est?
370 2097 429 2127 Br.
455 2095 549 2126 Perl.
595 2094 700 2126 Satin’
727 2095 782 2125 hoc
808 2091 955 2124 esttibi?
979 2093 1106 2133 Delph.
1134 2091 1222 2122 Satis
1246 2091 1304 2121 tibi
1319 2088 1391 2121 est?
1414 2089 1515 2120 Both.
1565 2089 1634 2120 Hoc
1649 2088 1731 2119 idem

276 2143 311 2171 tu
324 2139 372 2170 ais
387 2139 516 2179 Delph.
540 2138 611 2169 sine
629 2137 734 2168 Thais.
779 2137 865 2167 Idem
882 2136 936 2166 hoc
960 2139 1006 2175 tu,
1026 2136 1121 2166 Thais
1143 2134 1244 2165 Both.
1260 2133 1330 2164 sine
1346 2133 1490 2164 aisa—41
1515 2131 1594 2163 Non
1612 2131 1732 2171 inepta

278 2183 380 2213 lectio
407 2181 619 2223 quorundam
646 2180 852 2211 Librorum:
891 2178 998 2214 Quid?
1033 2180 1201 2209 redeamus.
1247 2177 1333 2207 Sunt
1358 2185 1439 2206 vero
1468 2175 1550 2205 Mss.
1576 2175 1629 2215 [ut
1655 2173 1732 2214 Bu]

279 2226 450 2266 integrum
468 2225 557 2255 hunc
575 2233 708 2254 versum
725 2221 900 2254 Gnathoni
916 2221 1117 2252 tribuentes.
1146 2220 1246 2253 West.
1295 2218 1379 2255 Quin
1394 2217 1568 2258 redeamus]
1588 2217 1643 2248 Ita
1660 2217 1732 2256 qui-

278 2268 355 2299 dem
373 2267 533 2306 Codices,
548 2277 614 2297 uno
631 2275 674 2297 ex
704 2266 828 2296 nostris
843 2264 1052 2296 Academico
1070 2268 1231 2303 excepto,
1247 2262 1303 2302 qui
1320 2272 1339 2292 a
1359 2271 1458 2292 manu
1475 2260 1581 2301 prima
1595 2259 1733 2291 redimus

278 2311 427 2349 habuitt,
459 2315 579 2351 postea
601 2309 727 2340 factum
751 2309 920 2339 redeamus.
966 2308 1104 2339 Quanto
1130 2306 1303 2336 venustius
1334 2305 1419 2339 Quin
1446 2304 1594 2334 redimus.
1627 2303 1731 2334 Bent.

282 2355 321 2389 Q.
332 2354 467 2384 redimus
484 2358 579 2384 recte
596 2353 699 2383 Bent.
714 2351 833 2382 edidit.
858 2351 897 2381 R.
912 2350 956 2381 D.
1000 2350 1056 2381 Sic
1080 2349 1179 2380 Both.
1194 2348 1288 2379 Peri.
1331 2347 1449 2378 Habet
1472 2347 1532 2377 ΒΓ.
1552 2345 1638 2380 Quid
1652 2355 1732 2376 nunc

279 2398 408 2435 agimus,
426 2396 499 2436 quin
521 2397 706 2426 redeamus?
727 2395 803 2424 Jam
829 2394 968 2433 ξομ-42
993 2392 1127 2431 Ingenia
1154 2392 1230 2422 Pal.
1260 2393 1290 2422 1.
1307 2390 1394 2420 Perl.
1439 2389 1496 2420 Sic
1512 2389 1572 2419 dat
1587 2387 1732 2419 Both.—

279 2443 321 2470 43
349 2439 393 2469 Tu
417 2443 496 2469 ante
514 2439 523 2454 ‘
542 2437 636 2468 velis'
653 2436 770 2468 Guelf.
786 2440 815 2467 1.
829 2439 862 2467 3.
899 2436 948 2467 Tu
964 2441 1042 2476 post
1059 2435 1067 2451 ‘
1085 2434 1141 2465 ubi
1157 2434 1165 2446 '
1182 2440 1361 2473 utrumque
1378 2435 1410 2463 2.
1427 2432 1606 2462 Peru—44
1629 2431 1683 2462 Ita
1697 2433 1733 2461 ut

284 2483 385 2512 Bent.
404 2481 504 2512 Both.
522 2480 615 2511 Perl.
666 2480 709 2510 Ut
733 2479 805 2510 sine
828 2480 876 2509 ita
901 2479 960 2508 Br.
993 2478 1120 2509 Ζ.-45
1145 2477 1297 2516 Domique
1324 2475 1410 2505 editi
1437 2473 1575 2515 qnidam
1594 2474 1732 2504 vetusti.

286 2525 380 2555 West.
429 2524 538 2554 Unam
557 2527 687 2554 tantum
707 2523 863 2562 copulam
886 2521 1042 2552 continet
1066 2521 1162 2551 Bem.
1194 2523 1230 2550 et
1254 2518 1310 2549 alii
1333 2518 1475 2558 antiqui,
1499 2526 1539 2548 ac
1564 2517 1733 2554 Donatus,

281 2566 516 2607 dornifocique;
543 2566 632 2607 quod
651 2569 686 2596 et
713 2565 884 2595 meliorem
910 2563 1012 2594 habet
1034 2572 1223 2594 nnmerum.
1247 2561 1305 2592 Fa.
1350 2560 1406 2592 Sic
1422 2564 1458 2591 et
1480 2559 1588 2590 nostri
1604 2567 1733 2598 omnes,

281 2614 317 2640 et
342 2609 398 2640 Pr.
427 2619 459 2648 p.
487 2611 561 2639 719.
588 2609 684 2639 Bent.
731 2608 808 2638 Foci
833 2610 864 2638 et
886 2606 968 2637 domi
993 2607 1165 2642 Eua—46
1188 2605 1254 2635 Ms.
1285 2603 1378 2644 Lips.
1412 2603 1472 2634 SA.
1510 2603 1570 2634 Vos
1599 2612 1645 2632 me
1677 2601 1734 2632 hac

281 2652 453 2692 sequimini.
484 2651 538 2682 lta
554 2656 587 2681 et
606 2651 754 2681 Boecleri
773 2651 856 2681 Mss.
873 2659 1004 2680 omnes.
1029 2649 1101 2679 ΕΡ.
1125 2647 1289 2688 sequimini
1304 2647 1371 2677 hac.
1386 2646 1491 2677 West.
1522 2646 1583 2675 Est
1597 2644 1734 2684 animus]

282 2696 441 2726 Donatus
459 2698 494 2725 et
514 2703 629 2724 omnes
660 2693 736 2724 libri
764 2693 884 2732 scripti
910 2691 1074 2728 Terentii,
1104 2694 1232 2731 praeter
1259 2689 1474 2724 Bembinum,
1496 2687 1624 2718 habeut
1646 2687 1734 2718 lianc

285 2738 558 2774 collocationem,
573 2737 693 2767 animus
708 2739 774 2767 est:
800 2745 875 2775 quae
897 2739 932 2765 et
956 2734 1067 2765 versui
1084 2732 1294 2764 commodior
1320 2737 1386 2762 est.
1410 2731 1471 2762 Fa.
1516 2729 1635 2761 Nostri
1652 2739 1734 2769 quo-

284 2789 350 2820 que
367 2789 496 2818 omnes,
510 2779 630 2810 (mimus
645 2783 702 2810 est.
718 2779 907 2809 ssentleius.
925 2776 1024 2808 THR.
1052 2777 1113 2808 Vos
1128 2785 1175 2806 me
1189 2776 1246 2806 hac
1267 2772 1447 2814 sequimini]
1465 2772 1583 2804 Nostri
1604 2781 1733 2812 omnes,

284 2823 393 2854 tribus
412 2821 547 2861 demtis,
561 2822 682 2861 Sanga:
707 2822 771 2852 hoc
796 2820 959 2851 tribuunt.
985 2820 1090 2855 Male,
1107 2818 1237 2859 opinor.
1257 2818 1305 2848 Id.
1338 2816 1469 2847 Br.SA.
1499 2815 1558 2846 Vos
1574 2815 1629 2845 hac
1644 2825 1690 2846 me
1705 2825 1732 2847 s.
