1903 3306
326 221 413 263 262
629 233 811 262 EhociA
849 232 1085 262 VETERUM
1122 233 1184 262 DE
1216 231 1484 262 TEREero.
1532 268 1538 275 x

760 390 846 432 DE
876 389 1045 431 AELIO
1078 389 1360 431 DONATO.

616 518 874 570 Hieronym.
895 517 940 557 in
962 515 1184 558 Chronico
1207 517 1386 572 Olymp.
1406 516 1508 558 284.

389 606 648 650 Victorinus
681 607 828 648 rhetor
862 609 906 647 et
938 606 1140 647 Donatus
1179 606 1501 658 grammaticus,
1536 609 1791 658 praeceptor

330 688 473 725 meuS,
498 674 657 715 Romae
677 673 869 726 insignes
888 673 1128 714 habentur:
1160 685 1183 730 e
1204 672 1364 726 quibus
1377 672 1639 714 Victorinus
1658 672 1790 713 etiam

332 746 527 783 statuam
548 742 591 782 in
612 741 705 783 foro
726 740 920 795 Trajano
939 740 1111 781 meruit.
1169 731 1172 734 ⁴

675 847 800 888 Idem
824 846 1012 900 Apolog.
1033 846 1201 887 advers.
1223 845 1445 887 Rufinum.

391 933 508 973 Puto
530 932 651 987 quod
672 944 781 986 puer
801 931 962 984 legeris
983 929 1123 983 Aspri
1144 929 1188 969 in
1207 929 1443 982 Virgilium
1467 931 1512 969 et
1529 928 1791 969 Sallustium

333 999 704 1041 Commentarios:
737 998 940 1040 Vulcatii
957 998 999 1038 in
1023 997 1260 1038 Orationes
1282 996 1537 1039 Ciceronis:
1567 995 1792 1036 Victorini

332 1068 378 1108 in
400 1067 615 1121 Dialogos
637 1067 748 1121 ejus,
768 1069 811 1107 et
837 1067 881 1107 in
899 1065 1091 1106 Terentii
1113 1064 1368 1105 Comoedias
1398 1062 1686 1117 praeceptoris
1706 1062 1793 1103 mei

334 1134 518 1184 Donati,
540 1148 666 1189 aeque
686 1135 733 1174 in
751 1132 1000 1186 Virgilium,
1041 1135 1083 1173 et
1111 1133 1299 1173 aliorum
1324 1131 1367 1172 in
1398 1131 1535 1180 alios3
1566 1129 1792 1178 Plautum,

334 1203 609 1252 Lucretium,
649 1202 876 1250 Flaccum,
914 1200 1133 1249 Persium,
1166 1203 1299 1253 atque
1339 1197 1583 1239 Lucanum.
1642 1195 1792 1250 Argue

332 1270 711 1322 interpretationes
750 1280 918 1317 eorum,
962 1280 1097 1321 quare
1131 1279 1219 1307 non
1256 1279 1386 1307 unam
1432 1264 1792 1318 explanationem

336 1338 477 1378 secuti
508 1336 611 1386 sint,
642 1340 688 1377 et
707 1335 751 1376 in
775 1335 929 1376 eadem
949 1348 994 1376 re
1025 1333 1145 1388 quod
1166 1333 1237 1376 vel
1259 1333 1360 1382 sibi,
1382 1332 1451 1374 vel
1472 1332 1574 1373 aliis
1597 1332 1794 1374 videatur

335 1408 600 1446 enumerent.

713 1497 976 1551 Hieronym.
997 1497 1041 1537 in
1062 1495 1236 1537 Eccles.
1259 1508 1360 1549 cap.
1381 1496 1421 1537 1.

394 1587 604 1629 Comicus
621 1587 704 1627 ait:
727 1586 853 1627 Nihil
870 1590 939 1626 est
953 1585 1132 1636 dictum,
1150 1585 1268 1639 quod
1291 1598 1376 1625 non
1394 1585 1450 1625 sit
1463 1584 1629 1626 dictum
1645 1583 1792 1637 prius:

335 1656 449 1696 unde
480 1660 524 1696 et
544 1658 795 1708 praeceptor
826 1665 950 1694 meus
979 1652 1198 1702 Donatus,
1232 1665 1332 1693 cum
1363 1652 1505 1705 ipsum
1527 1651 1793 1693 versiculum

339 1726 594 1778 exponeret,
614 1722 821 1772 Pereant,
844 1721 1000 1776 inquit,
1024 1721 1101 1775 qui
1122 1727 1223 1761 ante
1243 1733 1327 1761 nos
1348 1723 1501 1760 nostra
1519 1719 1737 1760 dixerunt.

807 1963 892 2005 DE
923 1961 1318 2005 EUGRAPHIO„

347 2089 593 2131 Gerbertus
615 2087 839 2141 quondam
861 2085 1155 2127 scholasticus
1175 2084 1232 2125 ad
1253 2083 1507 2133 Airardum‚
1528 2081 1673 2135 Epist.
1689 2093 1776 2122 vu.

394 2176 693 2219 Petitionibus
710 2176 802 2217 tuis
824 2176 1080 2216 annuimus:
1112 2179 1264 2215 nostra
1278 2178 1328 2214 ut
1340 2172 1580 2226 exequaris
1599 2172 1794 2224 negotia,

335 2246 455 2287 velut
485 2245 678 2298 propria,
708 2256 950 2285 monemus.
1011 2242 1188 2283 Plinius
1216 2240 1482 2290 emendetur,
1515 2239 1795 2293 Eugraphius

335 2313 585 2366 recipiatur.

339 2413 580 2456 Gen-bertus
616 2412 689 2453 hic
726 2415 883 2466 postea
923 2410 1019 2451 ΡΡ.
1054 2410 1214 2460 sactus,
1255 2409 1480 2463 Sylvester
1518 2407 1663 2448 dictus
1692 2406 1791 2457 suit,

394 2479 595 2532 vixitque
625 2479 708 2519 sub
742 2478 915 2518 Othone
952 2477 1046 2518 III.
1082 2478 1197 2531 Imp.
1231 2477 1350 2518 circa
1383 2475 1439 2518 A.
1461 2474 1508 2516 C.
1527 2474 1626 2516 998.
1685 2473 1794 2531 Vid.

395 2546 619 2587 Fascicul.
640 2546 848 2600 Tempor.
873 2545 1129 2599 Onuphrius
1160 2545 1350 2586 Panvin.
1372 2544 1417 2585 in
1440 2543 1596 2584 Chron.
1619 2541 1792 2582 Eccles.

394 2618 438 2654 et
457 2613 547 2654 alii.
