1903 3306
335 218 422 259 430
836 229 875 257 P.
908 227 1152 257 TERENTII
1188 226 1305 257 AFRI

338 323 442 364 Non
462 327 625 364 temere
646 327 714 364 est
733 336 744 373 3
776 327 819 364 et
840 334 1080 376 properans
1115 321 1260 361 venit:
1306 321 1456 361 nescio
1477 320 1585 374 quid
1609 321 1795 362 circum-

510 394 695 442 spectat.
1741 388 1798 429 60

335 503 448 534 tionem
463 505 493 532 et
508 502 690 542 praesz'dz'um
702 511 713 538 ‚·
728 500 888 539 festinans
902 499 998 530 etium
1010 498 1107 530 venit.
1153 498 1266 530 Nescio
1291 499 1364 539 quid
1379 499 1547 539 diligenter
1559 502 1589 530 et
1603 502 1723 531 attente
1736 498 1798 530 cir-

333 545 507 585 cwnspz‘cit.

950 602 1184 615 ‘roverteo-ece

337 683 419 715 gere
435 672 488 704 sub
503 672 671 703 ilica—60
694 670 762 702 Ms.
779 669 860 701 Par.
873 668 1119 708 circumspectet.
1144 668 1239 701 Peri.

997 766 1140 798 NOTAE

336 833 487 864 cubituri
511 832 674 863 adversus
699 830 898 872 praedonnm
926 829 1041 860 incur-
1095 828 1218 861 factum
1236 835 1304 869 est;
1326 829 1382 861 τὸν
1396 829 1538 871 Πειραιέα
1563 829 1606 869 μὴ
1631 829 1800 869 κεναγγίαν

337 894 414 915 sus:
441 886 611 923 praeterea
641 880 894 912 conveniebant
921 879 1040 910 eodem
1095 879 1194 921 ἄγειν,
1210 881 1360 912 Piraeum
1385 890 1451 912 non
1477 881 1601 912 vehere
1625 890 1706 912 vasa
1727 881 1798 911 ina-

337 933 571 964 adolescentes
586 931 743 962 convivia
758 931 880 969 acturi,
901 935 939 961 ut
965 934 1041 970 post
1095 930 1162 962 nia.

335 983 464 1014 iudicat
483 982 654 1023 Antipho:
680 991 786 1023 quare
813 980 1040 1013 Proverbium

726 1303 930 1347 ACTUS
963 1303 1028 1346 II.
1088 1302 1296 1345 SCENA
1327 1303 1420 1346 ΙΙΙ,

801 1437 1030 1469 CHAEREA.
1093 1437 1350 1468 PARMENO.

339 1508 428 1549 Cn.
461 1507 655 1549 Occml.

341 1576 502 1629 Neque
525 1576 646 1629 virgo
665 1577 735 1616 est
756 1586 975 1627 usquam3
1015 1585 1160 1626 neque
1181 1585 1282 1627 ego,
1302 1572 1380 1626 qui
1400 1571 1523 1613 illam
1543 1584 1567 1612 e
1587 1583 1799 1625 conspec-

512 1648 559 1685 tu
582 1643 714 1684 amisi
730 1654 844 1683 meO.

340 1711 430 1753 Ubi
459 1711 686 1766 quaeram?
730 1710 809 1750 ubi
843 1708 1135 1762 investigem?
1185 1720 1318 1761 quem
1349 1707 1620 1762 perconter?
1666 1718 1798 1760 quam

511 1779 714 1819 insistam
734 1777 886 1818 viam?

341 1845 539 1887 Incertus
562 1859 686 1886 sum:
732 1858 823 1886 una
849 1845 946 1885 haec
979 1855 1084 1897 spes
1116 1847 1211 1894 est3
1261 1842 1338 1883 ubi
1358 1842 1435 1883 ubi
1456 1846 1544 1892 est,
1566 1840 1641 1882 diu
1662 1839 1798 1882 celari

511 1925 598 1954 non
619 1916 786 1966 potest.

383 2026 452 2057 Cn.
479 2024 578 2056 Perii.
623 2024 730 2064 Neque
743 2023 833 2062 virgo
850 2032 977 2063 usquam
992 2026 1051 2062 est,
1066 2032 1162 2062 neque
1178 2032 1245 2061 ego,
1261 2022 1314 2062 qm·
1326 2022 1413 2053 illam
1429 2021 1525 2051 visam
1546 2020 1580 2051 in
1600 2019 1651 2051 via
1665 2018 1800 2060 perdidi.

344 2069 406 2099 Ubi
420 2065 582 2108 quaeram?
605 2066 657 2097 ubi
683 2066 818 2105 vestigia
845 2065 909 2104 ejus
935 2064 1070 2106 sequar?
1096 2066 1193 2100 Quem
1215 2062 1440 2104 interrogabo?
1465 2064 1534 2098 Qua
1549 2063 1600 2094 via
1614 2061 1801 2103 procedam?

341 2112 482 2142 Incertus
496 2120 562 2141 sum
575 2110 648 2151 quid
662 2109 721 2140 sim
727 2109 896 2146 facturus.-
919 2108 984 2139 hoec
998 2109 1063 2139 sola
1078 2118 1145 2149 spes
1160 2111 1272 2149 restat,
1297 2108 1387 2148 quod,
1402 2106 1503 2138 ubivis
1517 2106 1572 2146 sit,
1586 2105 1640 2136 diu
1656 2104 1801 2136 occultari

951 2202 1189 2215 eeeeeeeeeeee

384 2262 399 2290 1
428 2258 548 2290 Occidi.
586 2258 686 2289 Licet
708 2267 740 2289 ο.
763 2258 786 2289 1.
813 2268 840 2290 s.
868 2257 968 2289 aliter
994 2257 1155 2296 habeant,
1177 2265 1318 2288 necesse
1335 2258 1389 2287 est
1404 2256 1492 2286 hane
1510 2253 1707 2290 dictionem,
1721 2257 1756 2284 et
1779 2263 1800 2284 a

341 2301 572 2343 praecedentis
589 2310 698 2332 scenae
713 2301 832 2332 ultimo
850 2305 885 2332 et
901 2301 942 2332 ab
956 2301 1056 2341 hujus
1072 2300 1179 2341 primo
1196 2309 1296 2330 versu
1309 2307 1480 2338 separare.
1492 2297 1551 2330 Fa.
1578 2296 1688 2327 Occidi
1699 2296 1799 2327 nimis

340 2344 499 2385 apposita
516 2353 668 2384 personae
687 2344 839 2374 Chaereae
856 2347 910 2374 est
921 2353 1002 2382 vox,
1024 2353 1123 2384 quam
1140 2352 1216 2383 qnae
1233 2347 1354 2373 contra
1372 2340 1538 2372 Codicum
1555 2338 1658 2370 fidem
1673 2348 1693 2370 a
1707 2338 1800 2379 Guy-

341 2394 398 2418 eto
415 2386 583 2427 imperitis
599 2386 763 2417 Librariis
794 2387 956 2425 imputari
983 2390 1125 2417 mereat.
1153 2386 1253 2417 West.
1299 2384 1398 2415 Hanc
1428 2392 1502 2414 voc.
1520 2392 1540 2412 a
1555 2381 1702 2412 librariis
1724 2391 1799 2412 esse

342 2431 433 2470 Guy.
457 2439 522 2460 non
550 2434 646 2460 recte
663 2429 813 2470 judicat.
838 2429 988 2460 Perl.—3
1013 2429 1189 2459 Donatus:
1214 2427 1223 2445 ⁶
1241 2428 1284 2458 Et
1310 2436 1370 2467 qna
1401 2425 1452 2456 via
1481 2423 1631 2464 legitur!
1674 2424 1720 2455 Et
1748 2425 1797 2454 sic

342 2473 410 2503 duo
428 2472 562 2504 codices
576 2481 618 2502 ex
635 2472 760 2503 nostris
771 2481 846 2503 cnm
863 2471 951 2503 Edd.
966 2475 1052 2502 vett.
1076 2470 1229 2502 Rectius.
1276 2470 1438 2500 Ceterum
1456 2467 1538 2499 tolle
1556 2467 1639 2498 istas
1653 2466 1797 2498 interro-

341 2515 488 2555 gationis
503 2520 599 2545 notas
617 2526 626 2553 3
649 2520 684 2545 et
701 2514 749 2546 sic
766 2514 899 2554 accipe,
917 2514 1059 2545 Incertus
1080 2523 1160 2552 sum,
1176 2512 1230 2543 ubi
1252 2521 1403 2552 quaeram,
1418 2513 1471 2552 ᾅτ-
1494 2510 1595 2541 Bent.
1639 2509 1696 2540 sic
1714 2518 1799 2548 pun·

342 2559 393 2598 git
409 2558 466 2589 ΒΥ.
501 2558 572 2593 Qua
587 2558 639 2588 υἰα
664 2558 766 2589 Both.
789 2558 947 2590 Per1.--4
974 2558 1087 2588 Certus
1102 2557 1176 2587 vult
1190 2555 1278 2587 Gov.
1296 2559 1332 2586 et
1347 2554 1539 2594 interrogat
1553 2552 1588 2583 in
1604 2561 1655 2583 vs.
1671 2554 1704 2583 3.
1722 2555 1801 2592 post

1000 2638 1140 2670 NOTAE

388 2705 403 2732 1
432 2701 553 2733 Occidi.
599 2702 707 2742 Neque
721 2702 811 2742 virgo
832 2706 877 2734 est
899 2701 1043 2743 usquam]
1141 2704 1161 2733 4
1189 2701 1252 2732 Ubi
1266 2699 1319 2732 ubi
1334 2702 1391 2735 est,
1416 2697 1470 2728 diu
1487 2696 1580 2728 celari
1603 2706 1662 2728 non
1681 2696 1800 2738 potes't]

344 2752 435 2786 Quia
450 2763 522 2786 eam
541 2763 558 2785 e
575 2759 763 2794 conspectu
780 2755 951 2785 amiserat.
1099 2752 1155 2784 Ob
1167 2753 1302 2784 nimiam
1319 2750 1435 2781 formae
1453 2747 1609 2789 gratiam.
