1903 3306
323 224 408 266 306
821 232 859 262 P.
894 231 1137 262 'rERENTn
1175 230 1293 261 Arm

324 329 378 370 Id
415 329 541 379 velis,
576 327 695 383 quod
728 328 885 383 possit.
946 326 1036 368 CH.
1069 326 1194 368 Nihil
1217 325 1322 367 volo
1344 322 1482 372 aliud,
1512 323 1597 365 nisi
1631 322 1786 364 Philu-

497 409 687 439 menam.

326 467 418 508 BY.
451 464 548 507 Ah!
580 468 744 527 quanto
766 463 911 526 sati-us
931 466 1013 513 est,
1052 466 1094 503 te
1114 461 1158 503 id
1182 461 1288 502 dare
1312 472 1512 514 operam,
1549 472 1645 526 Q
1656 458 1786 500 istum

500 545 692 575 amorem
714 545 772 573 ex
795 532 942 573 animo
966 542 1178 572 amoveas
1199 532 1291 579 tuo,

329 601 476 652 Quam
498 601 543 642 id
563 600 704 654 loqui,
736 612 823 654 quo
843 598 987 651 magis
1007 596 1161 638 lubido
1181 596 1340 637 frustra
1359 593 1620 636 incendatur
1641 595 1740 637 tua!

328 669 416 711 CH.
450 668 603 711 Facile
638 679 808 718 omnes,
839 678 942 708 cum
979 665 1195 715 valemus,
1230 668 1350 705 recta
1386 662 1572 704 consilia
1607 663 1788 716 aegrotis

328 805 398 846 Tu
420 804 458 845 si
470 735 804 845 hs1121g1i1gs·aliter
826 800 1008 842 sentias.
1069 800 1161 842 ΒΥ.
1192 799 1304 853 Age,
1326 811 1419 852 age,
1439 801 1488 839 ut
1506 798 1640 840 lubet.
1701 797 1790 840 CH.

431 860 452 864 υ
474 835 894 923 ΜΞῖἷῖἷῑξῑὶῐῐιρὶιἰΙιΠιῑι
1735 865 1791 906 10

329 939 503 981 V'deo:
532 937 680 979 omnia
700 937 895 991 experiri
917 939 1084 978 certum
1105 934 1158 977 'st
1183 935 1305 990 prius
1328 946 1464 989 quam
1485 945 1637 987 pereo.
1698 931 1790 974 ΒΥ.

503 1005 623 1057 Quid
646 1005 716 1046 hic
740 1004 863 1057 agit?

332 1074 421 1117 CH.
454 1074 609 1128 Ipsum
641 1073 759 1113 hunc
797 1072 959 1115 orabo:
995 1070 1096 1112 huic
1132 1069 1428 1128 supplicabo:
1464 1080 1656 1110 amorem
1686 1066 1791 1109 huic

503 1141 693 1183 narrabo
715 1153 876 1182 meum.
1157 1127 1227 1138 ‘W‘
1262 1128 1292 1135 “U
1309 1131 1365 1141 'm‘

332 1211 492 1261 Credo,
513 1209 776 1263 impetrabo,
796 1211 845 1250 ut
867 1208 1035 1269 aliquot
1056 1208 1214 1249 saltem
1237 1206 1408 1261 nuptiis
1428 1205 1595 1261 prodat,
1610 1205 1720 1247 dies.

332 1279 504 1322 Interea
524 1276 598 1318 fiet
619 1275 803 1330 aliquid,
826 1288 974 1330 spero.
1036 1275 1127 1316 ΒΥ.
1159 1274 1213 1316 Id
1244 1273 1415 1328 aliquid
1435 1273 1542 1315 nihil
1562 1278 1642 1315 est.
1703 1272 1794 1315 CH.

506 1345 708 1400 Byrrhia,

333 1478 410 1509 velis
423 1477 456 1509 id
472 1478 549 1518 quod
565 1477 674 1518 possit.
721 1477 790 1509 CH.
818 1475 909 1506 Nihil
923 1474 1022 1514 aliud,
1045 1483 1137 1515 quam
1152 1473 1373 1505 Philumenam
1388 1473 1467 1504 volo.
1514 1472 1583 1504 BY.
1602 1471 1667 1507 Ah,
1682 1475 1796 1512 quanto

329 1521 435 1561 potius
449 1525 507 1561 est,
522 1524 552 1552 te
566 1522 600 1552 id
615 1520 767 1560 laborare,
781 1523 813 1551 ut
830 1519 926 1550 istum
941 1527 1077 1549 amorem
1093 1516 1292 1548 Philumena:
1308 1527 1348 1548 ex
1370 1516 1472 1547 animo
1496 1518 1549 1545 tuo
1572 1514 1689 1555 ejicias,
1704 1524 1796 1557 quum

333 1563 385 1595 Ιιοε
413 1573 565 1595 sermones
594 1564 715 1603 habere,
746 1563 855 1604 quibus
881 1561 1036 1602 cupiditas
1065 1563 1119 1591 tua
1146 1561 1302 1591 inutiliter
1328 1559 1549 1599 inflammetur.
1595 1557 1665 1589 CH.
1691 1557 1797 1588 Facile

333 1617 448 1646 omues,
462 1617 530 1638 cum
551 1607 620 1638 sani
642 1610 672 1637 et
695 1607 833 1637 valentes
857 1614 973 1642 sumus,
999 1603 1092 1634 utilia
1117 1606 1273 1644 praecepla
1295 1601 1424 1642 <egrotis
1439 1601 1559 1632 dumus.
1608 1600 1667 1640 Tu,
1681 1599 1710 1631 si
1733 1611 1797 1632 meo

333 1651 396 1680 loco
410 1650 465 1688 sis,
480 1650 572 1681 aliter
586 1649 712 1689 sentias,
727 1659 817 1689 quam
831 1647 928 1678 sentis
943 1648 980 1678 de
995 1656 1098 1677 umore
1115 1655 1191 1677 meo.
1237 1646 1306 1677 ΒΥ.
1329 1645 1409 1685 Age,
1426 1653 1496 1683 age,
1519 1646 1555 1674 ut
1580 1643 1639 1674 tibi
1662 1642 1797 1674 videtur.

335 1693 404 1724 CH.
428 1693 490 1724 Sed
507 1693 705 1733 Pamphilum
720 1692 820 1723 video.
864 1690 999 1722 Decrevi
1021 1689 1124 1720 omnia
1145 1688 1306 1729 exquirere
1320 1690 1361 1719 ad
1375 1688 1520 1727 salutem,
1531 1685 1715 1726 priusquam
1726 1695 1798 1726 per-

334 1745 412 1768 eum.
456 1736 527 1767 ΒΥ.
553 1736 638 1771 Quid
660 1735 710 1766 hic
733 1735 801 1774 agit
825 1733 927 1765 omnia
950 1732 1162 1773 exquisiturus
1182 1728 1387 1772 imprudens?
1432 1730 1502 1761 Cu.
1526 1729 1633 1770 Ipsum
1652 1729 1798 1769 Pamphi-

333 1779 396 1809 lum
412 1779 515 1818 orabo,
529 1779 600 1810 huic
614 1779 810 1819 supplicum
838 1785 972 1808 arnorem
997 1785 1095 1806 meum
1117 1774 1323 1806 vehementem
1338 1773 1410 1805 huic
1425 1782 1585 1813 exponam.
1633 1771 1798 1810 obtinebo,

336 1823 437 1862 credo,
451 1822 571 1862 abillo,
585 1825 620 1853 ut
642 1823 682 1853 ud
703 1821 820 1861 aliquot
838 1820 948 1850 saltem
970 1819 1037 1849 dies
1062 1817 1187 1858 nuptias
1211 1827 1282 1848 suas
1302 1816 1455 1857 differat:
1476 1816 1598 1846 interea
1611 1814 1742 1856 aliquid,
1764 1818 1798 1845 ut

335 1874 436 1905 spero,
451 1865 568 1897 accidet
584 1865 664 1897 boni.
711 1865 779 1895 ΒΥ.
803 1863 841 1894 Id
857 1861 975 1902 aliquid
992 1861 1072 1892 nihil
1088 1864 1143 1892 est.
1190 1862 1260 1892 CH.
1284 1859 1439 1901 Byrrhia,
1464 1858 1538 1899 quid
1564 1857 1624 1890 tibi
1649 1856 1798 1893 videtur?

948 1978 1184 1990 ttttttttttt

337 2069 459 2110 Lapsus
475 2067 591 2100 Gneif.
610 2071 639 2100 2.
689 2069 731 2099 Et
755 2068 836 2107 conf.
861 2071 955 2100 1.-5
980 2068 1050 2099 Pro
1078 2067 1219 2108 quonium
1246 2067 1288 2097 R.
1311 2066 1417 2098 habet
1441 2066 1587 2107 quando3
1609 2065 1658 2096 sic
1681 2064 1800 2096 laudat

339 2122 473 2154 qnoque
499 2113 613 2143 locum
641 2112 704 2142 Do.
721 2111 762 2142 ad
780 2112 855 2143 AEn.
875 2121 907 2142 v.
922 2114 996 2143 704.
1016 2116 1051 2142 et
1066 2121 1148 2142 sane
1164 2111 1286 2141 melius
1313 2110 1476 2140 convenit
1502 2109 1629 2149 sensui,
1653 2113 1689 2139 ut
1711 2108 1800 2138 infra

338 2165 389 2187 iv.
406 2160 437 2186 5.
454 2157 502 2186 10.
548 2155 674 2186 Cetera
691 2155 750 2186 Fa.
766 2154 962 2186 emendavit
979 2154 1038 2194 ita,
1052 2164 1111 2185 uon
1121 2156 1222 2195 potest
1238 2152 1368 2194 idfieri,
1380 2153 1460 2193 quod
1474 2153 1532 2184 vis.
1558 2152 1680 2184 Recte.
1703 2151 1800 2183 Bene.

338 2198 368 2229 A
385 2199 526 2239 quando:
549 2197 641 2239 quod
656 2197 836 2229 sententiae
853 2198 957 2238 magis
979 2202 1109 2237 aptum.
1156 2196 1253 2227 Both.
1278 2196 1334 2236 qni
1352 2205 1428 2226 enm
1447 2195 1540 2225 Perl.
1557 2194 1593 2225 id
1608 2193 1715 2226 dedit.
1761 2193 1802 2224 Id

338 2242 465 2272 omittit
483 2241 585 2271 z.-7
604 2240 753 2273 Quidam
771 2241 854 2271 Mss.
871 2240 908 2271 ιιΙ)
924 2251 974 2272 αη.
998 2241 1106 2271 West.
1146 2240 1314 2270 Dimoceus
1331 2239 1388 2270 Er.
1406 2237 1494 2269 Gov.
1509 2242 1545 2268 et
1557 2237 1601 2269 G.
1618 2237 1651 2268 F.
1700 2236 1750 2267 Id.
1768 2236 1801 2266 in

339 2286 423 2316 Ami.
465 2284 529 2314 Tuo
546 2283 682 2314 omnino
699 2283 911 2315 subdititium
929 2289 992 2314 est.
1031 2283 1101 2314 Pro
1117 2283 1220 2314 animo
1239 2291 1380 2312 (moveas
1396 2281 1552 2312 Donatus
1566 2283 1682 2311 monet
1697 2278 1801 2310 etiam

340 2327 407 2368 legi
423 2328 513 2358 corde
527 2326 642 2365 ejicia&
681 2326 767 2359 Quae
788 2326 889 2357 lectio
906 2326 1095 2367 perplacet.
1133 2325 1303 2366 Denique,
1321 2328 1358 2355 ut
1373 2333 1417 2355 ex
1432 2324 1482 2354 his
1499 2322 1630 2354 duobus
1645 2321 1801 2353 versibus

341 2380 425 2400 unns
442 2374 572 2401 tantum
589 2368 756 2401 efficiatur
770 2369 964 2401 trochaicus
981 2369 1239 2407 acatalecticus,
1255 2377 1331 2399 cum
1348 2367 1408 2398 Fa.
1431 2367 1440 2384 ‘
1456 2367 1525 2397 ΒΥ.
1542 2364 1616 2397 Au'
1642 2365 1676 2396 in
1686 2363 1801 2405 {finem

341 2412 571 2453 praecedentis
591 2411 812 2452 rejiciendam
830 2418 924 2453 puto.
948 2413 1046 2443 Bent.
1080 2421 1179 2453 quem
1206 2411 1247 2442 ab
1264 2410 1354 2441 omni
1372 2413 1471 2451 parte
1488 2408 1640 2450 sequitur
1655 2408 1803 2439 Both.—

343 2459 383 2486 '10
406 2457 533 2486 Sensus
552 2455 702 2495 postulat
718 2465 850 2487 censeas.
875 2455 977 2487 Bent.
1022 2454 1166 2496 Accipit
1186 2454 1279 2485 Perl.
1325 2452 1466 2484 Seutires
1482 2453 1558 2484 Pal.
1594 2452 1708 2483 Autem
1726 2453 1804 2491 post

343 2500 351 2515 ‘
370 2498 443 2529 Tu’
470 2497 585 2529 Guelf.
610 2501 641 2528 2.
687 2498 809 2529 Monet
836 2498 929 2530 Peri,
956 2498 1074 2529 sentias
1096 2507 1169 2528 esse
1196 2497 1231 2527 in
1256 2498 1374 2528 3.-—11
1400 2496 1485 2527 Mss.
1507 2493 1642 2537 quidam
1659 2498 1696 2525 et
1723 2492 1803 2524 edd.

343 2545 500 2579 vetustae,
522 2550 655 2581 peream.
700 2541 851 2572 Praestat
876 2545 988 2572 autem
1017 2541 1119 2571 lectio
1146 2540 1298 2580 vulgata,
1323 2543 1444 2579 utpote
1470 2538 1597 2569 certius
1623 2536 1802 2568 consilium

343 2583 509 2625 pereundi
528 2583 692 2614 indicans.
721 2584 906 2615 West.—13
933 2584 1064 2615 Prodat.
1110 2583 1166 2614 Ita
1194 2584 1260 2613 1,)ο.
1284 2586 1319 2613 et
1348 2583 1439 2613 Non.
1463 2580 1620 2612 Marcell.
1635 2588 1670 2610 v.
1694 2579 1804 2610 ‘Pro-

344 2626 449 2658 dere.’
495 2626 549 2656 Ita
565 2630 600 2656 et
618 2626 771 2666 plerique
790 2627 873 2657 Mss.
897 2626 1033 2657 Praetor
1051 2631 1163 2656 antem
1186 2625 1196 2642 ‘
1211 2625 1359 2665 prodere
1376 2623 1484 2655 dieni’
1506 2622 1699 2661 dicebatur,
1724 2631 1801 2653 cum

343 2680 415 2701 reni
433 2667 626 2699 differebat.
664 2668 745 2707 Alii,
758 2669 936 2708 protrahat.
974 2669 1082 2700 Idem.
1120 2670 1164 2700 G.
1182 2668 1252 2699 ET.
1270 2668 1351 2698 EM.
1373 2666 1548 2707 protrahat.
1587 2664 1640 2696 Id.
1659 2664 1693 2695 in
1712 2664 1803 2696 Add.

345 2713 477 2743 Prodat.
525 2711 590 2742 Gn.
621 2714 649 2742 1.
673 2712 831 2751 producat,
853 2711 962 2742 ceteri
988 2712 1094 2742 nosti-i
1118 2710 1297 2751 protrahat,
1319 2719 1361 2740 ex
1387 2708 1448 2739 int.
1485 2707 1584 2740 Both.
1633 2707 1803 2738 protrahat

316 2759 321 2762 “
346 2753 463 2786 Guelf.
480 2757 510 2784 1.
526 2756 556 2785 2.
582 2755 729 2794 producut
746 2756 775 2784 3.
825 2754 867 2784 Ut
888 2764 944 2793 per
958 2754 1075 2794 aliquot
1090 2754 1151 2784 Br.
1176 2752 1233 2783 ubi
1250 2757 1347 2783 notat
1362 2752 1495 2783 Bruns:
1521 2751 1530 2768 ‘
1546 2750 1634 2782 Ha‘c
1652 2759 1717 2782 vox
1739 2750 1803 2790 [sc.

343 2798 413 2839 per]
430 2807 527 2829 erasa
543 2801 595 2828 est
616 2797 648 2827 in
667 2797 733 2827 Ms.
751 2801 785 2827 et
803 2796 900 2827 abest
915 2796 1040 2828 editis.'
1086 2796 1249 2828 Ceterum
1263 2799 1378 2826 monet
1395 2794 1535 2826 Pei-let:
1560 2796 1570 2811 ‘
1585 2793 1667 2826 Par.
1686 2796 1714 2826 l.
1731 2802 1802 2824 var.
