1945 3296
568 226 747 256 vlo'roR
782 226 844 255 Du
877 226 1129 256 comosum.
1523 220 1580 260 57

120 318 255 355 minori
284 318 539 355 catalecticon
568 324 833 357 tetrametrum
862 320 1114 370 excogitavit,
1149 319 1476 371 Pherecratesque
1508 323 1577 359 sibi

119 394 269 418 versum
291 395 312 419 e
332 381 533 431 spondaeo,
553 382 725 433 dactylo,
746 389 785 421 et
800 383 972 422 trochaeo
991 383 1290 434 pulcherrimum
1307 384 1575 422 concinnavit:

120 458 191 482 nec
213 458 324 483 secus
346 445 504 497 Eupolis
526 453 790 485 tetrametrum
809 461 855 485 ex
877 447 1057 487 trochaeis
1079 448 1377 497 conglutinavit.
1436 448 1580 486 Verum

118 508 412 560 Aristophanes,
442 517 486 548 ut
511 511 549 547 in
580 511 760 549 omnibus
793 520 852 549 est
882 518 1173 558 ποιητικώτατοε,
1208 512 1246 549 in
1278 511 1351 548 hoe
1372 512 1486 549 etiam
1509 511 1575 549 ulli

116 572 254 610 cedere
283 573 420 611 noluit.
476 574 688 612 Iambicum
721 576 822 613 enim
855 575 1254 626 hypercatalecticum
1278 582 1576 621 monometrum‚

116 645 156 674 et
181 637 597 688 brachycatalecticum
629 638 857 684 trimetrum,
889 645 950 677 est
978 639 1075 676 mira
1111 638 1302 676 suavitate
1336 638 1575 676 modulatus.

117 700 281 752 Insuper
300 713 347 738 ex
369 701 581 751 anapaestis
602 701 816 739 trimetrum
838 701 1148 747 acatalecticum,
1170 715 1216 739 ex
1237 702 1470 739 choriambis
1488 715 1576 740 vero

114 770 393 803 monometrum
420 765 564 815 primus
586 765 755 802 omnium
779 765 1019 816 temperavit,
1054 773 1172 817 atque
1194 766 1268 803 alia
1287 765 1488 816 complura
1509 779 1577 816 per

116 827 290 865 Servium
310 835 349 866 et
368 828 470 867 illius
492 830 717 881 interpretes
745 830 977 867 Fabularum
999 837 1202 874 annotata,
1238 844 1325 880 quae
1347 829 1575 867 mortalibus

114 891 213 929 adeo
246 892 490 942 placuerunt,
525 900 567 930 ut
595 894 778 930 barbaros
810 893 927 930 etiam
959 893 1165 930 Persarum
1196 894 1346 930 animos
1380 894 1577 943 potuerint

113 954 344 994 demulcere.
403 957 554 994 Etenim
575 957 679 1008 apud
708 971 774 995 eos
795 956 1097 1008 Aristophanem
1119 957 1337 1007 accepimus
1359 957 1575 1008 praesertim

112 1032 134 1056 a
154 1031 244 1070 rege
263 1019 512 1058 celebratum.
569 1021 717 1058 Contra
738 1034 826 1059 vero
850 1021 961 1059 Nova
983 1020 1186 1058 Comoedia
1206 1021 1367 1067 iambos,
1388 1027 1431 1058 ut
1450 1021 1569 1071 pluri-

111 1095 216 1120 mum
238 1083 351 1130 solet,
373 1090 560 1135 usurpat:
591 1084 922 1134 quemadmodum
953 1097 976 1122 a
1003 1084 1175 1131 Stobae0‚
1197 1083 1422 1132 Plutarcho,
1444 1085 1574 1122 Gellio

110 1146 230 1184 citata
248 1147 458 1185 Menandri
478 1148 650 1186 carmina
669 1148 953 1186 demonstrant.

167 1209 286 1248 Binas
320 1217 508 1262 apparatu
548 1211 793 1250 differentias
829 1211 1003 1250 extitisse
1044 1212 1284 1262 grammatici
1315 1212 1571 1258 tradiderunt,

111 1287 200 1311 cum
221 1274 371 1312 scilicet
389 1275 428 1311 in
455 1276 647 1326 personis,
668 1284 750 1313 tum
773 1276 812 1314 in
843 1277 929 1327 ipsa
949 1276 1058 1321 serie,
1089 1275 1455 1326 Comoediarumque
1478 1290 1572 1314 con-

110 1344 229 1374 textu.
273 1337 477 1376 Platonius
497 1339 599 1377 enirn
621 1347 757 1377 auctor
777 1347 837 1377 est
857 1340 1010 1378 Veteris
1033 1339 1248 1377 Comoediae
1265 1341 1400 1390 poetas
1417 1354 1437 1377 e
1452 1353 1571 1378 scena

110 1401 246 1438 solitos
267 1414 354 1439 esse
373 1414 440 1439 eos
461 1402 629 1440 educere
645 1410 890 1453 personatos,
912 1403 978 1454 qui
1000 1403 1130 1441 statim
1161 1417 1207 1441 ex
1231 1403 1316 1454 ipsa
1336 1403 1446 1450 facie,
1468 1417 1568 1455 quos

108 1472 241 1502 essent
260 1471 341 1502 toto
362 1477 479 1515 opere
509 1466 692 1516 carpturi,
724 1468 1010 1516 spectatoribus
1045 1467 1287 1506 indicarent:
1328 1473 1384 1513 ut,
1419 1467 1448 1505 si
1473 1469 1570 1506 forte

108 1528 193 1579 quis
207 1541 284 1566 non
302 1528 436 1567 audire
449 1530 621 1567 carmina
636 1537 852 1581 cogeretur,
867 1531 915 1569 de
929 1544 1096 1582 persona
1109 1538 1253 1577 tamen,
1270 1531 1449 1582 quisnam
1466 1540 1572 1570 esset

110 1592 635 1644 deridendus,agnosceret.
693 1595 772 1633 Sed
793 1595 941 1633 Comici
968 1596 1216 1642 recentiores,
1243 1595 1293 1633 ad
1313 1596 1569 1634 excutiendos

110 1655 357 1708 potissimum
380 1657 496 1703 risus,
515 1657 748 1696 histrionum
779 1659 898 1697 facies
933 1660 1240 1710 configurarunt.
1300 1659 1360 1696 De
1379 1659 1570 1698 industria

105 1719 262 1770 quidem
281 1727 522 1759 monstrosos
543 1722 742 1760 hominum
763 1723 894 1760 vultus
921 1724 1107 1774 effingere
1127 1724 1384 1770 conabantur,
1418 1737 1465 1762 ne
1487 1724 1567 1762 cui-

105 1785 207 1835 piam
227 1785 325 1823 sorte
340 1786 495 1823 fortuna
512 1785 723 1824 Macedoni
738 1793 832 1824 tunc
851 1787 1038 1838 praefecto
1054 1787 1198 1824 similes
1216 1800 1302 1825 esse
1320 1786 1566 1828 viderentur:

104 1848 344 1900 proindeque
365 1849 479 1887 miser
509 1849 573 1887 ille
592 1851 721 1902 poeta,
751 1863 828 1889 non
849 1864 962 1889 secus
991 1864 1037 1889 ac
1059 1851 1091 1889 si
1118 1852 1323 1889 barbarum
1354 1851 1565 1902 principem

105 1912 199 1950 data
236 1926 354 1964 opera
390 1914 662 1961 subsannaret,
693 1915 848 1965 publice
882 1915 1160 1953 mulctaretur:
1191 1914 1290 1953 adeo
1322 1915 1462 1952 nobilis
1500 1916 1567 1954 illa

109 1976 336 2015 Graecorum
357 1977 542 2028 majestas
564 1978 722 2029 impuris
749 1980 1057 2030 obtemperabat.
1114 1979 1265 2030 Quippe
1298 1978 1463 2017 distorta
1482 1992 1565 2017 cor-

104 2053 199 2091 pora
218 2041 438 2080 Menander
456 2042 504 2093 (si
523 2042 702 2081 Platonio
723 2043 936 2091 credimus)
956 2043 1151 2094 planeque
1173 2056 1418 2080 communem
1439 2042 1565 2080 homi-

104 2117 196 2142 num
216 2105 447 2143 excedentia
469 2113 647 2144 naturam
678 2107 856 2157 personis
890 2108 1126 2152 imitabatur,
1154 2107 1329 2157 profecto
1357 2106 1563 2157 sapienter,

105 2169 313 2215 Quoniam,
333 2169 460 2220 inquit
492 2170 568 2216 ille,
600 2184 678 2208 non
702 2171 829 2209 solum
864 2172 1024 2218 malum,
1056 2171 1124 2209 sed
1157 2177 1196 2208 et
1215 2170 1305 2207 mali
1327 2169 1485 2207 vitanda
1504 2178 1565 2208 est

107 2232 291 2283 suspicio.
347 2234 462 2278 Quod
484 2242 612 2272 autem
645 2236 694 2273 ad
717 2236 878 2274 Fabulae
908 2237 1077 2287 pertinet
1096 2241 1339 2280 contextum,
1363 2234 1504 2272 chorus
1523 2235 1561 2271 in

103 2308 224 2333 causa
243 2303 304 2334 est
323 2311 391 2334 cur
424 2298 524 2335 inter
555 2310 597 2335 se
618 2299 780 2337 Veteres
817 2300 995 2351 Novique
1029 2313 1107 2337 non
1134 2299 1354 2350 quadrent:
1383 2297 1561 2348 quando-

101 2360 258 2410 quidem
278 2360 336 2397 illi
368 2360 475 2398 varia
506 2361 690 2411 quaedam
723 2362 989 2401 modulamina
1009 2363 1292 2415 temperabant,
1312 2375 1399 2412 quae
1419 2361 1561 2400 chorus

101 2423 265 2474 singulis
287 2423 438 2462 actibus
472 2423 743 2464 intercinendo
763 2426 918 2477 plebem
955 2427 1040 2466 sine
1070 2426 1203 2473 taedio,
1235 2439 1440 2477 quousque
1470 2426 1560 2463 novi

99 2486 373 2539 egrederentur
401 2486 625 2535 histriones,
664 2488 869 2530 detineret.
942 2491 1119 2542 Populus
1153 2490 1255 2529 enim
1292 2490 1557 2535 Atheniensis,

99 2558 291 2602 quatenus
324 2564 451 2590 rerum
484 2551 663 2591 dominus
694 2553 924 2602 habebatur,
954 2555 1164 2606 quotannis
1200 2553 1349 2592 AEdiles
1379 2554 1554 2600 creabat,

99 2615 164 2666 qui
196 2621 346 2654 sumtus
373 2615 524 2653 alendis
553 2630 760 2668 puerorum
794 2618 926 2657 choris
958 2618 1310 2657 subministrarent.
1366 2617 1554 2654 Ceterum

98 2678 238 2717 chorus
259 2685 425 2729 quatuor
444 2686 483 2717 et
501 2679 638 2731 viginti
657 2681 762 2728 viris,
785 2682 979 2732 puerisve,
1007 2690 1076 2720 aut
1096 2681 1263 2720 foeminis
1282 2680 1555 2726 instruebatur,

99 2743 198 2781 sicut
218 2743 499 2795 Aristophanes
520 2744 559 2782 in
579 2745 728 2784 Avibus
751 2746 901 2785 Fabula
920 2753 1112 2785 numerat.
1169 2745 1210 2783 Si
1230 2757 1319 2783 vero
1338 2744 1555 2795 promiscue
