1903 3306
337 243 424 284 244
781 250 1036 282 RicARnns
1070 250 1351 281 nnurnfflus

339 352 502 385 excusat
522 347 698 393 Maurus,
730 345 806 384 hoc
837 352 922 383 est:
952 343 1059 394 quod
1088 345 1126 381 in
1161 343 1320 381 sedibus
1354 342 1526 393 paribuS,
1549 342 1723 381 secunda
1751 350 1791 382 et

340 418 477 462 quarta
497 413 650 461 (nempe
670 416 831 459 uterque
850 421 917 458 per
947 406 1143 457 dipodiam
1177 407 1378 443 iambicam
1414 405 1634 443 dimetitur:
1663 406 1700 443 in
1731 421 1790 444 ra-

338 475 443 512 tione
464 482 597 510 nostra
629 480 740 511 erunt
772 471 896 522 prima
929 477 968 507 et
999 469 1127 514 tertia,
1161 469 1282 519 pedes
1314 469 1463 507 scilicet
1492 468 1791 507 ditrochaeorum

338 538 501 588 priores)
522 549 599 573 non
620 535 809 573 volubiles
839 533 960 584 pedes
991 532 1159 570 iambum
1192 540 1260 570 aut
1288 533 1527 583 tribrachyn,
1556 546 1604 570 ex
1623 533 1791 584 rhythmi

338 600 425 650 lege
463 613 508 638 ac
548 599 776 637 Graecorum
814 596 1016 646 exemplo;
1059 595 1127 633 sed
1165 595 1297 633 tardos
1337 595 1546 646 spondaeos
1587 595 1666 633 sive
1694 595 1791 633 alios

339 664 395 701 eis
427 665 640 714 ἱσοχρόιιους
667 661 879 699 intulerint.
935 660 1074 697 Totum
1105 659 1193 706 hoc,
1223 672 1302 696 uno
1333 658 1524 710 exemplo,
1558 665 1598 696 et
1618 671 1734 696 sensu
1755 665 1794 696 et

339 728 524 764 memoria
544 726 657 764 facile
678 725 839 762 tenebis.
896 724 1026 761 Graeci
1047 723 1097 761 ad
1118 723 1218 761 hanc
1238 724 1399 761 formam
1419 723 1457 760 in
1473 722 1646 760 iambicis
1664 736 1674 760 ε

552 791 599 827 Vi
620 788 863 827 commodavi
888 787 894 840 Ι
919 787 1179 833 commodavi,
1200 786 1418 825 commoda.

340 853 465 891 Latini
486 852 534 890 ad
557 852 685 898 istam,
705 864 783 889 non
805 863 968 901 semper,
990 851 1059 888 sed
1079 851 1399 901 quotiescumque
1415 850 1588 890 vellent:

554 916 602 953 Vi
621 915 888 953 commendavi
915 913 921 965 l
945 912 1211 952 commendavi
1236 911 1242 964 l
1266 912 1483 952 commoda.

340 980 476 1027 Vides,
495 980 652 1026 menda,
672 979 903 1031 spondaeum
922 979 980 1014 bis
1000 977 1168 1028 positum
1190 990 1257 1026 pro
1287 976 1429 1023 iambo,
1463 977 1580 1016 moda
1597 992 1608 1017 τ
1640 986 1791 1030 postre-

340 1058 442 1082 mam
463 1044 595 1082 sedem
616 1044 758 1081 violare
789 1054 989 1093 nunquam
1025 1048 1116 1078 sunt
1147 1040 1244 1078 ausi.
1301 1040 1409 1079 Idem
1443 1048 1483 1078 et
1517 1042 1557 1078 in
1585 1042 1793 1081 trochaicis

340 1108 515 1146 obtinet:
1399 1110 1401 1113 '

427 1182 564 1214 Graeci:
610 1181 831 1213 Commodavi
871 1180 1109 1223 lcommodavi
1149 1179 1385 1223 {commodavi
1431 1179 1643 1222 lcommoda.

428 1236 562 1266 Latini:
609 1235 851 1266 Commendavi
871 1234 877 1276 Ι
897 1235 1130 1266 commendavi
1151 1234 1156 1277 Ι
1177 1234 1407 1266 commendavi
1427 1233 1432 1275 Ι
1453 1234 1640 1266 commoda.

343 1300 387 1337 In
407 1299 468 1337 his
489 1299 668 1350 pedibus,
688 1307 852 1351 excepto
886 1299 1036 1345 ultimo,
1066 1312 1135 1349 pro
1166 1299 1344 1336 brevibus
1378 1297 1508 1347 longae
1543 1297 1703 1348 syllabae
1733 1311 1796 1337 as-

343 1371 573 1406 sumuntur;
605 1363 710 1413 quod
743 1370 887 1408 tamen,
920 1363 1069 1414 opinor,
1099 1361 1213 1399 celeri
1247 1361 1560 1412 pronuntiatione
1575 1361 1737 1411 juvabat
1755 1369 1794 1401 et

342 1427 567 1466 occultabat
586 1435 706 1473 actor,
735 1440 784 1464 ne
815 1427 897 1478 ipse
931 1439 954 1464 a
985 1426 1141 1465 tibicine
1173 1425 1395 1478 rhythmum
1417 1425 1596 1463 Graecnm
1619 1433 1795 1464 servante

343 1491 594 1541 discreparet.

399 1555 515 1599 Quod
537 1554 586 1592 ad
607 1554 750 1592 crimen
782 1562 911 1592 autem
940 1554 1016 1592 hoc
1047 1554 1210 1597 attinet;
1240 1553 1396 1604 tragicis
1425 1553 1580 1604 quidem
1601 1553 1796 1590 veteribus

343 1620 466 1657 minor
486 1626 546 1657 est
565 1619 777 1664 excusatio,
798 1632 866 1656 cur
898 1631 976 1656 non
1011 1617 1061 1656 ad
1096 1618 1188 1655 artis
1216 1617 1371 1668 regulas
1388 1630 1523 1654 versus
1545 1629 1636 1654 suos
1657 1629 1796 1666 exege-

342 1683 445 1727 rint;
480 1697 581 1728 cum,
610 1690 692 1720 toto
723 1682 823 1733 stylo
843 1689 882 1720 et
901 1681 1030 1720 colore
1050 1694 1074 1718 a
1091 1680 1285 1719 communi
1306 1692 1482 1718 sermone
1504 1678 1678 1725 discreti,
1695 1692 1798 1717 nova

343 1749 461 1786 verba
495 1761 539 1785 ac
574 1746 861 1797 sesquipedalia
892 1758 961 1796 pro
994 1746 1115 1783 lubito
1146 1744 1337 1782 finxerint.
1395 1743 1615 1794 Fugiebant
1648 1743 1798 1781 scilicet

344 1812 447 1850 limae
468 1812 661 1854 laborem
693 1810 787 1848 certi
817 1823 858 1847 se
891 1809 930 1845 in
963 1823 1002 1847 re
1033 1814 1123 1846 ante
1157 1809 1357 1859 inexperta
1385 1814 1425 1845 et
1452 1806 1556 1857 apud
1578 1819 1689 1844 aures
1716 1813 1798 1844 tum

345 1875 526 1913 indoctas
546 1874 696 1912 veniam
717 1874 1002 1924 impetraturos.
1060 1872 1202 1910 Melius
1223 1884 1313 1909 vero
1341 1883 1386 1909 ac
1419 1870 1549 1907 mitius
1570 1869 1618 1907 de
1638 1870 1796 1908 comicis

347 1945 408 1977 est
427 1938 687 1976 sentiendum.
744 1937 924 1975 Profecto
942 1936 1145 1974 Terentius
1166 1943 1311 1982 noster,
1341 1935 1372 1972 si
1402 1934 1606 1984 quisquam
1626 1933 1736 1979 alius,
1758 1933 1795 1970 in

348 2004 440 2040 artis
461 2003 567 2053 leges
588 2010 668 2039 arte
702 2001 904 2052 peccavit:
936 2000 1081 2047 studio,
1114 2013 1192 2037 non
1220 1999 1462 2050 ignorantia;
1484 1998 1717 2036 necessitate
1738 1998 1798 2035 vel

348 2067 485 2104 saltem
506 2066 780 2104 commoditate
813 2065 1019 2108 inductus;
1049 2072 1101 2110 et,
1135 2064 1417 2115 qualecumque
1449 2061 1544 2100 illud
1567 2062 1695 2100 delicti
1725 2069 1798 2107 est,

346 2131 498 2180 magnis
518 2130 722 2175 virtutibus
742 2128 1000 2167 redemturus.
1056 2130 1190 2166 Sermo
1219 2128 1320 2166 enim
1349 2140 1394 2165 ea
1426 2126 1474 2164 de
1503 2139 1623 2164 causa
1641 2126 1797 2177 propius

348 2194 454 2244 apud
489 2194 676 2231 Nostrum
706 2193 755 2231 ad
787 2193 1112 2231 consuetudinem
1144 2191 1310 2237 accedit,
1346 2203 1462 2242 quam
1496 2190 1600 2240 apud
1634 2189 1801 2227 Menan-4

350 2257 484 2295 drum:
516 2258 636 2295 oratio
658 2257 761 2308 apud
781 2270 900 2295 unum
921 2257 969 2295 de
996 2257 1123 2295 medio
1145 2262 1272 2294 sumta
1291 2256 1418 2306 deque
1438 2255 1515 2292 vita
1533 2253 1798 2291 honestiorum

349 2321 515 2364 civium3
545 2333 678 2358 versus
699 2321 852 2359 minime
878 2322 976 2368 cavi,
1008 2321 1076 2360 sed
1099 2321 1223 2359 verbis
1245 2320 1502 2369 sensibusque
1522 2317 1636 2368 spissi
1655 2330 1664 2355 :
1693 2316 1799 2368 apud

350 2384 526 2429 alterum,
549 2384 639 2421 dum
661 2390 783 2423 metro
805 2385 945 2422 servire
980 2392 1140 2423 coactus
1175 2390 1249 2430 est,
1284 2383 1407 2435 stylus
1442 2381 1560 2433 paulo
1592 2380 1739 2426 elatior,
1760 2386 1799 2418 et

351 2448 554 2486 sententiae
590 2448 803 2487 dilutiores.
859 2448 973 2486 Adde
1006 2449 1097 2495 huc,
1132 2453 1394 2486 consonantes
1429 2446 1466 2484 in
1499 2445 1634 2495 lingua
1662 2443 1799 2481 Latina

350 2522 420 2560 pro
451 2511 640 2548 vocalium
668 2525 827 2549 numero
859 2511 1139 2562 frequentiores
1170 2524 1270 2557 esse,
1299 2522 1415 2560 quarn
1446 2509 1484 2546 in
1515 2508 1669 2546 Attica:
1698 2507 1799 2544 adde

352 2575 482 2611 omnia
515 2574 617 2624 apud
651 2575 807 2613 Latinos
840 2577 1046 2622 vocabula,
1079 2574 1359 2626 monosyllabis
1395 2574 1587 2612 duntaxat
1614 2571 1800 2620 exceptis,

353 2649 439 2674 esse
460 2638 672 2687 barytona:
704 2637 750 2674 de
780 2651 857 2688 qua
885 2651 924 2676 re
945 2652 1033 2675 mox
1055 2638 1167 2688 plura
1186 2638 1337 2680 dicam;
1369 2643 1409 2675 et
1426 2636 1538 2674 facile
1558 2633 1799 2686 pronunties,

353 2699 507 2736 minoris
529 2712 614 2736 esse
634 2711 761 2749 operae
783 2706 897 2751 atque
918 2701 1024 2746 artis,
1045 2701 1095 2739 ad
1118 2700 1322 2738 Menandri
1351 2712 1525 2737 normam
1549 2698 1685 2736 Graece
1707 2696 1799 2734 scri-

354 2764 457 2807 bere,
477 2775 593 2812 quam
617 2762 748 2801 Latine
771 2763 819 2800 ad
837 2764 1018 2802 Terentii.
