1903 3306
537 264 759 297 EUNucrn
795 264 902 294 Aer.
926 263 977 292 11.
1010 262 1077 291 sc.
1110 262 1182 291 111.
1494 250 1577 291 441

136 367 357 408 Praeterea
398 363 540 403 forma
568 367 614 402 et
645 364 753 402 aetas
789 360 889 412 ipsa
924 357 990 407 'st‚
1022 356 1154 397 facile
1184 360 1232 395 ut
1264 365 1343 407 pro
1377 355 1577 394 eunucho

308 431 484 484 probes,

137 499 228 542 CH.
259 497 389 540 Dixti
408 493 616 550 pulchre:
648 505 869 546 nunquam
890 490 983 531 vidi
999 490 1153 529 melius
1176 488 1410 528 consilium
1432 487 1541 527 dari.

136 566 248 619 Age,
268 575 418 605 eamus
439 563 577 602 intro:
618 573 732 600 nunc
759 559 852 612 jam
876 570 983 598 orna
1001 569 1070 597 me
1088 570 1098 608 3
1143 555 1300 604 abduc,
1321 555 1421 603 duc,
1443 566 1580 606 quan-

306 634 399 671 tum
418 634 557 682 potes.
1525 621 1582 660 85

135 700 223 741 PA.
255 697 375 749 Quid
394 696 516 749 agis?
541 695 723 748 jocabar
756 693 972 746 equidem.
1033 691 1120 731 CH.
1154 689 1317 730 Garris.
1378 687 1463 727 PA.
1497 687 1582 728 Pe-

306 765 382 805 rii:
414 763 517 816 quid
539 775 621 815 ego
642 763 710 814 egi
731 761 896 802 miser'?

137 833 240 883 Quo
256 831 393 872 trudis
408 830 427 870 ’ἶ
451 829 687 883 perculeris
702 829 799 882 jam
812 832 856 868 tu
873 840 967 868 me:
990 825 1069 865 tibi
1087 824 1286 877 equidem
1302 823 1418 871 dico,
1435 821 1579 861 Mane.

138 899 224 940 CH.
256 898 434 939 Eamus.
494 896 580 937 PA.
612 895 817 948 Pergin’?
878 893 967 934 CH.
1000 891 1176 932 Certum
1210 894 1289 930 est.
1348 889 1434 929 PA.
1467 886 1582 927 Vide

305 978 360 1005 ne
380 963 562 1004 nimium
583 962 775 1003 calidum
795 962 880 1002 hoc
901 961 958 1001 sit
978 959 1119 1000 modo.

136 1032 224 1075 CH.
255 1031 360 1074 Non
380 1034 448 1071 est
467 1029 694 1083 profecto:
726 1029 834 1069 sine.
896 1028 984 1068 PA.
1015 1025 1076 1067 At
1107 1025 1219 1066 enim
1244 1023 1404 1064 isthaec
1439 1024 1480 1063 in
1513 1034 1582 1062 me

308 1097 489 1139 cudetur
508 1097 624 1138 faba.
685 1095 772 1137 CH.
802 1094 899 1137 Ah!

137 1214 240 1244 vultus
251 1213 284 1244 in
299 1216 328 1244 te
343 1216 400 1251 est,
415 1222 450 1243 ea
465 1215 553 1251 aetas,
568 1215 602 1242 ut
621 1212 801 1242 Eunuchum
817 1215 845 1242 te
857 1220 921 1242 esse
927 1211 1024 1250 facile
1032 1210 1224 1251 persuadeas.
1271 1207 1338 1238 CH.
1354 1207 1441 1237 Belle
1453 1204 1563 1236 dixisti
1575 1215 1585 1234 .·

137 1266 293 1296 nunquam
307 1254 511 1286 animadverti
533 1254 640 1285 utilius
663 1254 823 1284 consilium
847 1254 926 1284 dari.
969 1253 1040 1291 Age
1062 1253 1144 1283 intro
1169 1252 1291 1281 domum.
1313 1253 1589 1282 nostr·‹1nzeamus;

138 1298 294 1336 nuncjam
310 1308 356 1329 me
371 1298 496 1336 adorna,
511 1297 618 1332 abduc,
633 1297 691 1327 duc
706 1307 763 1336 quo
777 1298 868 1334 voles,
891 1306 979 1336 quam
1002 1296 1061 1325 cito
1081 1297 1176 1335 potes.
1221 1292 1286 1322 PA.
1313 1293 1398 1326 Quid
1422 1292 1512 1329 agis?
1530 1299 1585 1329 per

130 1340 236 1378 jocum
261 1341 326 1371 hoec
352 1339 472 1381 quidem
496 1339 642 1370 dicebam.
689 1340 757 1370 CH.
786 1339 872 1370 Vana
902 1339 1042 1378 loqueris.
1088 1337 1152 1367 ΡΑ.
1178 1335 1286 1366 Perii:
1310 1335 1381 1374 quid
1410 1344 1464 1371 ego
1493 1332 1586 1362 miser

130 1381 223 1420 feci?
245 1393 302 1422 quo
321 1393 368 1414 me
393 1383 551 1423 propulsas
577 1385 640 1412 tam
663 1381 833 1412 violenter?
852 1391 944 1422 prope
966 1383 1023 1418 est,
1048 1383 1082 1410 ut
1097 1389 1143 1409 me
1155 1381 1352 1418 prosternam
1377 1376 1435 1407 ribi
1450 1376 1585 1416 equidem

138 1425 218 1463 dico,
232 1424 350 1456 abstine
365 1425 402 1455 ab
416 1425 544 1465 incepto.
589 1424 658 1455 Cn.
685 1424 832 1464 Propera,
848 1433 960 1454 eamus.
1007 1422 1071 1453 ΡΑ.
1096 1421 1249 1459 Pergisne
1265 1430 1310 1449 me
1330 1421 1473 1450 trudere?
1516 1418 1584 1447 CH.

139 1466 211 1498 Stat
235 1468 389 1498 sententia
415 1471 465 1498 tuo
488 1467 535 1498 uti
557 1466 694 1497 consilio.
740 1466 805 1496 PA.
835 1466 910 1496 Vide
925 1475 963 1496 ne
977 1465 1029 1495 hoc
1041 1466 1191 1503 inceptum
1206 1464 1249 1493 sit
1263 1472 1342 1492 nunc
1353 1469 1586 1502 praepropemm.

140 1509 209 1540 CH.
235 1510 307 1540 Non
331 1513 377 1541 est
398 1519 495 1544 saue,·
520 1509 599 1545 sine,
620 1518 674 1539 nec
700 1517 746 1539 me
768 1509 900 1538 retrahe.
945 1508 1009 1539 PA.
1034 1508 1077 1538 At
1102 1507 1163 1536 ista
1179 1506 1259 1543 saba
1280 1507 1472 1544 supercaput
1488 1511 1585 1532 meum

138 1555 322 1593 conteretur,
337 1552 428 1592 hujus
440 1551 524 1590 sacti
548 1552 635 1592 culpa
649 1550 726 1581 mim·
749 1549 960 1592 imputabitur.
1005 1550 1058 1581 Ah
1071 1548 1248 1590 flagitium,
1260 1547 1398 1585 facinus.
1442 1546 1509 1578 CH.
1532 1544 1585 1576 Aa

740 1658 979 1670 “emere

139 1738 170 1766 te
184 1734 352 1775 quisquam.
376 1735 436 1766 Fa.
479 1734 535 1765 Sic
558 1738 593 1765 et
614 1744 729 1765 omnes
746 1734 877 1772 nostri3
901 1736 1046 1765 accentu
1072 1731 1105 1762 id
1131 1731 1334 1772 postulante.
1357 1729 1454 1760 Bent.
1498 1728 1586 1759 Sciet

140 1782 210 1810 vet.
225 1777 299 1808 cod.
317 1777 413 1808 Lind.
451 1777 560 1817 Neque
575 1778 674 1818 quisq.
693 1781 722 1808 te
738 1778 816 1818 Bip.
866 1776 994 1808 Thaidis
1007 1779 1037 1806 et
1051 1775 1221 1815 puellarum
1235 1774 1318 1805 GM.
1335 1772 1423 1812 quod
1441 1772 1586 1811 glossam

140 1829 215 1850 esse
230 1825 346 1851 censet
362 1820 541 1851 Perl.—83
565 1820 655 1860 Guy.
673 1829 806 1851 versum
823 1820 910 1850 hunc
936 1818 1112 1850 insititiam
1138 1821 1250 1855 vocat,
1274 1821 1309 1846 et
1334 1814 1452 1845 abesse
1472 1813 1585 1853 jubet.

139 1862 339 1902 Elegantior
354 1867 467 1893 autem
484 1866 549 1901 est,
565 1872 665 1903 quam
683 1863 738 1903 qui
755 1863 866 1893 locum
882 1871 948 1893 non
965 1865 1110 1892 tueatur.
1137 1859 1237 1890 West.
1285 1858 1410 1893 Forma,
1425 1856 1516 1896 aetas]
1542 1855 1586 1887 Ο.

138 1903 210 1936 fere
223 1905 313 1944 iibri,
325 1905 406 1936 etin
420 1905 458 1935 iis
471 1904 614 1945 antiqui,
627 1910 662 1936 et
678 1904 856 1944 D0.sorma
871 1908 902 1936 et
916 1907 1004 1935 aetas.
1016 1904 1074 1934 Fa.
1105 1900 1313 1938 CCC.forma
1324 1903 1353 1930 et
1365 1902 1442 1929 oetas
1456 1899 1520 1938 ipse
1533 1908 1585 1935 es,-

138 1956 182 1983 οε,
202 1947 350 1988 inquam,
371 1956 438 1978 non
461 1951 520 1978 est.
566 1947 668 1987 Vide,
684 1957 724 1978 an
739 1957 780 1978 ex
794 1947 937 1987 vestigio
955 1951 1021 1977 tam
1034 1945 1127 1976 tenui
1141 1953 1254 1974 verum
1268 1942 1491 1973 subodoratus
1504 1941 1584 1972 sim:

130 1988 239 2027 forma
253 1992 285 2020 et
298 1993 394 2021 aetate
407 1990 472 2030 ipse
486 1999 527 2020 es.
544 1990 647 2021 Bent.
683 1990 775 2021 Nihil
791 1989 998 2021 mutandum.
1013 1989 1055 2019 R.
1072 1988 1116 2018 D.
1149 1985 1286 2025 Frigide
1302 1989 1337 2015 et
1353 1985 1466 2024 inepte
1481 1984 1585 2015 Bent.

137 2032 291 2071 corrigit.
316 2032 391 2072 Bz'p.
404 2042 478 2073 quae
490 2035 520 2062 et
533 2032 758 2063 omium—84
775 2032 866 2063 Distz·
878 2033 959 2063 Par.
976 2041 1017 2062 ex
1034 2039 1100 2061 uno
1117 2029 1190 2060 cod.
1207 2029 1295 2059 Perl.
1323 2026 1451 2058 Dixisti
1465 2026 1586 2066 Rip.-

138 2077 178 2105 85
197 2075 308 2105 Potest
322 2074 390 2106 alii.
432 2075 519 2113 Jam,
542 2084 605 2113 oro,
618 2084 693 2105 orna
709 2075 758 2105 Μ.
780 2075 881 2106 West.
926 2075 1018 2114 Lege
1035 2078 1070 2103 et
1085 2072 1253 2109 distingue
1268 2081 1276 2100 ε
1300 2069 1370 2107 Age
1384 2078 1486 2099 eamus
1501 2069 1587 2098 intro

137 2125 218 2147 nunc
234 2117 298 2147 'iam
314 2127 325 2147 .·
347 2126 421 2147 orna
436 2126 496 2155 me,
510 2116 618 2157 abduc,
633 2118 704 2155 duc,
721 2120 867 2156 quantum
880 2119 991 2156 potest.
1025 2115 1146 2154 Potest,
1164 2117 1296 2144 veteres
1314 2112 1356 2143 G.
1373 2111 1531 2148 Fabricii,
1550 2116 1586 2141 et

140 2159 237 2190 Bem.
253 2158 384 2190 Bembo
400 2159 474 2199 ipso
488 2163 586 2189 teste.
631 2159 686 2190 Ita
705 2160 833 2190 Noster
848 2159 981 2199 passim.
1004 2158 1100 2188 Bent.
1146 2156 1254 2186 Potest
1276 2155 1355 2186 Vet.
1380 2153 1464 2185 Cod.
1493 2153 1587 2183 Lind.

138 2201 332 2232 Bentleium
350 2201 501 2241 seqnitur
517 2201 617 2232 Both.
663 2202 772 2232 Potest
789 2201 881 2231 Peri.
919 2201 991 2232 Due
1004 2210 1051 2230 me
1067 2197 1179 2230 Gueif.
1196 2200 1315 2229 2.—86
1339 2196 1388 2227 M.
1414 2195 1497 2231 Quid
1511 2195 1586 2227 ais?

136 2243 194 2274 Ita
209 2248 243 2274 et
257 2243 291 2274 in
308 2243 507 2284 quibusdam
524 2243 697 2283 impressis
714 2243 900 2274 veteribus.
945 2243 1010 2274 Ms.
1025 2242 1116 2281 Lips.
1137 2240 1278 2279 jocabar,
1297 2238 1418 2270 omisso
1433 2238 1585 2278 equidem.

139 2286 247 2317 West.
294 2286 384 2321 Quod
406 2295 462 2325 ego
489 2285 614 2316 Ζ.-87
641 2286 753 2316 Trudis
767 2295 815 2316 me
829 2284 942 2316 Guelf.
959 2288 990 2316 3.
1023 2285 1109 2315 Post
1131 2285 1140 2300 ⁴
1154 2289 1189 2313 tu
1206 2281 1280 2314 me’
1303 2282 1493 2320 interrogat
1508 2281 1585 2320 Bip.

138 2328 214 2359 Jam
231 2328 398 2368 perculeris
411 2331 446 2358 tu
462 2338 509 2359 me
520 2327 535 2358 l
557 2328 742 2359 Both.-88
767 2329 860 2359 Male
887 2328 1061 2368 Interpres
1080 2330 1178 2366 putat
1193 2324 1341 2355 callidum
1357 2324 1585 2354 scribendum.

140 2370 221 2402 (ἴου.
266 2371 315 2401 M.
334 2371 377 2402 G.
394 2371 464 2401 ET.
481 2370 563 2401 EM.
578 2371 733 2402 callidum.
781 2369 881 2402 Quod
898 2375 933 2400 et
951 2370 983 2400 in
1002 2369 1072 2400 ΕΡ.
1088 2373 1122 2400 et
1139 2367 1212 2398 aliis
1229 2366 1426 2407 quibusdam
1444 2366 1585 2405 impres·

137 2413 182 2443 sis
199 2415 261 2444 est.
305 2413 346 2443 In
362 2413 426 2443 ΜΞ.
445 2413 537 2452 Lips.
561 2413 726 2452 scriptum
742 2411 855 2443 fuerat
875 2413 1019 2450 calidum,
1041 2411 1100 2441 sed
1125 2411 1267 2441 alterum
1281 2409 1291 2438 l
1306 2408 1584 2447 suprascriptum.

144 2454 244 2486 West.
289 2455 445 2486 Donatus
465 2459 500 2485 et
525 2455 669 2486 callidum
691 2460 727 2486 et
752 2455 884 2486 calidum
909 2455 976 2493 legi
1004 2452 1169 2484 affirmat:
1194 2452 1253 2482 sed
1277 2451 1422 2481 callidum
1448 2450 1584 2481 videtui·

136 2497 242 2537 magis
259 2496 414 2537 probare,
437 2497 531 2528 nulla
555 2497 688 2537 quidem
714 2497 855 2529 ratione.
900 2497 984 2527 Mihi
1000 2496 1103 2526 libros
1119 2495 1264 2535 scriptos
1282 2493 1407 2523 Donati
1431 2492 1584 2524 conside-

136 2540 237 2579 tanti,
261 2539 397 2570 videtur
422 2539 529 2570 omnis
553 2540 721 2579 expositio
742 2539 841 2579 hujus
868 2539 934 2570 loci
955 2548 1029 2570 esse
1045 2543 1226 2577 corrupta3
1251 2536 1454 2575 omninoque
1470 2535 1583 2574 legen-

136 2581 216 2613 dum
241 2581 385 2619 calidum,
413 2586 451 2611 ut
477 2585 513 2612 et
538 2582 637 2622 aliqui
655 2583 676 2613 Ι.
693 2592 718 2612 s.
740 2582 880 2619 habent,
904 2586 940 2613 et
965 2580 1158 2620 Stephanus
1186 2578 1368 2619 impressit.
1393 2578 1452 2608 Fa.
1500 2578 1585 2607 Cali-

121 2625 221 2669 Idum,
242 2625 331 2664 quod
348 2629 383 2655 et
400 2633 513 2654 versus
529 2628 566 2654 et
581 2633 696 2654 sensus
713 2624 900 2662 postulant,
915 2633 999 2654 unus
1016 2627 1145 2654 tantum
1162 2631 1204 2652 ex
1219 2620 1356 2652 nostris.
1379 2620 1475 2651 Bent.
1521 2620 1584 2650 Ca-

135 2667 255 2696 lidum.-
277 2665 310 2697 J.
338 2671 374 2696 et
390 2666 542 2696 Venetus
559 2665 631 2697 cod.
657 2665 788 2697 addunt
810 2667 984 2705 consilium,
1009 2666 1106 2695 maie.
1129 2664 1217 2695 Perl.
1266 2663 1419 2694 Callidum
1435 2663 1583 2692 Br.—89

135 2707 264 2739 Incidit
280 2708 438 2748 suspicio,
467 2707 618 2738 laborare
646 2708 754 2739 locum
781 2709 876 2739 unius
904 2708 1049 2739 liternlae
1078 2705 1337 2747 permutatione,
1364 2705 1582 2744 potuisseque

137 2749 225 2788 fieri,
246 2753 283 2780 ut
297 2750 423 2782 dixerit
439 2750 629 2780 Parmeno:
652 2751 774 2781 ludetur
790 2750 881 2788 faba.
905 2750 1173 2781 Westerhovins.
1218 2748 1284 2779 PA.
1308 2747 1354 2778 At
1378 2747 1459 2777 enim
1474 2746 1582 2777 isthaec

137 2792 172 2824 in
186 2801 234 2824 me
247 2792 470 2832 cudeturfaba.
504 2792 557 2825 Ah
567 2792 893 2835 flagitiumsacimus]
908 2793 949 2825 In
965 2793 1062 2825 Bem.
1078 2795 1113 2824 et
1128 2791 1185 2824 Vi.
1199 2791 1209 2808 ⁴
1221 2790 1273 2822 Ah
1287 2789 1295 2802 '
1313 2789 1462 2821 Ciiaereae
1480 2788 1581 2819 ascri-
