1903 3306
567 240 691 270 Rivn
727 238 1038 268 CASTmA'rro.
1438 229 1522 269 129

25 368 35 373 -
75 351 161 378 care
196 335 381 389 potuisse.
439 333 489 372 Et
509 334 590 384 jam
623 347 690 385 per
721 340 843 371 totam
876 345 994 384 prope
1014 331 1261 370 Germaniam
1282 333 1390 369 nulla
1408 334 1521 372 facile

72 408 211 454 praeter
228 398 399 449 Philippi
418 397 653 448 exemplaria
672 397 949 448 probabantur,
971 404 1038 434 aut
1053 397 1231 434 manibus
1253 396 1438 433 studiosae
1457 398 1521 447 ju-

73 464 239 503 ventutis
262 463 494 500 terebantur.
544 461 586 498 Id
610 461 736 498 eximii
756 461 824 498 viri
846 461 1055 498 auctoritas
1075 459 1256 505 effecerit,
1277 472 1325 496 an
1347 460 1431 510 ipsa
1460 474 1521 498 res

73 533 188 577 atque
208 525 353 562 utilitas
373 524 589 570 extorserit,
606 523 701 561 nihil
720 523 846 561 habeo
868 523 1007 562 dicere.
1066 524 1164 568 Quae
1184 536 1255 560 nos
1276 523 1434 573 quidem
1461 536 1521 560 res

73 591 236 641 primum
255 588 388 633 movit,
408 594 465 634 ut,
484 587 705 638 perquisitis
726 586 893 637 antiquis
913 586 1195 638 exemplaribus
1216 593 1254 624 et
1269 599 1385 623 manu
1403 587 1523 637 scrip·

71 655 119 691 tis
139 660 178 691 et
196 652 408 703 impressis,
428 652 536 689 locos
556 651 741 702 plurimos
761 650 1008 701 depravatos,
1043 664 1140 702 quos
1169 650 1232 688 ille
1253 649 1521 687 inemendatos

72 717 291 767 reliquerat,
314 716 503 765 corrigere
523 728 764 753 conaremur.
822 714 926 757 Quid
948 722 1080 752 nostra
1100 713 1302 765 diligentia
1323 714 1523 751 consecuti

73 782 206 826 simus,
226 779 386 818 aliorum
407 787 491 817 esto
518 779 721 830 judicium.
780 778 868 816 Hoc
888 786 992 817 certe
1015 779 1104 829 jure
1125 779 1312 815 affirmare
1332 789 1448 828 posse
1469 776 1524 813 vi·

73 844 180 891 deor,
209 857 257 881 ex
289 843 485 894 impressis
506 843 655 881 nullum
676 842 826 894 uspiam
849 850 980 880 extare
1000 842 1116 880 hodie
1148 840 1357 892 exemplar,
1387 843 1464 891 q'uo
1484 841 1522 877 in

72 907 280 957 exemplari
295 907 426 958 plures
445 907 516 945 loci
539 907 702 946 correcti
717 908 808 955 sint,
825 921 940 959 quam
962 909 1000 944 in
1021 919 1080 952 e0‚
1101 905 1208 956 quod
1224 918 1294 942 nos
1311 903 1523 954 aliquando

74 972 112 1008 in
133 971 331 1022 publicum
351 970 479 1009 daturi
507 983 654 1009 sumus.
713 971 757 1008 Id
778 972 830 1009 ita
849 984 935 1009 esse
957 984 1043 1008 cum
1065 983 1139 1014 res,
1160 976 1203 1006 ut
1227 976 1336 1019 puto,
1366 967 1525 1004 testabi-

73 1042 149 1081 tur,
177 1042 259 1073 tum
292 1033 411 1072 editio
442 1034 536 1072 olim
566 1042 713 1081 nostra,
749 1036 781 1072 si
813 1049 901 1074 cum
922 1034 1005 1072 aliis
1025 1034 1258 1071 conferatur.
1316 1032 1467 1069 Etenim
1489 1031 1524 1067 vi

75 1111 224 1136 summa
242 1097 474 1149 jampridem
495 1106 612 1149 atque
632 1099 737 1136 omni
757 1113 844 1150 ope,
863 1106 901 1137 et
919 1099 1008 1150 plus
1029 1098 1182 1135 demum
1204 1109 1320 1147 quam
1340 1108 1408 1145 pro
1430 1094 1527 1131 virili

73 1169 195 1213 parte,
214 1162 270 1200 uti
290 1163 459 1200 omnium
482 1169 571 1200 ante
592 1175 663 1200 nos
680 1163 986 1214 recognitionem
1002 1161 1256 1206 vinceremus,
1273 1157 1525 1197 annitendum

74 1225 167 1263 mihi
187 1225 414 1263 existimavi.
472 1226 628 1264 Interim
661 1227 769 1265 locos
801 1227 984 1278 plurimos
1016 1240 1040 1264 a
1071 1226 1196 1271 nobis,
1227 1230 1375 1274 quanta
1404 1221 1526 1267 licuit,

74 1302 163 1327 cum
191 1289 268 1327 fide
298 1296 336 1328 et
367 1290 566 1341 religione,
603 1296 684 1329 tum
715 1290 931 1341 diligentia,
963 1289 1107 1334 studio,
1136 1289 1268 1327 labore
1298 1286 1526 1337 castigatos,

73 1352 329 1404 pristinoque,
349 1360 392 1391 ut
410 1354 559 1405 opinor,
589 1353 704 1391 nitori
732 1354 1022 1405 integritatique
1043 1353 1216 1391 redditos
1231 1349 1528 1402 publicavimus,

74 1423 114 1453 et
139 1415 294 1467 quidem
330 1417 437 1455 nullo
469 1417 612 1467 majore
642 1418 845 1456 verborum
879 1424 1095 1469 apparatu:
1126 1413 1456 1466 quandoquidem,
1486 1418 1531 1450 ut

74 1479 139 1517 ille
157 1479 275 1525 canit,
297 1484 306 1501 ‘
325 1480 465 1517 Ornari
485 1493 544 1517 res
565 1480 652 1530 ipsa
671 1486 802 1530 negat,
819 1487 1003 1518 contenta
1018 1478 1176 1517 doceri?
1223 1476 1339 1521 Quod
1361 1475 1393 1513 si
1412 1475 1530 1513 laude

75 1543 223 1589 merita,
252 1544 318 1594 qui
345 1557 463 1580 unum
486 1543 695 1581 alterumve
715 1543 753 1580 in
776 1544 946 1581 Auctore
966 1543 1149 1594 quopiam
1170 1541 1366 1578 illustrant
1385 1545 1452 1577 aut
1471 1551 1531 1576 re-

76 1606 244 1644 stituunt
263 1606 403 1652 locum,
426 1620 503 1644 non
525 1606 770 1652 fraudantur,
795 1619 863 1644 cur
883 1619 961 1644 non
981 1607 1063 1658 ipse
1085 1617 1241 1656 quoque
1261 1615 1411 1654 sperem
1433 1615 1530 1639 non-

76 1670 222 1708 nullam
244 1684 304 1708 me
324 1683 347 1708 a
364 1670 551 1708 studiosis
572 1671 734 1719 gratiam
756 1669 952 1715 initurum,
982 1669 1048 1720 qui
1069 1676 1128 1707 tot
1147 1668 1184 1705 in
1205 1666 1386 1705 Terentio
1408 1665 1530 1710 locos,

76 1735 240 1772 fortasse
270 1747 347 1772 non
380 1734 510 1785 inepte
540 1747 712 1785 prorsus,
745 1733 950 1784 diligenter
983 1733 1155 1784 quidem,
1190 1739 1229 1770 et
1261 1743 1403 1781 magna
1437 1742 1532 1767 cura

77 1805 194 1845 certe,
224 1799 272 1836 ab
304 1798 482 1837 omnibus
515 1798 666 1836 mendis
699 1797 881 1848 vitiisque
913 1795 1180 1846 repurgarim?
1222 1794 1394 1833 Tametsi
1425 1793 1530 1830 haud

78 1875 172 1900 sane
195 1862 504 1908 dissimulavero,
533 1862 680 1899 haerere
700 1861 827 1913 ipsum
848 1874 908 1898 me
927 1860 1123 1911 plerisque
1154 1858 1192 1896 in
1222 1858 1333 1904 locis,
1360 1863 1400 1895 et
1425 1869 1532 1907 quae·

79 1925 182 1971 dam,
202 1926 251 1963 de
271 1926 412 1977 quibus
432 1938 568 1976 parum
589 1924 718 1962 adhuc
738 1924 899 1975 liqueat,
920 1923 1119 1974 ampliare,
1151 1929 1190 1961 et
1210 1922 1304 1973 quid
1325 1922 1362 1960 in
1382 1921 1442 1958 his
1463 1932 1532 1971 po·

78 1989 268 2028 tissimum
301 2002 455 2039 sequar,
488 1987 594 2026 haud
629 1987 720 2025 dum
757 1987 998 2038 exploratum
1033 1986 1127 2024 satis
1160 1986 1316 2031 habere,
1351 1985 1388 2022 in
1423 1990 1534 2022 tanta

78 2053 293 2103 praesertim
312 2053 586 2103 exemplarium
607 2052 856 2102 antiquorum
876 2065 963 2089 cum
986 2049 1230 2088 dissensione
1250 2057 1290 2087 et
1309 2048 1534 2098 discrepan-

78 2116 146 2163 tia,
166 2123 248 2154 tum
265 2124 487 2155 monstrosa
506 2115 649 2154 alicubi
670 2116 787 2153 etiam
807 2114 1108 2165 depravatione:
1128 2121 1172 2151 ut
1187 2114 1267 2151 suis
1288 2112 1385 2151 locis
1405 2118 1535 2150 osten-

82 2179 233 2219 demus.
282 2180 400 2224 Quod
420 2193 489 2218 cur
504 2179 664 2217 tandem
684 2192 745 2216 me
765 2179 876 2216 fateri
895 2179 1063 2229 ingenue
1082 2177 1257 2230 pudeat?
1291 2177 1367 2215 Par
1387 2183 1449 2214 est
1467 2189 1536 2214 au-

79 2249 173 2290 tem,
200 2244 304 2294 quod
335 2243 501 2295 publicae
532 2256 554 2280 a
585 2243 697 2281 nobis
733 2242 995 2280 studiosorum
1020 2242 1176 2280 utilitati
1207 2241 1334 2288 datur,
1363 2240 1402 2278 id
1421 2241 1536 2291 quale

81 2307 196 2346 etiam
215 2319 382 2357 cumque
400 2307 493 2344 boni
513 2306 731 2344 consulere.
772 2306 939 2344 Praestet
959 2306 1056 2343 alius
1078 2306 1216 2356 quivis,
1235 2312 1425 2357 quantum
1444 2316 1537 2342 nos:

81 2383 156 2408 nec
175 2369 348 2408 dubitem
364 2371 469 2408 omni
487 2370 772 2408 asseveratione
785 2370 1029 2414 confirmare,
1046 2382 1183 2419 parum
1202 2368 1301 2407 adeo
1317 2368 1411 2414 fore,
1429 2366 1537 2418 quod

82 2434 121 2471 in
139 2433 318 2472 Terentio
338 2433 424 2484 quis
443 2433 663 2472 desiderare
690 2433 845 2471 habeat.
903 2434 1057 2470 Variam
1085 2432 1276 2470 interdum
1296 2445 1344 2470 ex
1364 2438 1538 2469 veterum

85 2504 287 2536 auctorum
307 2497 571 2541 citationibus,
600 2503 639 2536 et
672 2497 918 2548 antiquorum
939 2497 1037 2534 inter
1058 2509 1098 2534 se
1118 2495 1296 2534 codicum
1317 2507 1538 2546 repugnan-

85 2562 153 2609 tia,
181 2561 389 2601 lectionem
408 2561 575 2600 indicavi
594 2575 603 2600 z
634 2562 688 2600 ita
708 2561 878 2607 demum,
898 2549 992 2611 quid
1013 2560 1106 2598 mihi
1127 2560 1315 2606 videatur,
1337 2560 1538 2611 conjectu-

86 2626 138 2664 ris
157 2625 320 2664 subditis
342 2626 568 2672 ostendens,
598 2626 759 2663 liberum
790 2634 834 2663 ut
861 2631 991 2663 tamen
1022 2624 1155 2663 lectori
1177 2623 1367 2675 judicium
1389 2637 1539 2674 semper

87 2689 317 2739 relinquam.
365 2690 454 2733 Qua
472 2690 509 2726 in
531 2703 571 2728 re
586 2688 679 2727 mihi
698 2688 792 2725 nihil
813 2688 886 2725 fuit
906 2689 1049 2739 potius,
1071 2701 1187 2739 quam
1208 2695 1252 2725 ut
1273 2688 1433 2730 Donati,
1455 2689 1539 2724 ubi-

89 2764 253 2803 cumque
268 2751 413 2799 liceret,
429 2752 546 2790 fidem
573 2765 766 2804 sequerer,
787 2752 1005 2802 interpretis
1023 2752 1295 2802 undecumque
1312 2750 1539 2794 doctissimi,

178 2826 291 2867 Delph.
307 2830 338 2858 et
356 2826 428 2858 Var.
445 2827 528 2858 Clas.
768 2827 891 2859 Terent.
1438 2824 1454 2854 Ῑ
