1945 3296
421 229 659 259 DANIELIS
695 229 886 259 HEINSH
925 229 1278 261 DISSERTA'HQ
1518 221 1575 262 87

121 323 314 362 inclusum
334 336 460 374 neque
488 323 684 373 signatum
716 323 829 362 esse.’
886 323 973 360 Vox
995 324 1096 361 enim
1133 328 1394 362 κλεπτίστατος
1424 332 1575 365 tantum

122 390 245 434 abest,
273 394 317 425 ut
338 387 731 437 sermonibconvenire
762 386 900 437 possit,
930 389 1022 424 ὥστε
1052 386 1136 424 οὐδὲ
1164 390 1275 424 αὑτοῦ
1306 391 1371 433 τὴν
1403 388 1575 429 διάλυσιν

120 452 310 499 (dicerent
331 451 492 488 subtiles
514 451 648 488 harum
671 464 794 488 rerum
810 450 983 500 judices)
1004 454 1191 496 πολιτικὴν
1212 450 1323 497 εἶναι,
1345 451 1419 490 hoc
1439 460 1512 499 est,
1533 461 1575 492 ut

119 529 167 554 ne
188 516 343 566 quidem
363 529 457 553 voce
479 515 567 561 alia,
589 529 676 566 quae
698 527 782 552 eam
802 516 1004 564 exprimat,
1023 514 1295 551 consuetudini
1316 522 1383 553 aut
1403 517 1489 554 usui
1511 530 1575 555 ac-

118 579 357 617 commodari
377 579 513 630 possit.
570 580 707 629 Itaque
729 579 937 630 corrumpit
958 591 1104 622 vocem,
1135 578 1250 628 plane
1271 585 1314 615 ut
1332 579 1482 626 faciem,
1509 582 1574 631 qui

117 645 173 682 sie
192 657 344 682 movere
365 644 483 681 risum
502 644 673 694 cogitat:
697 642 828 692 qualia
847 655 965 693 prope
986 642 1134 679 infinita
1154 642 1438 692 Aristophanis.
1498 645 1573 682 Ex-

116 708 244 759 emplo
265 709 344 746 sint
363 707 606 751 diminutiva,
641 720 728 757 quae
759 713 837 744 tam
857 706 1064 756 diligenter
1084 706 1194 743 tertio
1218 706 1513 744 Rhetoricorum
1534 709 1572 745 in

114 772 217 809 illius
239 772 464 823 Babyloniis
486 772 570 809 Rex
593 771 825 808 Criticorum
846 771 1077 808 Aristoteles
1113 770 1288 807 notavit:
1319 770 1571 822 χρυσιδάριον,

113 835 410 887 λοιδορημάτιον,
441 835 685 886 ἱματιὸἀριον,
720 837 777 872 καὶ
811 835 1046 885 νοσημάτων.
1105 834 1221 877 Quod
1254 842 1291 873 et
1323 835 1362 871 in
1394 848 1571 873 sermone

114 900 198 951 ejus
225 900 374 951 passim
395 907 434 938 et
453 900 491 937 in
514 900 693 937 sensibus
729 899 928 945 observes,
961 911 1059 948 quos
1094 911 1171 936 non
1202 911 1288 936 raro
1317 899 1417 936 risus
1451 911 1571 936 causa

112 964 222 1002 effert
242 964 575 1015 corruptissimos;
599 977 703 1014 saepe
724 970 853 1002 tamen
875 976 964 1000 cum
987 961 1117 1000 illudit
1136 962 1231 999 aliis.
1289 962 1418 1006 Quare
1439 975 1569 1008 voces,

111 1027 287 1079 phrases,
320 1041 474 1075 sensus,
505 1029 622 1066 etiam
644 1034 892 1073 structuram,
925 1027 1063 1071 Novae,
1084 1033 1127 1064 ut
1144 1025 1282 1063 imitari
1303 1026 1422 1064 cuivis
1442 1032 1569 1064 tutum

111 1099 184 1138 est,
219 1092 273 1130 ita
292 1091 504 1143 Antiquam
525 1092 556 1129 si
577 1091 664 1142 quis
684 1091 823 1129 imitari
845 1090 949 1137 velit,
984 1090 1151 1127 maximo
1173 1089 1326 1127 delectu
1349 1103 1394 1128 ac
1417 1089 1568 1141 judicio

110 1162 170 1193 est
203 1168 302 1207 opus
321 1169 330 1193 :
361 1155 467 1206 quod
501 1155 533 1193 si
564 1155 786 1206 quisquam,
823 1160 926 1191 recte
958 1153 1186 1191 Aristoteles
1221 1154 1381 1191 notavit.
1438 1154 1569 1204 Atque

110 1219 195 1257 haec
214 1232 347 1266 causa,
368 1233 449 1267 cur,
479 1225 523 1257 ut
542 1219 664 1256 multo
685 1219 889 1270 perfectior
909 1217 1130 1268 utiliorque,
1167 1217 1222 1255 ita
1241 1217 1369 1255 minus
1390 1217 1566 1261 ridicula,

111 1283 161 1322 sit
182 1284 306 1330 Nova,
330 1283 367 1321 in
389 1296 467 1335 qua
487 1296 636 1331 omnes,
668 1290 711 1320 ut
732 1284 813 1334 jam
835 1283 1029 1327 absoluta,
1051 1282 1319 1332 aequiescunt.
1377 1281 1476 1318 Cum
1498 1294 1567 1319 an·

108 1347 205 1397 tiqui
225 1347 389 1394 Comici,
423 1347 469 1385 iis
499 1348 640 1398 pariter
660 1361 747 1398 quae
769 1346 917 1392 dicunt,
940 1353 979 1383 et
998 1344 1154 1383 dicendi
1176 1345 1338 1391 ratione,
1368 1345 1566 1383 urbanita-

108 1418 199 1458 tem,
219 1411 311 1462 quia
330 1410 425 1448 nibil
447 1411 553 1449 aliud
576 1417 803 1462 spectarunt
818 1424 935 1461 quam
952 1409 1170 1455 ridiculum,
1190 1409 1383 1460 plerisque
1399 1409 1437 1446 in
1455 1409 1564 1455 locis,

106 1475 372 1527 imprudenter
392 1475 610 1513 excedant:
641 1474 807 1524 ideoque
829 1481 868 1512 et
888 1474 1022 1511 vitium
1043 1473 1286 1524 plerumque,
1314 1473 1419 1524 quod
1438 1473 1564 1524 βωμο-

105 1543 245 1591 λοχίαν
276 1539 373 1577 dixit
402 1539 645 1585 Aristoteles,
678 1538 888 1576 incurrant.
947 1537 1023 1581 Qui
1056 1537 1110 1574 vir
1140 1550 1306 1587 magnus
1338 1536 1563 1575 Ethicorum

105 1610 257 1653 quarto,
277 1603 343 1641 ubi
363 1603 411 1642 de
431 1604 649 1641 urbanitate
669 1603 762 1653 agit,
797 1615 885 1653 quae
916 1602 952 1639 in
989 1600 1120 1651 primis
1141 1600 1269 1638 locum
1290 1599 1329 1637 in
1350 1599 1409 1638 his
1430 1600 1561 1646 habet,

103 1665 263 1705 eosdem
283 1673 323 1705 et
342 1668 511 1704 urbanos
533 1673 570 1704 et
589 1667 776 1703 honestos
800 1665 927 1703 vocari
949 1665 1022 1703 ait:
1045 1666 1291 1714 εὐτραπέλους
1311 1664 1427 1710 enim,
1449 1665 1561 1715 quasi

103 1732 307 1780 ebrpdvrovs,
337 1730 428 1770 dici.
486 1731 596 1768 Sicut
616 1738 744 1768 autem
766 1730 814 1768 de
835 1729 1062 1780 corporibus
1084 1743 1131 1767 ex
1151 1735 1272 1774 motu,
1304 1728 1358 1766 ita
1378 1741 1425 1766 ex
1446 1729 1561 1766 urba-

102 1794 223 1833 nitate
249 1795 417 1846 judicari
450 1794 499 1832 de
535 1795 689 1832 animo:
721 1800 850 1831 utrum
870 1806 1009 1843 nempe
1029 1793 1219 1830 honestus
1248 1792 1311 1838 sit,
1343 1805 1392 1829 an
1423 1793 1559 1843 turpis.

103 1860 180 1904 Qui
214 1859 263 1897 de
295 1859 519 1911 corporibus
552 1859 676 1905 locus,
708 1872 797 1896 cum
831 1859 1022 1895 obscurus
1054 1857 1166 1894 nobis
1190 1856 1398 1902 videretur,
1433 1869 1559 1906 neque

100 1925 308 1975 quicquam
338 1922 376 1960 in
411 1924 627 1962 recentibus
662 1923 930 1974 scriptoribus,
964 1923 1031 1972 qui
1066 1920 1307 1971 interpretati
1337 1933 1424 1958 eum
1453 1927 1557 1966 sunt,

99 1987 269 2038 praesidii
289 1987 339 2025 ad
359 2001 516 2026 manum
536 1994 655 2035 esset,
689 1988 739 2024 ad
761 1986 1027 2024 Andronicum
1048 1984 1260 2030 Rhodium,
1295 1983 1405 2034 cujus
1438 1983 1557 2021 Para-

98 2051 256 2103 phrasin
276 2051 314 2089 in
335 2051 423 2090 illos
443 2052 562 2090 libros
584 2052 698 2103 plane
720 2051 1003 2096 admirandam,
1031 2048 1141 2100 primi
1163 2054 1201 2085 et
1220 2047 1427 2093 edidimus,
1457 2056 1497 2085 et
1516 2048 1554 2084 in

99 2116 277 2154 Latinum
297 2117 557 2155 convertimus
579 2130 810 2161 sermonem,
836 2122 880 2153 ut
901 2127 1004 2166 saepe
1026 2114 1136 2160 alias,
1157 2111 1420 2162 confugimus.
1479 2111 1553 2155 Qui

97 2179 172 2217 hoe
191 2179 333 2217 modo:
361 2179 410 2217 ‘H
429 2179 469 2217 δὲ
492 2182 663 2231 μεσότης,
697 2182 935 2230 εὺτραπελία,
970 2180 1027 2216 καὶ
1061 2178 1094 2214 οἷ
1126 2179 1289 2230 ἔχοντες,
1321 2177 1553 2226 εὐτράπελοι,

96 2240 180 2281 οἷον
197 2243 376 2294 εὔτροποι·
406 2246 467 2281 καὶ
486 2247 560 2292 γάρ
579 2252 642 2282 τοῦ
676 2247 780 2290 ἤθους
811 2243 959 2281 δοκοῦσι
991 2247 1157 2280 τοιαῦται
1190 2242 1360 2285 κινήσεις,
1394 2238 1490 2278 οὗτοι
1510 2239 1552 2277 δέ

97 2309 193 2345 εἰσιν
213 2308 247 2345 οἶ
264 2309 464 2348 παίὲοντες
482 2309 661 2358 ἐμμελῶς,
683 2310 740 2344 καὶ
762 2312 805 2345 ὡς
825 2307 893 2353 δεῖ,
914 2309 972 2345 καὶ
993 2307 1066 2345 ὅτε.
1098 2309 1219 2357 ὥσπερ
1241 2307 1314 2354 ’γάρ
1334 2304 1373 2340 αἱ
1393 2306 1552 2348 κινήσεις

94 2375 141 2409 τά
175 2373 329 2422 σώματα
358 2372 708 2423 χαρακτηρίέουσιν·
741 2369 819 2408 οἷον
849 2380 919 2421 πῦρ
952 2372 1022 2420 μὲν
1050 2372 1072 2415 ἡ
1105 2372 1156 2407 εἷς
1174 2370 1213 2407 τὸ
1233 2369 1311 2406 ἄνω
1331 2372 1472 2413 κίνησις
1492 2372 1554 2406 καὶ

93 2440 169 2473 πᾶν
189 2440 331 2486 κοῦφον·
361 2434 459 2483 βαρὺ
474 2434 514 2473 δὲ
533 2438 554 2480 ἡ
573 2439 624 2473 εἷς
642 2436 681 2473 τὸ
700 2440 831 2486 μέσον,
862 2438 919 2473 καὶ
941 2437 999 2472 ἐπὶ
1020 2442 1090 2472 τῶν
1117 2435 1250 2471 ἄλλων
1284 2434 1427 2482 ὁμοίως·
1457 2431 1548 2469 οὕτω

95 2502 153 2537 καὶ
174 2499 247 2537 ἀπὸ
267 2506 340 2537 τῶν
359 2500 424 2544 ἕξω
447 2502 505 2536 καὶ
525 2503 760 2550 φαινομένων
779 2504 842 2537 τοῦ
862 2502 1054 2546 ἀνθρώπου
1074 2503 1265 2543 κινήσεων,
1299 2496 1338 2533 αἶ
1369 2497 1457 2541 ἕξεις
1487 2505 1549 2541 τῆς

94 2565 212 2614 ψυχῆς
229 2566 424 2614 φαίνονται
444 2565 503 2600 καὶ
525 2567 571 2600 πῖ
592 2566 670 2610 ἤθη.
729 2564 845 2606 Quod
878 2570 937 2600 est
969 2577 1016 2600 ex
1045 2560 1359 2613 interpretatione
1380 2567 1513 2598 nostra
1531 2574 1541 2598 :

93 2632 102 2648 ‘'
124 2626 299 2664 Medium
318 2639 423 2672 vcro,
443 2629 681 2676 εὐτραπελία,
702 2627 741 2664 id
764 2633 837 2674 est,
872 2627 1086 2672 urbanitas,
1121 2625 1266 2676 quique
1294 2624 1333 2661 in
1353 2636 1400 2661 eo
1420 2625 1545 2661 excel-

91 2691 189 2736 lunt,
224 2691 455 2740 εὐτράπελοι,
490 2692 601 2741 quasi
633 2691 812 2742 εὔτροποι,
842 2691 917 2729 hoc
938 2698 1010 2737 est,
1046 2692 1144 2728 bene
1164 2688 1314 2735 morati,
1349 2686 1542 2725 dicuntur„

92 2753 245 2791 Etenim
265 2755 509 2805 potissimum
530 2768 551 2794 a
574 2756 740 2795 moribus
764 2755 940 2795 videntur
961 2768 1045 2793 esse
1065 2754 1102 2792 hi
1133 2759 1271 2791 motus.
1332 2751 1382 2788 Hi
1413 2757 1540 2789 autem
