1903 3306
333 216 415 257 140
714 227 891 258 sumus
927 225 1096 258 CAESAR
1129 227 1374 257 soAmcER

333 321 516 371 scriptum
537 327 597 358 est
627 321 725 359 inter
745 321 1032 360 adolescentem
1052 327 1091 358 et
1102 319 1245 366 lenam,
1267 321 1426 359 senariis
1448 320 1649 371 expletur:
1678 333 1773 372 quo-

331 385 432 421 niam
462 385 510 422 sit
529 385 696 422 narratio
735 385 939 436 quaedam:
969 397 1192 435 quanquam
1228 397 1276 422 ne
1313 385 1376 423 hie
1414 385 1570 436 quidem
1609 397 1772 435 semper.

333 448 433 486 Nam
454 448 580 499 longis
609 449 782 486 versibus
812 455 942 486 narrat
970 449 1008 484 in
1030 447 1211 485 Rudente
1233 448 1419 499 Grippus,
1439 448 1588 487 eventis
1608 448 1773 486 fortunae

332 524 417 549 sese
438 513 536 549 bene
568 520 782 563 acceptum.
821 512 874 549 At
893 511 930 548 in
960 510 1097 549 eadem
1126 524 1243 549 senex
1276 513 1465 550 somnium
1493 511 1685 550 trimetris.
1715 512 1775 549 Ex

329 575 502 626 utrisque
523 589 625 622 vero,
655 582 770 626 atque
785 575 900 612 etiam
917 574 1000 611 aliis
1022 573 1145 611 mistis
1165 574 1278 612 Sosia
1296 575 1611 626 Amphitryonis:
1652 587 1776 625 quan-

332 652 461 689 quam,
485 639 546 677 ubi
567 639 616 677 ad
641 652 778 677 manus
800 644 955 675 ventum
975 644 1047 683 est,
1069 637 1281 675 iamborum
1301 639 1376 676 vim
1398 647 1514 690 atque
1535 638 1773 676 alacritatem

332 702 534 740 minutiore
555 716 648 755 gyro
669 702 790 741 flectit
810 714 856 740 ac
875 702 1011 739 vibrat.
1055 701 1154 738 Cum
1174 701 1290 751 igitur
1309 709 1385 738 tam
1416 702 1701 739 inconstantem
1724 701 1777 739 le·

333 778 420 815 gem
436 765 650 812 videamus,
666 772 709 804 ut
727 765 802 803 illis
814 765 938 816 poetis
959 777 1084 815 neque
1103 775 1206 801 curae
1227 764 1354 810 fuerit,
1371 764 1425 801 uti
1445 764 1631 811 facerent,
1649 777 1775 815 neque

332 829 440 867 salvo
478 830 561 880 puri
601 830 787 867 sermonis
819 828 942 865 nitore
975 827 1125 865 efficere
1155 833 1329 877 potuere,
1360 826 1415 864 uti
1448 827 1615 865 numeris
1645 833 1778 865 essent

332 893 634 936 astrictioribus3
666 906 737 930 nos
771 893 825 930 sic
847 892 1017 937 inventa,
1044 899 1111 928 aut
1129 891 1458 941 quemadmodum
1479 891 1662 937 existunt,
1690 886 1776 941 per-

331 956 542 1004 mittamus,
562 965 629 995 aut
649 957 680 995 si
700 956 793 1008 quid
815 956 957 994 sinistri
979 968 1065 993 sese
1080 954 1230 1001 offerat,
1243 968 1291 993 ne
1304 955 1440 992 odiose
1453 962 1774 1005 extorqueamus:

331 1022 543 1071 praesertim
565 1035 652 1060 curn
678 1021 845 1060 licentiae
864 1021 997 1058 vitium
1018 1033 1104 1057 cum
1128 1019 1292 1065 Graecis,
1316 1018 1420 1056 unde
1440 1019 1683 1062 sumsissent,
1703 1018 1775 1055 sibi

332 1098 551 1133 commune,
581 1086 750 1132 licentia,
773 1086 829 1123 uti
849 1084 960 1130 solet,
982 1096 1136 1122 auxere.
1194 1083 1296 1121 Illud
1317 1096 1419 1129 vero,
1440 1081 1546 1134 quod
1567 1080 1685 1132 aliqui
1705 1080 1778 1118 du-

330 1149 505 1196 bitando,
525 1151 683 1201 quidam
703 1151 818 1188 etiam
839 1149 1099 1188 asseverando
1114 1149 1321 1199 negabant,
1338 1146 1508 1185 Fabulas
1524 1145 1776 1184 Terentianas

331 1213 510 1250 trimetris
544 1214 871 1265 circumscriptas,
907 1212 1046 1250 falsum
1080 1225 1167 1249 esse
1197 1210 1534 1262 deprehendimus.
1606 1209 1707 1247 Nam
1739 1217 1778 1247 et

332 1275 433 1326 apud
455 1290 541 1314 eum
564 1279 716 1328 poetam
751 1278 839 1329 plus
871 1290 957 1315 esse
987 1276 1103 1327 hujus
1123 1276 1302 1313 carminis
1329 1274 1526 1313 invenies:
1561 1280 1601 1312 et
1629 1280 1778 1320 contra,

332 1339 436 1390 apud
458 1340 639 1378 Plautum
660 1341 888 1392 quadratos,
908 1340 1060 1391 aliaque
1080 1339 1296 1390 longiorum
1316 1351 1471 1388 genera.
1500 1337 1648 1376 Andria
1666 1349 1778 1388 paene

332 1416 379 1440 ex
400 1416 513 1454 aequo
533 1403 657 1442 divisa
675 1405 713 1442 in
734 1412 938 1454 utrumque
958 1417 1082 1455 genus
1100 1410 1175 1441 est.
1233 1402 1350 1440 Haud
1383 1402 1484 1439 enim
1513 1402 1569 1440 ita
1588 1401 1710 1439 multo
1729 1401 1778 1439 ab

330 1467 458 1518 longis
480 1469 717 1507 senariorum
737 1481 919 1507 numerus
941 1474 1158 1518 superatur.
1215 1467 1259 1504 ln
1293 1466 1496 1512 Eunucho,
1516 1473 1555 1504 et
1575 1465 1777 1503 Heauton-

331 1532 600 1579 timorumeno,
621 1533 725 1571 item.
783 1534 835 1571 At
867 1533 907 1570 in
938 1532 1128 1582 Adelphis
1156 1544 1269 1582 paene
1301 1543 1346 1568 ex
1367 1529 1582 1580 quadrante
1601 1529 1708 1579 longi
1729 1529 1777 1566 ab

332 1596 494 1633 senariis
527 1596 782 1634 exceduntur.
857 1595 1132 1634 Phormionem
1166 1595 1295 1646 potior
1327 1593 1564 1631 senariorum
1597 1605 1778 1630 numerus

330 1659 499 1698 conficit.
557 1660 712 1711 Hecyra
726 1661 848 1699 laxior
868 1659 1013 1705 fabula,
1031 1672 1076 1697 ac
1096 1658 1310 1709 pedestrior
1329 1664 1389 1695 est
1407 1669 1416 1694 :
1445 1656 1588 1707 itaque,
1609 1655 1778 1694 omnium

330 1723 660 1770 Terentianarum,
681 1725 731 1762 ad
752 1737 966 1763 sermonem
988 1723 1256 1776 quotidianum
1277 1734 1393 1772 quam
1413 1719 1584 1771 proxime
1605 1719 1776 1758 accedit:

331 1794 392 1825 est
410 1794 538 1826 tamen
559 1789 595 1825 in
618 1802 664 1826 ea
684 1789 921 1827 senariorum
940 1788 1028 1836 plus
1049 1786 1162 1824 tertia
1181 1793 1304 1836 parte.
1358 1785 1411 1821 At
1428 1790 1578 1829 contra,
1597 1782 1779 1821 Plautina

332 1851 574 1903 AmphitryO,
593 1861 630 1890 et
650 1852 827 1898 Rudens,
849 1853 912 1889 vix
932 1859 1036 1889 totus
1054 1850 1252 1902 quadrans
1273 1848 1448 1899 expletur
1467 1846 1643 1885 senariis.
1689 1846 1778 1885 Asi-

332 1915 453 1961 naria,
486 1915 683 1966 Epidicus,
715 1929 831 1967 quam
850 1923 1051 1966 tantopere
1070 1916 1152 1965 ipse
1173 1920 1307 1951 auctor
1338 1911 1487 1957 laudat,
1521 1909 1779 1958 Mostellaria,

333 1979 581 2025 Menaechmi,
613 1980 743 2026 Miles,
775 1981 981 2025 Mercator,
1010 1977 1246 2023 Pseudulus,
1266 1974 1477 2020 Aulularia,
1497 1972 1655 2020 Casina,
1677 1973 1779 2012 Gur-

332 2043 451 2092 gulio,
473 2042 704 2089 Bacchides,
725 2051 791 2081 aut
810 2056 856 2081 ex
877 2044 1051 2093 utrisque
1070 2054 1181 2092 aeque
1201 2045 1396 2085 constant,
1431 2046 1497 2075 aut
1517 2037 1631 2074 etiam
1651 2037 1777 2075 minus

331 2107 478 2144 habent
499 2108 749 2146 senariorum.
806 2107 959 2158 Captivi
979 2119 1081 2152 vero,
1113 2113 1151 2143 et
1182 2104 1316 2149 Persa,
1345 2109 1384 2140 et
1404 2100 1591 2139 Poenulus
1610 2100 1699 2151 plus
1719 2099 1778 2138 di-

332 2170 449 2208 midio
483 2178 600 2208 textae
636 2178 727 2208 sunt
757 2170 898 2221 longis.
964 2169 1209 2207 Trinummus
1244 2166 1444 2217 legebatur
1475 2164 1664 2201 hactenus
1696 2170 1780 2202 tota

332 2234 547 2285 quadratis,
582 2242 649 2272 aut
678 2247 754 2272 non
790 2234 911 2271 multo
941 2231 1192 2270 brevioribus.
1250 2230 1345 2266 Eam
1377 2239 1448 2264 nos
1468 2226 1523 2263 ita
1540 2226 1778 2264 restituimus

333 2299 506 2350 pristinae
528 2298 752 2343 sinceritati,
773 2305 816 2335 ut
830 2297 878 2334 ad
900 2297 1133 2347 quingentos
1153 2293 1322 2332 senarios
1344 2289 1641 2329 excusserimus.
1671 2289 1779 2334 Quo-

333 2376 415 2400 rum
438 2371 565 2400 tamen
587 2374 746 2399 numero
776 2368 966 2414 praestant
999 2359 1105 2409 longi
1132 2369 1266 2395 versus
1288 2354 1420 2405 duplo.
1476 2352 1603 2396 Quam
1619 2365 1778 2404 operam

334 2427 449 2464 etiam
475 2439 562 2464 cum
594 2425 830 2463 Truculento
863 2422 1200 2474 impendissemus,
1228 2419 1345 2471 paulo
1374 2417 1501 2454 minus
1521 2415 1700 2454 ducentis
1720 2429 1779 2454 re-

333 2490 523 2535 formatis,
538 2497 684 2526 tantam
703 2488 921 2538 longiorum
941 2485 1159 2522 invenimus
1174 2480 1470 2523 multitudinem,
1486 2478 1548 2515 vix
1563 2485 1607 2516 ut
1625 2477 1777 2518 illorum

334 2554 373 2591 hi
393 2559 525 2591 essent
543 2565 632 2604 pars
653 2551 800 2602 quinta.
857 2551 986 2599 Atque
1019 2550 1050 2586 is
1081 2548 1188 2584 labor
1207 2558 1284 2582 non
1303 2550 1444 2581 temere
1465 2548 1670 2592 susceptus
1691 2549 1776 2581 est:

335 2631 422 2655 cum
438 2625 514 2654 tam
533 2615 645 2654 facile
665 2613 908 2652 mendacium
930 2611 1159 2656 Quintiliani
1181 2608 1409 2647 auctoritate
1430 2611 1637 2655 tegeretur.
1677 2605 1777 2643 Nam

335 2681 398 2719 isti
419 2680 548 2729 magni
567 2679 649 2725 viri,
671 2678 760 2716 dum
782 2677 874 2714 nihil
896 2677 1141 2714 inexcussum
1164 2673 1310 2716 volunt,
1341 2677 1379 2707 et
1398 2667 1602 2706 fastidiunt
1618 2667 1776 2713 leviora,

336 2744 422 2795 plus
450 2744 623 2796 profecto
645 2742 805 2779 nominis
825 2747 1029 2792 usurpant,
1060 2751 1175 2789 quam
1209 2741 1355 2787 ponant
1384 2744 1523 2783 operae.
1580 2731 1776 2775 Quemad-
