1903 3306
631 213 832 244 ANnnrAE
865 213 1066 244 Ac'r.111.
1099 215 1166 243 sc.
1191 216 1221 244 1.
1537 205 1621 246 327

173 305 345 349 Adeon’
367 311 435 349 est
455 308 661 348 demens?
694 321 752 348 ex
775 308 1029 361 peregrina?
1055 308 1148 362 jam
1174 309 1284 358 scio,
1308 309 1386 349 ah!

168 375 269 418 ‘Vix
290 376 465 417 tandem
486 376 607 416 sensi
627 375 829 429 stolidtls.
892 375 981 416 DA.
1015 374 1132 425 Quid
1156 376 1226 417 hic
1249 377 1442 417 sensisse
1464 375 1525 415 ait
1544 376 1562 414 'l

174 443 241 483 S1.
272 444 388 485 Haec
408 444 595 496 primum
617 443 793 484 affertur
806 444 900 497 jam
922 443 1026 484 mihi
1048 445 1104 484 ab
1124 445 1206 485 hoc
1226 444 1429 495 fallacia3

174 509 307 551 Hanc
328 510 540 551 simulant
557 523 723 563 parere,
746 525 831 565 quo
853 511 1126 552 Chremetem
1149 513 1433 552 absterreant.

172 575 263 616 GL.
293 576 321 617 J
325 588 410 616 uno
430 575 616 625 Lucina,
636 576 699 616 fer
717 578 867 629 opem!
900 590 1026 618 serva
1045 591 1130 627 me,
1151 579 1360 619 obsecro!
1564 577 1621 618 15

172 643 238 683 Si.
271 643 380 693 Hui,
400 648 490 684 tam
513 644 636 684 cito?
663 643 922 685 ridiculum:
940 649 1173 698 postquam
1196 650 1296 686 ante
1318 645 1482 686 ostium

170 708 250 750 Me
274 710 445 751 audivit
464 714 596 759 stare,
620 715 913 764 approperat:
935 724 1018 751 non
1038 714 1107 751 sat
1128 710 1355 752 commode

170 776 331 818 Divisa
352 780 453 818 sunt
471 778 747 831 temporibus
768 779 864 828 tibi,
889 779 1030 829 Dave,
1050 779 1157 821 haec.
1218 779 1311 820 DA.
1344 779 1529 820 Mihin’?

168 844 236 886 Si.
267 845 390 886 Num
423 846 701 887 immemores
735 847 974 900 discipuli?
1012 898 1015 902 ,
1048 848 1137 889 Da.
1171 847 1281 901 Ego,
1313 847 1418 902 quid
1449 860 1616 897 narres,

338 925 502 954 nescio.

165 1019 267 1058 philus
281 1019 400 1051 insanit
421 1029 462 1051 ex
480 1030 583 1052 amore
606 1020 695 1059 huius
717 1021 917 1061 peregrim?
941 1025 1016 1055 Jam
1041 1026 1163 1056 tandem
1190 1027 1261 1058 novi
1286 1036 1350 1058 rem
1377 1037 1508 1059 omnem.
1552 1028 1618 1064 Ah,

165 1061 222 1091 vix
235 1064 357 1093 tandem
373 1063 514 1094 intellexi
529 1064 644 1094 stultus
659 1074 716 1104 ego
730 1065 988 1103 haucfullaciom.
1034 1068 1101 1099 DA.
1129 1069 1214 1104 Quid
1229 1070 1280 1100 liic
1293 1080 1324 1101 se
1340 1070 1529 1103 intellexisse
1544 1071 1589 1102 ait
1601 1069 1617 1102 ἱ)

165 1104 218 1135 St.
242 1104 323 1136 Haec
337 1106 468 1145 primum
487 1105 557 1143 J'am
583 1107 660 1138 mihi
682 1108 858 1138 intenditur
879 1119 897 1139 ιι
922 1110 1010 1140 Dat-0
1027 1110 1171 1148 fallacia.
1218 1113 1312 1144 Hanc
1335 1114 1483 1145 simulant
1497 1124 1622 1154 parere,

165 1149 201 1176 ut
223 1147 399 1179 deterreant
417 1148 610 1179 Chremetem
626 1161 644 1180 a
658 1150 775 1190 nuptiis
791 1151 958 1188 faciendis.
1006 1153 1069 1184 GL.
1092 1155 1175 1185 Juno
1190 1155 1325 1196 Lucina,
1342 1157 1399 1195 ser
1419 1166 1515 1196 opem,
1530 1167 1618 1189 serva

164 1198 223 1226 me,
245 1189 376 1222 obsecro.
421 1192 471 1222 St.
497 1191 579 1230 Hui,
602 1197 667 1223 tam
693 1193 754 1223 cito
781 1194 959 1235 Glycerium
982 1198 1092 1235 parit?
1117 1197 1196 1228 Risu
1212 1200 1385 1238 dignares.
1435 1200 1616 1240 Utprimnm

164 1232 219 1261 illa
233 1242 281 1263 me
294 1233 417 1264 audivit
433 1237 505 1264 anle
527 1235 638 1265 ostium
661 1238 756 1275 sture,
773 1236 912 1272 festinat
936 1240 1106 1277 parturire.
1151 1240 1244 1280 Hoec,
1264 1242 1365 1281 Date,
1381 1253 1439 1273 non
1455 1243 1532 1274 satis
1546 1247 1618 1283 apte

163 1273 223 1304 tibi
245 1284 302 1314 per
325 1279 460 1314 tempora
475 1277 623 1316 disposita
638 1281 722 1310 sunt.
769 1279 840 1309 DA.
865 1280 988 1311 Mihwiue
1012 1281 1068 1312 hoc
1090 1281 1194 1315 dicis?
1237 1284 1287 1316 St.
1312 1285 1400 1315 Num
1421 1286 1467 1316 ita
1492 1285 1615 1317 oblivis-

161 1317 254 1358 ceris,
265 1321 296 1349 et
310 1319 444 1358 negligis
460 1319 658 1360 Pamphilum
669 1321 854 1362 discipulum
869 1325 966 1363 tunm,
981 1327 1014 1354 ut
1029 1334 1096 1356 eum
1110 1329 1176 1357 tam
1190 1328 1269 1358 male
1283 1328 1388 1359 doceas
1398 1326 1415 1360 ,⁹
1460 1329 1528 1360 DA.
1545 1329 1615 1369 Ego

773 1415 1012 1429 mme-

163 1465 266 1497 Both.
280 1467 336 1508 qui
352 1466 412 1498 dat
427 1476 465 1498 ne
489 1467 522 1498 in
539 1476 623 1497 mora
637 1468 708 1499 sies.
755 1469 810 1501 Illi
831 1470 925 1502 delet
941 1476 976 1502 et
994 1472 1138 1505 Br.-—ll
1167 1474 1503 1518 Hugeniusjunctim
1521 1480 1613 1512 vide-

163 1513 220 1539 tm·
234 1509 356 1550 legisse
371 1520 379 1540 :
403 1509 522 1540 Adeon’
539 1513 584 1540 est
599 1511 722 1541 demens
735 1521 774 1542 ex
785 1513 979 1552 peregrina?
1025 1516 1092 1547 Sed
1119 1523 1154 1548 et
1170 1519 1219 1551 ita
1234 1519 1343 1551 edidit
1361 1521 1459 1552 Lind.
1480 1522 1611 1564 Perpe-

162 1559 245 1589 ram,
258 1553 392 1592 opinor,
407 1552 466 1582 sed
484 1556 519 1583 et
534 1558 655 1584 contra
670 1554 795 1586 Donati
813 1561 972 1588 mentem.
1018 1560 1080 1590 Alz.
1097 1560 1257 1594 Dolentis
1282 1568 1316 1594 et
1332 1565 1535 1604 suspirantis
1559 1572 1612 1599 est

160 1594 341 1634 particula,
359 1595 467 1636 qualis
483 1596 515 1627 h.
531 1595 554 1626 l.
570 1595 679 1626 minus
695 1599 856 1630 convenit
872 1600 906 1630 in
922 1601 1101 1634 Simonem.
1145 1605 1278 1645 Malim,
1294 1606 1364 1638 vah.
1380 1608 1487 1639 West.
1533 1610 1611 1641 Non

159 1636 475 1677 interrogationem,
494 1638 552 1669 sed
577 1639 759 1670 maximum
787 1647 953 1682 punctum
979 1643 1039 1675 dat
1062 1646 1121 1676 ΒΓ.
1152 1654 1230 1687 post
1258 1649 1513 1690 ‘pereg1·.'—12
1540 1653 1611 1684 Pro

157 1680 296 1719 sensisse,
326 1681 360 1711 in
388 1680 590 1721 quibusdam
606 1682 717 1713 Libris
733 1689 799 1723 est,
821 1686 950 1716 sensisse
976 1696 1030 1723 se‚·
1053 1688 1087 1719 in
1103 1690 1191 1730 aliis,
1207 1701 1240 1723 se
1258 1693 1398 1725 sensisse.
1424 1694 1529 1726 West.
1555 1697 1611 1736 qui

157 1727 256 1753 notat
271 1723 302 1753 in
317 1722 516 1754 Addendis:
535 1725 543 1740 ‘
559 1724 603 1756 G.
621 1725 700 1756 EM.
714 1726 781 1758 ET.
799 1728 939 1760 sens.se.’
962 1729 1017 1761 Sic
1033 1731 1179 1764 Br.—l5
1193 1734 1232 1765 In
1249 1735 1290 1766 R.
1305 1741 1391 1768 utet
1405 1737 1439 1768 in
1455 1738 1527 1769 aliis
1544 1739 1610 1771 Ms.

159 1764 208 1795 sic
224 1770 322 1797 erat:
347 1767 451 1804 Intus,
464 1767 548 1797 Juno
562 1766 600 1799 L.
644 1768 711 1799 Sed
738 1769 776 1799 τὸ
799 1770 889 1801 Intus
911 1772 988 1803 ideo
1018 1773 1059 1804 ab
1085 1778 1299 1818 exscriptore
1321 1779 1472 1811 additum
1494 1786 1611 1820 est,ut

158 1807 384 1848 intelligamus
397 1809 467 1840 haec
485 1814 559 1850 post
577 1820 710 1842 scenam
724 1811 821 1844 fieri:
847 1819 886 1845 ut
902 1815 935 1845 in
954 1815 1101 1857 Adelph.
1120 1818 1270 1853 Act.111.
1296 1831 1388 1854 scen.
1406 1826 1437 1854 4.
1484 1825 1494 1841 ‘
1509 1825 1610 1855 Mise-

156 1858 229 1881 ram
248 1861 314 1890 ine,
331 1850 469 1883 differor
487 1852 686 1885 doloribus.'
718 1855 807 1886 Nam
831 1861 867 1887 et
886 1858 938 1888 hic
952 1868 1085 1900 quoque
1102 1868 1170 1894 vet.
1188 1864 1263 1895 cod.
1278 1864 1373 1896 addit
1388 1867 1485 1898 intus.
1510 1867 1608 1898 Lind.

156 1892 306 1925 Accedit
320 1895 589 1934 Westerhovius‚
607 1897 664 1937 qui
680 1903 795 1929 monet
820 1899 912 1931 Intus
941 1901 1101 1934 exhibere
1120 1905 1184 1936 Ed.
1211 1916 1265 1938 an.
1285 1910 1380 1939 1469.
1424 1910 1481 1940 Sic
1499 1916 1534 1941 et
1549 1911 1610 1943 ΒΓ.

157 1935 273 1975 habet,
286 1937 505 1977 sedjunctum
517 1948 592 1969 cum
610 1940 619 1955 ‘
634 1939 944 1979 Glycerium.’—17
971 1945 1145 1978 Commodis
1160 1948 1221 1980 dat
1237 1950 1428 1982 Boiu—19
1442 1952 1520 1984 Jam
1539 1954 1609 1984 Do-

153 1979 225 2010 nati
251 1984 355 2010 aetate
385 1981 512 2011 lectum
543 1981 660 2020 etiam,
689 1983 775 2014 Num
797 1986 955 2017 immemor
984 1997 1014 2017 es
1035 1989 1201 2030 discipuli?
1225 1994 1393 2033 quomodo
1421 2000 1472 2026 est
1498 1997 1532 2027 in
1557 1997 1606 2029 M.

155 2021 208 2061 [et
231 2021 333 2062 GM]
363 2027 398 2053 et
422 2023 551 2054 duobus
576 2024 695 2056 Leidd.
724 2026 807 2057 edit.
831 2030 925 2060 1469.
957 2031 1112 2072 aliisque,
1138 2033 1191 2073 [et
1221 2036 1275 2076 Z.]
1322 2037 1475 2069 Praestat
1505 2039 1608 2071 lectio

154 2065 276 2103 altera,
307 2074 407 2105 quam
436 2066 656 2099 exhibuimus.
703 2067 789 2100 Sunt
820 2075 931 2102 autem
955 2073 1040 2104 Mss.
1072 2081 1176 2116 atque
1206 2078 1239 2108 in
1270 2080 1336 2110 iliis
1354 2081 1413 2111 Tr.
1438 2082 1495 2112 ubi
1520 2083 1607 2114 citra

152 2106 456 2144 interrogationem
484 2109 619 2148 legitur,
666 2110 740 2141 Non
754 2112 912 2143 immemor
941 2125 972 2146 es
996 2117 1161 2157 discipuli.-
1193 2123 1360 2161 quomodo
1389 2128 1425 2154 et
1450 2125 1607 2164 quaedam

152 2149 231 2181 edd.
255 2154 402 2181 vetustae
419 2157 674 2191 expresserunt,
697 2153 730 2183 in
761 2156 882 2195 quibus
909 2163 961 2188 est
989 2158 1088 2191 Junt.
1133 2162 1198 2193 Sed
1214 2168 1250 2194 et
1277 2165 1362 2205 Eug.
1386 2167 1436 2198 ita
1456 2167 1606 2208 legebat.

157 2192 260 2224 West.
306 2193 399 2233 Lego
427 2203 502 2224 cum
531 2194 670 2226 Donato
693 2196 894 2229 immemores.
940 2200 1060 2233 Altera
1075 2203 1191 2244 lectio,
1207 2217 1306 2247 quam
1324 2210 1435 2247 posuit
1452 2210 1609 2242 Donatus

152 2239 189 2265 et
215 2236 384 2277 expressit
400 2237 458 2268 Fa.
474 2238 633 2268 immemor
647 2247 679 2269 es
701 2239 856 2280 discipuli,
883 2251 928 2274 sc.
954 2243 1138 2286 Pamphili,
1161 2249 1262 2288 plane
1278 2250 1396 2291 inepta
1422 2258 1486 2284 est.
1510 2254 1606 2286 Bent.

152 2277 350 2310 Immemores
378 2279 487 2310 edidit
517 2280 668 2321 Sandby.
707 2281 810 2314 Zeuu.
857 2285 940 2315 Num
962 2286 1120 2319 immemor·
1155 2300 1185 2321 es
1218 2293 1371 2333 discipuli.
1417 2296 1531 2327 Primo
1556 2298 1605 2328 sic

151 2319 185 2350 in
214 2321 281 2351 Ms.
305 2322 369 2362 [sc.
400 2322 476 2363 Bm]
499 2322 703 2363 legebatur:
738 2326 797 2356 sed
828 2332 996 2360 mutatum
1028 2337 1081 2362 est
1113 2333 1198 2364 Num
1227 2335 1259 2365 in
1292 2337 1376 2376 Non,
1399 2339 1531 2378 signum
1558 2340 1606 2371 in·

151 2368 234 2394 terr.
257 2364 419 2401 deletum,
437 2370 472 2395 et
502 2366 594 2406 prior
618 2367 720 2398 lectio
747 2372 905 2409 tanquam
935 2372 978 2402 V.
1007 2373 1046 2404 L.
1073 2378 1312 2419 superscripta.
1335 2380 1455 2412 Bruus.
1480 2382 1606 2424 Vulgo,

151 2405 233 2446 Ego,
250 2407 326 2446 quid
350 2417 469 2444 narres,
485 2418 516 2440 n.
532 2418 631 2440 versu
659 2409 838 2451 impedito.
883 2412 993 2446 Abest
1021 2417 1091 2456 Ego
1117 2418 1182 2450 Gn.
1211 2423 1241 2454 1.
1265 2423 1390 2454 Narras
1406 2424 1485 2457 Hel.
1509 2426 1604 2458 Grae-

804 2494 949 2528 NOTAE

148 2555 331 2591 poterant;
354 2551 556 2593 idcircojam
567 2553 722 2587 dixerat:
748 2556 757 2573 ⁴
773 2557 847 2588 Uti·
903 2559 1005 2592 etiarn
1020 2562 1208 2605 irridentis,
1226 2568 1334 2607 qualis
1350 2568 1404 2600 hic
1422 2575 1486 2601 est.

146 2609 225 2631 narn
250 2605 309 2631 aut
331 2601 386 2633 hic
413 2602 544 2644 surduS,
569 2609 629 2636 aut
651 2605 724 2638 haec
752 2612 847 2639 muta
949 2613 985 2642 19
1009 2612 1096 2644 Num
1127 2614 1318 2648 immemores
1351 2619 1525 2658 [immemor
1556 2621 1601 2663 es]

146 2651 240 2683 facta
255 2652 325 2684 sit.'
900 2654 1059 2696 discipuli]
1090 2657 1158 2689 Alii
1190 2660 1307 2700 legunt
1334 2662 1367 2692 in
1395 2664 1601 2696 nominativo

192 2707 232 2735 16
254 2703 502 2746 Hui,tamcito]
524 2706 635 2738 ‘Hui’
649 2707 845 2750 interjectio
901 2705 1043 2745 plurali:
1061 2707 1148 2739 Num
1160 2709 1371 2743 immemores
1382 2711 1540 2753 discipuli
1553 2715 1600 2745 tui

142 2758 200 2785 est
226 2754 435 2795 admirantis,
460 2756 650 2799 irascentis,
673 2759 843 2792 interdum
899 2762 1597 2802 ⁸¹¹n11)¹‘aecept⁰¹'um,quaeeistradidisti?
