<?xml version="1.0" encoding="UTF-8"?>
<!DOCTYPE html PUBLIC "-//W3C//DTD XHTML 1.0 Transitional//EN"
    "http://www.w3.org/TR/xhtml1/DTD/xhtml1-transitional.dtd">
<html xmlns="http://www.w3.org/1999/xhtml" xml:lang="en" lang="en">
 <head>
  <title>
</title>
<meta http-equiv="Content-Type" content="text/html;charset=utf-8" />
  <meta name='ocr-system' content='tesseract 3.04.00' />
  <meta name='ocr-capabilities' content='ocr_page ocr_carea ocr_par ocr_line ocrx_word'/>
</head>
<body>
  <div class='ocr_page' id='page_1' title='image "./pubterentiiafric01tereuoft/pubterentiiafric01tereuoft_0392.png"; bbox 0 0 1903 3306; ppageno 0'>
   <div class='ocr_carea' id='block_1_1' title="bbox 331 199 1291 246">
    <p class='ocr_par' dir='ltr' id='par_1_1' title="bbox 331 199 1291 246">
     <span class='ocr_line' id='line_1_1' title="bbox 331 199 1291 246; baseline 0.005 -5"><span class='ocrx_word' id='word_1_1' title='bbox 331 199 418 242; x_wconf 78' lang='lat'>382</span> <span class='ocrx_word' id='word_1_2' title='bbox 823 214 865 244; x_wconf 79' lang='grc' dir='ltr'>Ρ.</span> <span class='ocrx_word' id='word_1_3' title='bbox 898 213 1139 245; x_wconf 78' lang='lat' dir='ltr'>TERENTH</span> <span class='ocrx_word' id='word_1_4' title='bbox 1174 215 1291 246; x_wconf 67' lang='lat' dir='ltr'>Arm</span> 
     </span>
    </p>
   </div>
   <div class='ocr_carea' id='block_1_2' title="bbox 333 305 1786 362">
    <p class='ocr_par' dir='ltr' id='par_1_2' title="bbox 333 305 1786 362">
     <span class='ocr_line' id='line_1_2' title="bbox 333 305 1786 362; baseline 0.008 -16"><span class='ocrx_word' id='word_1_5' title='bbox 333 305 426 357; x_wconf 85' lang='lat' dir='ltr'>Qui</span> <span class='ocrx_word' id='word_1_6' title='bbox 449 319 549 347; x_wconf 89' lang='lat' dir='ltr'>eum</span> <span class='ocrx_word' id='word_1_7' title='bbox 579 308 761 361; x_wconf 85' lang='lat' dir='ltr'>recepit.</span> <span class='ocrx_word' id='word_1_8' title='bbox 822 308 894 349; x_wconf 87' lang='lat' dir='ltr'>Ibi</span> <span class='ocrx_word' id='word_1_9' title='bbox 924 322 1006 362; x_wconf 85' lang='lat' dir='ltr'>ego</span> <span class='ocrx_word' id='word_1_10' title='bbox 1037 310 1188 353; x_wconf 82' lang='lat' dir='ltr'>audivi</span> <span class='ocrx_word' id='word_1_11' title='bbox 1217 323 1275 352; x_wconf 89' lang='lat' dir='ltr'>ex</span> <span class='ocrx_word' id='word_1_12' title='bbox 1305 310 1398 361; x_wconf 93' lang='lat' dir='ltr'>illo,</span> <span class='ocrx_word' id='word_1_13' title='bbox 1427 323 1522 352; x_wconf 87' lang='lat' dir='ltr'>sese</span> <span class='ocrx_word' id='word_1_14' title='bbox 1550 324 1648 355; x_wconf 86' lang='lat' dir='ltr'>esse</span> <span class='ocrx_word' id='word_1_15' title='bbox 1669 313 1786 356; x_wconf 62' lang='lat' dir='ltr'>Atti÷</span> 
     </span>
    </p>
   </div>
   <div class='ocr_carea' id='block_1_3' title="bbox 332 388 1789 556">
    <p class='ocr_par' dir='ltr' id='par_1_3' title="bbox 332 388 1789 556">
     <span class='ocr_line' id='line_1_3' title="bbox 503 388 619 416; baseline 0.009 -1"><span class='ocrx_word' id='word_1_16' title='bbox 503 388 619 416; x_wconf 87' lang='lat' dir='ltr'>cum.</span> 
     </span>
     <span class='ocr_line' id='line_1_4' title="bbox 332 440 1786 497; baseline 0.005 -16"><span class='ocrx_word' id='word_1_17' title='bbox 332 440 380 481; x_wconf 90' lang='lat' dir='ltr'>Is</span> <span class='ocrx_word' id='word_1_18' title='bbox 398 441 460 482; x_wconf 85' lang='lat' dir='ltr'>ibi</span> <span class='ocrx_word' id='word_1_19' title='bbox 480 447 680 484; x_wconf 83' lang='lat' dir='ltr'>mortuus</span> <span class='ocrx_word' id='word_1_20' title='bbox 701 449 781 485; x_wconf 87' lang='lat' dir='ltr'>est.</span> <span class='ocrx_word' id='word_1_21' title='bbox 844 443 934 486; x_wconf 86' lang='lat' dir='ltr'>CH.</span> <span class='ocrx_word' id='word_1_22' title='bbox 969 443 1080 497; x_wconf 87' lang='lat' dir='ltr'>Ejus</span> <span class='ocrx_word' id='word_1_23' title='bbox 1110 446 1302 486; x_wconf 70' lang='lat' dir='ltr'>nomen?</span> <span class='ocrx_word' id='word_1_24' title='bbox 1364 444 1450 488; x_wconf 84' lang='lat' dir='ltr'>CR.</span> <span class='ocrx_word' id='word_1_25' title='bbox 1484 446 1661 488; x_wconf 83' lang='lat' dir='ltr'>Nomen</span> <span class='ocrx_word' id='word_1_26' title='bbox 1694 453 1786 490; x_wconf 89' lang='lat' dir='ltr'>tam</span> 
     </span>
     <span class='ocr_line' id='line_1_5' title="bbox 502 509 1789 556; baseline 0.005 -7"><span class='ocrx_word' id='word_1_27' title='bbox 502 509 591 550; x_wconf 86' lang='lat' dir='ltr'>cito</span> <span class='ocrx_word' id='word_1_28' title='bbox 612 510 727 550; x_wconf 72' lang='lat' dir='ltr'>tibi?</span> <span class='ocrx_word' id='word_1_29' title='bbox 761 510 949 552; x_wconf 84' lang='lat' dir='ltr'>Phania.</span> <span class='ocrx_word' id='word_1_30' title='bbox 1730 515 1789 556; x_wconf 77' lang='lat'>25</span> 
     </span>
    </p>
   </div>
   <div class='ocr_carea' id='block_1_4' title="bbox 330 575 1787 1101">
    <p class='ocr_par' dir='ltr' id='par_1_4' title="bbox 331 575 1787 695">
     <span class='ocr_line' id='line_1_6' title="bbox 331 575 1787 633; baseline 0.006 -18"><span class='ocrx_word' id='word_1_31' title='bbox 331 575 418 616; x_wconf 87' lang='lat' dir='ltr'>CH.</span> <span class='ocrx_word' id='word_1_32' title='bbox 452 575 588 627; x_wconf 88' lang='lat' dir='ltr'>Hem,</span> <span class='ocrx_word' id='word_1_33' title='bbox 628 578 751 630; x_wconf 85' lang='lat' dir='ltr'>perii.</span> <span class='ocrx_word' id='word_1_34' title='bbox 813 577 899 619; x_wconf 81' lang='lat' dir='ltr'>CR.</span> <span class='ocrx_word' id='word_1_35' title='bbox 943 576 1110 619; x_wconf 90' lang='lat' dir='ltr'>Verum</span> <span class='ocrx_word' id='word_1_36' title='bbox 1140 578 1286 620; x_wconf 87' lang='lat' dir='ltr'>hercle</span> <span class='ocrx_word' id='word_1_37' title='bbox 1317 579 1473 633; x_wconf 88' lang='lat' dir='ltr'>opinor</span> <span class='ocrx_word' id='word_1_38' title='bbox 1500 580 1638 623; x_wconf 88' lang='lat' dir='ltr'>fuisse</span> <span class='ocrx_word' id='word_1_39' title='bbox 1671 582 1787 623; x_wconf 85' lang='lat' dir='ltr'>Pha-</span> 
     </span>
     <span class='ocr_line' id='line_1_7' title="bbox 499 644 1028 695; baseline 0.004 -11"><span class='ocrx_word' id='word_1_40' title='bbox 499 644 642 685; x_wconf 86' lang='lat' dir='ltr'><strong>niam:</strong></span> <span class='ocrx_word' id='word_1_41' title='bbox 673 645 756 686; x_wconf 86' lang='lat' dir='ltr'>hoc</span> <span class='ocrx_word' id='word_1_42' title='bbox 781 649 896 686; x_wconf 87' lang='lat' dir='ltr'>certe</span> <span class='ocrx_word' id='word_1_43' title='bbox 918 645 1028 695; x_wconf 85' lang='lat' dir='ltr'>scio,</span> 
     </span>
    </p>

    <p class='ocr_par' dir='ltr' id='par_1_5' title="bbox 331 709 1786 829">
     <span class='ocr_line' id='line_1_8' title="bbox 331 709 1786 768; baseline 0.005 -17"><span class='ocrx_word' id='word_1_44' title='bbox 331 709 654 752; x_wconf 83' lang='lat' dir='ltr'>Rhamnusium</span> <span class='ocrx_word' id='word_1_45' title='bbox 685 725 732 752; x_wconf 86' lang='lat' dir='ltr'>se</span> <span class='ocrx_word' id='word_1_46' title='bbox 763 712 913 754; x_wconf 81' lang='lat' dir='ltr'>aiebat</span> <span class='ocrx_word' id='word_1_47' title='bbox 944 726 1054 753; x_wconf 84' lang='lat' dir='ltr'>esse.</span> <span class='ocrx_word' id='word_1_48' title='bbox 1114 712 1202 754; x_wconf 80' lang='lat' dir='ltr'>CH.</span> <span class='ocrx_word' id='word_1_49' title='bbox 1242 713 1281 753; x_wconf 91' lang='grc' dir='ltr'><strong>Ο</strong></span> <span class='ocrx_word' id='word_1_50' title='bbox 1312 713 1515 768; x_wconf 84' lang='lat' dir='ltr'><strong>Jupiter!</strong></span> <span class='ocrx_word' id='word_1_51' title='bbox 1578 715 1666 760; x_wconf 74' lang='lat' dir='ltr'>CR.</span> <span class='ocrx_word' id='word_1_52' title='bbox 1699 717 1786 758; x_wconf 83' lang='lat' dir='ltr'>Ea-</span> 
     </span>
     <span class='ocr_line' id='line_1_9' title="bbox 501 778 965 829; baseline 0.002 -10"><span class='ocrx_word' id='word_1_53' title='bbox 501 779 602 819; x_wconf 89' lang='lat' dir='ltr'>dem</span> <span class='ocrx_word' id='word_1_54' title='bbox 622 779 737 829; x_wconf 85' lang='lat' dir='ltr'>haeo,</span> <span class='ocrx_word' id='word_1_55' title='bbox 761 778 965 829; x_wconf 81' lang='lat' dir='ltr'><strong>Chreme,</strong></span> 
     </span>
    </p>

    <p class='ocr_par' dir='ltr' id='par_1_6' title="bbox 331 844 1785 967">
     <span class='ocr_line' id='line_1_10' title="bbox 331 844 1785 904; baseline 0.006 -19"><span class='ocrx_word' id='word_1_56' title='bbox 331 844 465 887; x_wconf 87' lang='lat' dir='ltr'>Multi</span> <span class='ocrx_word' id='word_1_57' title='bbox 505 845 581 886; x_wconf 80' lang='lat' dir='ltr'>alii</span> <span class='ocrx_word' id='word_1_58' title='bbox 621 846 664 886; x_wconf 91' lang='lat' dir='ltr'>in</span> <span class='ocrx_word' id='word_1_59' title='bbox 703 845 855 887; x_wconf 89' lang='lat' dir='ltr'>Andro</span> <span class='ocrx_word' id='word_1_60' title='bbox 887 852 979 887; x_wconf 87' lang='lat' dir='ltr'>tum</span> <span class='ocrx_word' id='word_1_61' title='bbox 1010 847 1229 888; x_wconf 86' lang='lat' dir='ltr'>audivere.</span> <span class='ocrx_word' id='word_1_62' title='bbox 1290 847 1378 888; x_wconf 85' lang='lat' dir='ltr'>CH.</span> <span class='ocrx_word' id='word_1_63' title='bbox 1419 847 1604 891; x_wconf 84' lang='lat' dir='ltr'>Utinam</span> <span class='ocrx_word' id='word_1_64' title='bbox 1635 851 1682 893; x_wconf 89' lang='lat' dir='ltr'>id</span> <span class='ocrx_word' id='word_1_65' title='bbox 1714 853 1785 904; x_wconf 83' lang='lat' dir='ltr'>sit,</span> 
     </span>
     <span class='ocr_line' id='line_1_11' title="bbox 499 911 1772 967; baseline 0.005 -14"><span class='ocrx_word' id='word_1_66' title='bbox 499 912 621 967; x_wconf 89' lang='lat' dir='ltr'>quod</span> <span class='ocrx_word' id='word_1_67' title='bbox 643 926 785 967; x_wconf 81' lang='lat' dir='ltr'>spero.</span> <span class='ocrx_word' id='word_1_68' title='bbox 845 914 955 964; x_wconf 92' lang='lat' dir='ltr'>Eho,</span> <span class='ocrx_word' id='word_1_69' title='bbox 978 915 1048 956; x_wconf 90' lang='lat' dir='ltr'>dic</span> <span class='ocrx_word' id='word_1_70' title='bbox 1069 916 1195 965; x_wconf 90' lang='lat' dir='ltr'>mihi,</span> <span class='ocrx_word' id='word_1_71' title='bbox 1727 911 1772 921; x_wconf 29' lang='grc' dir='ltr'>χ</span> 
     </span>
    </p>

    <p class='ocr_par' dir='ltr' id='par_1_7' title="bbox 330 980 1785 1101">
     <span class='ocr_line' id='line_1_12' title="bbox 330 980 1785 1031; baseline 0.005 -10"><span class='ocrx_word' id='word_1_72' title='bbox 330 980 452 1031; x_wconf 83' lang='lat' dir='ltr'>Quid</span> <span class='ocrx_word' id='word_1_73' title='bbox 473 993 571 1021; x_wconf 82' lang='lat' dir='ltr'>eam</span> <span class='ocrx_word' id='word_1_74' title='bbox 593 981 717 1021; x_wconf 72' lang='lat' dir='ltr'>tum?</span> <span class='ocrx_word' id='word_1_75' title='bbox 751 993 932 1023; x_wconf 81' lang='lat' dir='ltr'>suamne</span> <span class='ocrx_word' id='word_1_76' title='bbox 953 996 1054 1024; x_wconf 87' lang='lat' dir='ltr'>esse</span> <span class='ocrx_word' id='word_1_77' title='bbox 1076 984 1257 1025; x_wconf 65' lang='lat' dir='ltr'>aiebat?</span> <span class='ocrx_word' id='word_1_78' title='bbox 1300 982 1387 1024; x_wconf 84' lang='lat' dir='ltr'>CR.</span> <span class='ocrx_word' id='word_1_79' title='bbox 1423 983 1543 1026; x_wconf 92' lang='lat' dir='ltr'>Non.</span> <span class='ocrx_word' id='word_1_80' title='bbox 1586 985 1674 1028; x_wconf 86' lang='lat' dir='ltr'>CH.</span> <span class='ocrx_word' id='word_1_81' title='bbox 1697 987 1785 1029; x_wconf 91' lang='lat' dir='ltr'>Cu-</span> 
     </span>
     <span class='ocr_line' id='line_1_13' title="bbox 494 1047 1300 1101; baseline 0.005 -13"><span class='ocrx_word' id='word_1_82' title='bbox 494 1047 590 1101; x_wconf 87' lang='lat' dir='ltr'>jam</span> <span class='ocrx_word' id='word_1_83' title='bbox 610 1048 779 1101; x_wconf 73' lang='lat' dir='ltr'>igitur?</span> <span class='ocrx_word' id='word_1_84' title='bbox 841 1048 927 1090; x_wconf 88' lang='lat' dir='ltr'>CR.</span> <span class='ocrx_word' id='word_1_85' title='bbox 960 1049 1127 1093; x_wconf 82' lang='lat' dir='ltr'><strong>Fratris</strong></span> <span class='ocrx_word' id='word_1_86' title='bbox 1147 1050 1300 1092; x_wconf 84' lang='lat' dir='ltr'>filiam.</span> 
     </span>
    </p>
   </div>
   <div class='ocr_carea' id='block_1_5' title="bbox 325 1161 1786 1505">
    <p class='ocr_par' dir='ltr' id='par_1_8' title="bbox 325 1161 1786 1505">
     <span class='ocr_line' id='line_1_14' title="bbox 325 1161 1786 1203; baseline 0.006 -12"><span class='ocrx_word' id='word_1_87' title='bbox 325 1161 387 1201; x_wconf 79' lang='lat' dir='ltr'>pit,</span> <span class='ocrx_word' id='word_1_88' title='bbox 401 1161 478 1192; x_wconf 74' lang='lat' dir='ltr'>mihi</span> <span class='ocrx_word' id='word_1_89' title='bbox 493 1166 642 1202; x_wconf 77' lang='lat' dir='ltr'>cognatus</span> <span class='ocrx_word' id='word_1_90' title='bbox 659 1162 740 1201; x_wconf 81' lang='lat' dir='ltr'>fuit.</span> <span class='ocrx_word' id='word_1_91' title='bbox 785 1162 835 1194; x_wconf 83' lang='lat' dir='ltr'>Ibi</span> <span class='ocrx_word' id='word_1_92' title='bbox 858 1173 913 1203; x_wconf 82' lang='lat' dir='ltr'>ego</span> <span class='ocrx_word' id='word_1_93' title='bbox 937 1165 1043 1196; x_wconf 79' lang='lat' dir='ltr'>audivi</span> <span class='ocrx_word' id='word_1_94' title='bbox 1063 1175 1103 1196; x_wconf 80' lang='lat' dir='ltr'>ex</span> <span class='ocrx_word' id='word_1_95' title='bbox 1127 1166 1180 1196; x_wconf 86' lang='lat' dir='ltr'>illo</span> <span class='ocrx_word' id='word_1_96' title='bbox 1204 1175 1269 1197; x_wconf 79' lang='lat' dir='ltr'>sese</span> <span class='ocrx_word' id='word_1_97' title='bbox 1292 1176 1357 1198; x_wconf 78' lang='lat' dir='ltr'>esse</span> <span class='ocrx_word' id='word_1_98' title='bbox 1377 1166 1532 1199; x_wconf 77' lang='lat' dir='ltr'>Atticum.</span> <span class='ocrx_word' id='word_1_99' title='bbox 1577 1168 1612 1199; x_wconf 87' lang='lat' dir='ltr'>Is</span> <span class='ocrx_word' id='word_1_100' title='bbox 1627 1168 1661 1200; x_wconf 84' lang='lat' dir='ltr'>in</span> <span class='ocrx_word' id='word_1_101' title='bbox 1675 1169 1786 1200; x_wconf 82' lang='lat' dir='ltr'>Andro</span> 
     </span>
     <span class='ocr_line' id='line_1_15' title="bbox 327 1205 1785 1251; baseline 0.006 -17"><span class='ocrx_word' id='word_1_102' title='bbox 327 1208 466 1235; x_wconf 80' lang='lat' dir='ltr'>mortuus</span> <span class='ocrx_word' id='word_1_103' title='bbox 480 1209 536 1236; x_wconf 83' lang='lat' dir='ltr'>est.</span> <span class='ocrx_word' id='word_1_104' title='bbox 584 1206 652 1238; x_wconf 81' lang='lat' dir='ltr'>CH.</span> <span class='ocrx_word' id='word_1_105' title='bbox 679 1207 770 1241; x_wconf 83' lang='lat' dir='ltr'>Quod</span> <span class='ocrx_word' id='word_1_106' title='bbox 777 1206 845 1243; x_wconf 75' lang='lat' dir='ltr'>fuit</span> <span class='ocrx_word' id='word_1_107' title='bbox 860 1207 926 1245; x_wconf 76' lang='lat' dir='ltr'>ejus</span> <span class='ocrx_word' id='word_1_108' title='bbox 941 1205 1073 1239; x_wconf 81' lang='lat' dir='ltr'>nomen?</span> <span class='ocrx_word' id='word_1_109' title='bbox 1119 1209 1183 1240; x_wconf 82' lang='lat' dir='ltr'>CR.</span> <span class='ocrx_word' id='word_1_110' title='bbox 1206 1209 1258 1240; x_wconf 82' lang='lat' dir='ltr'>An</span> <span class='ocrx_word' id='word_1_111' title='bbox 1281 1213 1346 1240; x_wconf 78' lang='lat' dir='ltr'>tam</span> <span class='ocrx_word' id='word_1_112' title='bbox 1372 1211 1434 1240; x_wconf 73' lang='lat' dir='ltr'>cito</span> <span class='ocrx_word' id='word_1_113' title='bbox 1456 1210 1516 1241; x_wconf 77' lang='lat' dir='ltr'>tibi</span> <span class='ocrx_word' id='word_1_114' title='bbox 1529 1220 1638 1242; x_wconf 80' lang='lat' dir='ltr'>nomen</span> <span class='ocrx_word' id='word_1_115' title='bbox 1651 1211 1718 1251; x_wconf 78' lang='lat' dir='ltr'>ejus</span> <span class='ocrx_word' id='word_1_116' title='bbox 1734 1212 1785 1243; x_wconf 80' lang='lat' dir='ltr'>edi</span> 
     </span>
     <span class='ocr_line' id='line_1_16' title="bbox 326 1246 1785 1294; baseline 0.004 -16"><span class='ocrx_word' id='word_1_117' title='bbox 326 1246 441 1287; x_wconf 78' lang='lat' dir='ltr'>cupis?</span> <span class='ocrx_word' id='word_1_118' title='bbox 465 1247 588 1279; x_wconf 81' lang='lat' dir='ltr'>Phania</span> <span class='ocrx_word' id='word_1_119' title='bbox 602 1259 709 1280; x_wconf 83' lang='lat' dir='ltr'>nomen</span> <span class='ocrx_word' id='word_1_120' title='bbox 713 1249 796 1289; x_wconf 83' lang='lat' dir='ltr'>fuit,</span> <span class='ocrx_word' id='word_1_121' title='bbox 810 1252 845 1279; x_wconf 78' lang='lat' dir='ltr'>ut</span> <span class='ocrx_word' id='word_1_122' title='bbox 857 1253 945 1289; x_wconf 83' lang='lat' dir='ltr'>puto.</span> <span class='ocrx_word' id='word_1_123' title='bbox 990 1250 1058 1282; x_wconf 78' lang='lat' dir='ltr'>CH.</span> <span class='ocrx_word' id='word_1_124' title='bbox 1084 1251 1168 1282; x_wconf 88' lang='lat' dir='ltr'>Hem</span> <span class='ocrx_word' id='word_1_125' title='bbox 1182 1252 1273 1290; x_wconf 79' lang='lat' dir='ltr'>perii.</span> <span class='ocrx_word' id='word_1_126' title='bbox 1319 1252 1384 1284; x_wconf 77' lang='lat' dir='ltr'>CR.</span> <span class='ocrx_word' id='word_1_127' title='bbox 1414 1253 1529 1284; x_wconf 82' lang='lat' dir='ltr'>Verum</span> <span class='ocrx_word' id='word_1_128' title='bbox 1539 1253 1650 1294; x_wconf 83' lang='lat' dir='ltr'>hercle,</span> <span class='ocrx_word' id='word_1_129' title='bbox 1664 1255 1785 1294; x_wconf 82' lang='lat' dir='ltr'>opinor,</span> 
     </span>
     <span class='ocr_line' id='line_1_17' title="bbox 326 1290 1784 1331; baseline 0.005 -11"><span class='ocrx_word' id='word_1_130' title='bbox 326 1290 483 1320; x_wconf 82' lang='lat' dir='ltr'><em>Phaniam</em></span> <span class='ocrx_word' id='word_1_131' title='bbox 495 1291 542 1321; x_wconf 77' lang='lat' dir='ltr'>illi</span> <span class='ocrx_word' id='word_1_132' title='bbox 562 1302 669 1322; x_wconf 79' lang='lat' dir='ltr'>nomen</span> <span class='ocrx_word' id='word_1_133' title='bbox 677 1291 789 1329; x_wconf 83' lang='lat' dir='ltr'>fuisse.</span> <span class='ocrx_word' id='word_1_134' title='bbox 834 1292 905 1323; x_wconf 88' lang='lat' dir='ltr'>Hoc</span> <span class='ocrx_word' id='word_1_135' title='bbox 927 1296 1010 1324; x_wconf 82' lang='lat' dir='ltr'>certo</span> <span class='ocrx_word' id='word_1_136' title='bbox 1024 1293 1087 1324; x_wconf 83' lang='lat' dir='ltr'>scio</span> <span class='ocrx_word' id='word_1_137' title='bbox 1097 1305 1109 1331; x_wconf 90' lang='grc'>,·</span> <span class='ocrx_word' id='word_1_138' title='bbox 1134 1294 1361 1326; x_wconf 83' lang='lat' dir='ltr'>Rhamnusium</span> <span class='ocrx_word' id='word_1_139' title='bbox 1374 1304 1408 1326; x_wconf 75' lang='lat' dir='ltr'>se</span> <span class='ocrx_word' id='word_1_140' title='bbox 1422 1295 1525 1327; x_wconf 79' lang='lat' dir='ltr'>aiebat</span> <span class='ocrx_word' id='word_1_141' title='bbox 1540 1306 1615 1328; x_wconf 85' lang='lat' dir='ltr'>esse.</span> <span class='ocrx_word' id='word_1_142' title='bbox 1660 1297 1728 1328; x_wconf 81' lang='lat' dir='ltr'>CH.</span> <span class='ocrx_word' id='word_1_143' title='bbox 1755 1298 1784 1327; x_wconf 97' lang='grc'><strong>0</strong></span> 
     </span>
     <span class='ocr_line' id='line_1_18' title="bbox 326 1332 1784 1376; baseline 0.006 -14"><span class='ocrx_word' id='word_1_144' title='bbox 326 1332 477 1372; x_wconf 79' lang='lat' dir='ltr'><em>Jupiter!</em></span> <span class='ocrx_word' id='word_1_145' title='bbox 523 1334 587 1365; x_wconf 79' lang='lat' dir='ltr'>CR.</span> <span class='ocrx_word' id='word_1_146' title='bbox 612 1335 731 1365; x_wconf 77' lang='lat' dir='ltr'>Eadem</span> <span class='ocrx_word' id='word_1_147' title='bbox 757 1335 834 1374; x_wconf 65' lang='lat' dir='ltr'>haec,</span> <span class='ocrx_word' id='word_1_148' title='bbox 860 1335 1001 1376; x_wconf 81' lang='lat' dir='ltr'>Chreme,</span> <span class='ocrx_word' id='word_1_149' title='bbox 1023 1336 1115 1367; x_wconf 81' lang='lat' dir='ltr'>multi</span> <span class='ocrx_word' id='word_1_150' title='bbox 1137 1337 1194 1367; x_wconf 73' lang='lat' dir='ltr'>aliz·</span> <span class='ocrx_word' id='word_1_151' title='bbox 1208 1337 1241 1368; x_wconf 83' lang='lat' dir='ltr'>in</span> <span class='ocrx_word' id='word_1_152' title='bbox 1255 1337 1365 1368; x_wconf 79' lang='lat' dir='ltr'>Andro</span> <span class='ocrx_word' id='word_1_153' title='bbox 1379 1341 1452 1369; x_wconf 81' lang='lat' dir='ltr'>tunc</span> <span class='ocrx_word' id='word_1_154' title='bbox 1471 1339 1668 1370; x_wconf 81' lang='lat' dir='ltr'>audiverunt.</span> <span class='ocrx_word' id='word_1_155' title='bbox 1714 1339 1784 1372; x_wconf 79' lang='lat' dir='ltr'>CH.</span> 
     </span>
     <span class='ocr_line' id='line_1_19' title="bbox 332 1376 1784 1422; baseline 0.005 -17"><span class='ocrx_word' id='word_1_156' title='bbox 332 1376 463 1406; x_wconf 77' lang='lat' dir='ltr'>Utinam</span> <span class='ocrx_word' id='word_1_157' title='bbox 478 1377 510 1407; x_wconf 82' lang='lat' dir='ltr'>id</span> <span class='ocrx_word' id='word_1_158' title='bbox 525 1377 579 1413; x_wconf 79' lang='lat' dir='ltr'>sit,</span> <span class='ocrx_word' id='word_1_159' title='bbox 595 1379 672 1416; x_wconf 78' lang='lat' dir='ltr'>quod</span> <span class='ocrx_word' id='word_1_160' title='bbox 685 1387 785 1417; x_wconf 76' lang='lat' dir='ltr'>spero.</span> <span class='ocrx_word' id='word_1_161' title='bbox 831 1378 900 1407; x_wconf 88' lang='lat' dir='ltr'>Eho</span> <span class='ocrx_word' id='word_1_162' title='bbox 915 1379 965 1408; x_wconf 80' lang='lat' dir='ltr'>dio</span> <span class='ocrx_word' id='word_1_163' title='bbox 982 1379 1069 1418; x_wconf 76' lang='lat' dir='ltr'>mihi,</span> <span class='ocrx_word' id='word_1_164' title='bbox 1096 1379 1197 1419; x_wconf 80' lang='lat' dir='ltr'>Crito,</span> <span class='ocrx_word' id='word_1_165' title='bbox 1222 1380 1296 1419; x_wconf 84' lang='lat' dir='ltr'>quid</span> <span class='ocrx_word' id='word_1_166' title='bbox 1321 1381 1501 1422; x_wconf 76' lang='lat' dir='ltr'><strong><em>Glycerium</em></strong></span> <span class='ocrx_word' id='word_1_167' title='bbox 1525 1382 1685 1421; x_wconf 76' lang='lat' dir='ltr'><em>parvulam</em></span> <span class='ocrx_word' id='word_1_168' title='bbox 1711 1385 1784 1414; x_wconf 77' lang='lat' dir='ltr'>tunc</span> 
     </span>
     <span class='ocr_line' id='line_1_20' title="bbox 325 1418 1784 1464; baseline 0.004 -16"><span class='ocrx_word' id='word_1_169' title='bbox 325 1418 386 1448; x_wconf 84' lang='lat' dir='ltr'>sibi</span> <span class='ocrx_word' id='word_1_170' title='bbox 402 1428 465 1449; x_wconf 83' lang='lat' dir='ltr'>esse</span> <span class='ocrx_word' id='word_1_171' title='bbox 487 1419 632 1451; x_wconf 71' lang='lat' dir='ltr'>dicebat?</span> <span class='ocrx_word' id='word_1_172' title='bbox 655 1419 790 1452; x_wconf 79' lang='lat' dir='ltr'>Suamne</span> <span class='ocrx_word' id='word_1_173' title='bbox 806 1420 913 1461; x_wconf 79' lang='lat' dir='ltr'>filiam</span> <span class='ocrx_word' id='word_1_174' title='bbox 936 1420 1058 1452; x_wconf 83' lang='lat' dir='ltr'>dicebat</span> <span class='ocrx_word' id='word_1_175' title='bbox 1083 1420 1172 1454; x_wconf 80' lang='lat' dir='ltr'>esse?</span> <span class='ocrx_word' id='word_1_176' title='bbox 1218 1422 1282 1453; x_wconf 81' lang='lat' dir='ltr'>CR.</span> <span class='ocrx_word' id='word_1_177' title='bbox 1306 1423 1391 1454; x_wconf 84' lang='lat' dir='ltr'>Non.</span> <span class='ocrx_word' id='word_1_178' title='bbox 1438 1423 1505 1456; x_wconf 80' lang='lat' dir='ltr'>CH.</span> <span class='ocrx_word' id='word_1_179' title='bbox 1531 1423 1699 1462; x_wconf 78' lang='lat' dir='ltr'>cujusnam</span> <span class='ocrx_word' id='word_1_180' title='bbox 1721 1425 1784 1464; x_wconf 79' lang='lat' dir='ltr'><strong><em>igi-</em></strong></span> 
     </span>
     <span class='ocr_line' id='line_1_21' title="bbox 326 1459 1785 1505; baseline 0.005 -14"><span class='ocrx_word' id='word_1_181' title='bbox 326 1459 406 1493; x_wconf 80' lang='lat' dir='ltr'>tur?</span> <span class='ocrx_word' id='word_1_182' title='bbox 451 1462 515 1493; x_wconf 85' lang='lat' dir='ltr'>CR.</span> <span class='ocrx_word' id='word_1_183' title='bbox 539 1462 666 1493; x_wconf 78' lang='lat' dir='ltr'><strong><em>Fratris</em></strong></span> <span class='ocrx_word' id='word_1_184' title='bbox 682 1472 748 1494; x_wconf 79' lang='lat' dir='ltr'>eam</span> <span class='ocrx_word' id='word_1_185' title='bbox 764 1472 827 1494; x_wconf 86' lang='lat' dir='ltr'>esse</span> <span class='ocrx_word' id='word_1_186' title='bbox 832 1463 939 1505; x_wconf 80' lang='lat' dir='ltr'>filiam</span> <span class='ocrx_word' id='word_1_187' title='bbox 957 1464 1090 1495; x_wconf 74' lang='lat' dir='ltr'>dicebat.</span> <span class='ocrx_word' id='word_1_188' title='bbox 1137 1465 1205 1497; x_wconf 79' lang='lat' dir='ltr'>CH.</span> <span class='ocrx_word' id='word_1_189' title='bbox 1231 1465 1324 1497; x_wconf 82' lang='lat' dir='ltr'><strong><em>Certe</em></strong></span> <span class='ocrx_word' id='word_1_190' title='bbox 1339 1476 1405 1498; x_wconf 82' lang='lat' dir='ltr'>mea</span> <span class='ocrx_word' id='word_1_191' title='bbox 1420 1469 1476 1498; x_wconf 83' lang='lat' dir='ltr'>est.</span> <span class='ocrx_word' id='word_1_192' title='bbox 1521 1467 1586 1498; x_wconf 84' lang='lat' dir='ltr'>CR.</span> <span class='ocrx_word' id='word_1_193' title='bbox 1612 1467 1698 1503; x_wconf 74' lang='lat' dir='ltr'>Quid</span> <span class='ocrx_word' id='word_1_194' title='bbox 1711 1465 1785 1498; x_wconf 81' lang='lat' dir='ltr'>ais?</span> 
     </span>
    </p>
   </div>
   <div class='ocr_carea' id='block_1_6' title="bbox 948 1546 1187 1558">
    <p class='ocr_par' dir='ltr' id='par_1_9' title="bbox 948 1546 1187 1558">
     <span class='ocr_line' id='line_1_22' title="bbox 948 1546 1187 1558; baseline 0.004 -1"><span class='ocrx_word' id='word_1_195' title='bbox 948 1546 1187 1558; x_wconf 50' lang='lat' dir='ltr'>emovente-‘No</span> 
     </span>
    </p>
   </div>
   <div class='ocr_carea' id='block_1_7' title="bbox 326 1601 1785 2499">
    <p class='ocr_par' dir='ltr' id='par_1_10' title="bbox 326 1601 1785 2499">
     <span class='ocr_line' id='line_1_23' title="bbox 326 1601 1784 1646; baseline 0.002 -15"><span class='ocrx_word' id='word_1_196' title='bbox 326 1602 378 1632; x_wconf 84' lang='lat' dir='ltr'>ad.</span> <span class='ocrx_word' id='word_1_197' title='bbox 402 1601 505 1633; x_wconf 85' lang='lat' dir='ltr'>Bent.</span> <span class='ocrx_word' id='word_1_198' title='bbox 550 1602 604 1632; x_wconf 84' lang='lat' dir='ltr'>Ad</span> <span class='ocrx_word' id='word_1_199' title='bbox 621 1602 723 1633; x_wconf 86' lang='lat' dir='ltr'>Both.</span> <span class='ocrx_word' id='word_1_200' title='bbox 740 1603 834 1633; x_wconf 80' lang='lat' dir='ltr'>Peri.</span> <span class='ocrx_word' id='word_1_201' title='bbox 880 1602 971 1633; x_wconf 82' lang='lat' dir='ltr'>Nave</span> <span class='ocrx_word' id='word_1_202' title='bbox 986 1603 1047 1634; x_wconf 71' lang='grc' dir='ltr'>ΒΓ.</span> <span class='ocrx_word' id='word_1_203' title='bbox 1065 1601 1180 1634; x_wconf 86' lang='lat' dir='ltr'>Guelf.</span> <span class='ocrx_word' id='word_1_204' title='bbox 1200 1606 1316 1637; x_wconf 81' lang='lat'><strong>3--22</strong></span> <span class='ocrx_word' id='word_1_205' title='bbox 1341 1605 1416 1638; x_wconf 80' lang='lat' dir='ltr'>Chr.</span> <span class='ocrx_word' id='word_1_206' title='bbox 1431 1614 1464 1636; x_wconf 79' lang='lat' dir='ltr'>se</span> <span class='ocrx_word' id='word_1_207' title='bbox 1486 1605 1527 1636; x_wconf 78' lang='lat' dir='ltr'>ad</span> <span class='ocrx_word' id='word_1_208' title='bbox 1548 1607 1669 1646; x_wconf 83' lang='lat' dir='ltr'>patrem</span> <span class='ocrx_word' id='word_1_209' title='bbox 1682 1604 1784 1645; x_wconf 82' lang='lat' dir='ltr'>primo</span> 
     </span>
     <span class='ocr_line' id='line_1_24' title="bbox 326 1643 1784 1686; baseline 0.001 -11"><span class='ocrx_word' id='word_1_210' title='bbox 326 1643 515 1675; x_wconf 54' lang='lat' dir='ltr'>Both—23</span> <span class='ocrx_word' id='word_1_211' title='bbox 540 1645 650 1675; x_wconf 83' lang='lat' dir='ltr'>Locus</span> <span class='ocrx_word' id='word_1_212' title='bbox 666 1645 706 1684; x_wconf 86' lang='lat' dir='ltr'>si,</span> <span class='ocrx_word' id='word_1_213' title='bbox 723 1650 761 1676; x_wconf 90' lang='lat' dir='ltr'>ut</span> <span class='ocrx_word' id='word_1_214' title='bbox 777 1646 925 1685; x_wconf 77' lang='lat' dir='ltr'>interpp.</span> <span class='ocrx_word' id='word_1_215' title='bbox 942 1645 1069 1682; x_wconf 87' lang='lat' dir='ltr'>volunt,</span> <span class='ocrx_word' id='word_1_216' title='bbox 1086 1646 1287 1686; x_wconf 83' lang='lat' dir='ltr'>accipiatur,</span> <span class='ocrx_word' id='word_1_217' title='bbox 1308 1655 1346 1679; x_wconf 92' lang='lat' dir='ltr'>ut</span> <span class='ocrx_word' id='word_1_218' title='bbox 1370 1648 1379 1665; x_wconf 87' lang='lat'>‘</span> <span class='ocrx_word' id='word_1_219' title='bbox 1397 1647 1497 1679; x_wconf 88' lang='lat' dir='ltr'>vero&#39;</span> <span class='ocrx_word' id='word_1_220' title='bbox 1510 1647 1709 1679; x_wconf 84' lang='lat' dir='ltr'>adverbium</span> <span class='ocrx_word' id='word_1_221' title='bbox 1725 1647 1784 1686; x_wconf 83' lang='lat' dir='ltr'>sit,</span> 
     </span>
     <span class='ocr_line' id='line_1_25' title="bbox 328 1687 1784 1730; baseline 0.002 -13"><span class='ocrx_word' id='word_1_222' title='bbox 328 1687 463 1727; x_wconf 82' lang='lat' dir='ltr'><strong>sintque</strong></span> <span class='ocrx_word' id='word_1_223' title='bbox 490 1688 563 1718; x_wconf 78' lang='lat' dir='ltr'>haec</span> <span class='ocrx_word' id='word_1_224' title='bbox 587 1688 678 1718; x_wconf 86' lang='lat' dir='ltr'>inter</span> <span class='ocrx_word' id='word_1_225' title='bbox 699 1697 735 1718; x_wconf 86' lang='lat' dir='ltr'>se</span> <span class='ocrx_word' id='word_1_226' title='bbox 760 1688 934 1724; x_wconf 81' lang='lat' dir='ltr'>distincta,</span> <span class='ocrx_word' id='word_1_227' title='bbox 960 1688 1051 1719; x_wconf 79' lang='lat' dir='ltr'>Itane</span> <span class='ocrx_word' id='word_1_228' title='bbox 1075 1687 1171 1721; x_wconf 78' lang='lat' dir='ltr'>vero?</span> <span class='ocrx_word' id='word_1_229' title='bbox 1197 1690 1355 1728; x_wconf 79' lang='lat' dir='ltr'>obturbat,</span> <span class='ocrx_word' id='word_1_230' title='bbox 1371 1695 1567 1730; x_wconf 88' lang='lat' dir='ltr'>corruptum</span> <span class='ocrx_word' id='word_1_231' title='bbox 1584 1700 1658 1721; x_wconf 84' lang='lat' dir='ltr'>esse</span> <span class='ocrx_word' id='word_1_232' title='bbox 1675 1690 1784 1721; x_wconf 81' lang='lat' dir='ltr'>iocum</span> 
     </span>
     <span class='ocr_line' id='line_1_26' title="bbox 328 1730 1783 1773; baseline 0.001 -13"><span class='ocrx_word' id='word_1_233' title='bbox 328 1730 583 1761; x_wconf 78' lang='lat' dir='ltr'>asseveratione</span> <span class='ocrx_word' id='word_1_234' title='bbox 600 1730 689 1761; x_wconf 87' lang='lat' dir='ltr'>omni</span> <span class='ocrx_word' id='word_1_235' title='bbox 704 1730 878 1762; x_wconf 85' lang='lat' dir='ltr'>confirmo.</span> <span class='ocrx_word' id='word_1_236' title='bbox 917 1730 1016 1763; x_wconf 80' lang='lat' dir='ltr'>Quod</span> <span class='ocrx_word' id='word_1_237' title='bbox 1035 1732 1062 1762; x_wconf 88' lang='lat' dir='ltr'>si</span> <span class='ocrx_word' id='word_1_238' title='bbox 1079 1741 1160 1763; x_wconf 88' lang='lat' dir='ltr'>vero</span> <span class='ocrx_word' id='word_1_239' title='bbox 1177 1741 1298 1763; x_wconf 88' lang='lat' dir='ltr'>nomen</span> <span class='ocrx_word' id='word_1_240' title='bbox 1316 1734 1358 1764; x_wconf 89' lang='lat' dir='ltr'>sit</span> <span class='ocrx_word' id='word_1_241' title='bbox 1373 1743 1452 1764; x_wconf 85' lang='lat' dir='ltr'>casu</span> <span class='ocrx_word' id='word_1_242' title='bbox 1465 1733 1581 1773; x_wconf 88' lang='lat' dir='ltr'>dandi,</span> <span class='ocrx_word' id='word_1_243' title='bbox 1598 1732 1783 1764; x_wconf 86' lang='lat' dir='ltr'>referatur-</span> 
     </span>
     <span class='ocr_line' id='line_1_27' title="bbox 328 1773 1783 1815; baseline 0.002 -12"><span class='ocrx_word' id='word_1_244' title='bbox 328 1782 394 1812; x_wconf 82' lang='lat' dir='ltr'>que</span> <span class='ocrx_word' id='word_1_245' title='bbox 415 1773 457 1803; x_wconf 92' lang='lat' dir='ltr'>ad</span> <span class='ocrx_word' id='word_1_246' title='bbox 486 1773 626 1804; x_wconf 89' lang='lat' dir='ltr'>verbum</span> <span class='ocrx_word' id='word_1_247' title='bbox 655 1774 664 1790; x_wconf 90' lang='lat'>‘</span> <span class='ocrx_word' id='word_1_248' title='bbox 683 1773 870 1812; x_wconf 86' lang='lat' dir='ltr'>obturbat‚&#39;</span> <span class='ocrx_word' id='word_1_249' title='bbox 897 1773 1081 1805; x_wconf 78' lang='lat' dir='ltr'>obturbare</span> <span class='ocrx_word' id='word_1_250' title='bbox 1098 1784 1178 1805; x_wconf 85' lang='lat' dir='ltr'>vero</span> <span class='ocrx_word' id='word_1_251' title='bbox 1205 1775 1284 1815; x_wconf 87' lang='lat' dir='ltr'>erit,</span> <span class='ocrx_word' id='word_1_252' title='bbox 1310 1776 1447 1807; x_wconf 83' lang='lat' dir='ltr'>veritati</span> <span class='ocrx_word' id='word_1_253' title='bbox 1463 1776 1677 1815; x_wconf 86' lang='lat' dir='ltr'>obstrepere.</span> <span class='ocrx_word' id='word_1_254' title='bbox 1703 1775 1783 1806; x_wconf 83' lang='lat' dir='ltr'>Gov.</span> 
     </span>
     <span class='ocr_line' id='line_1_28' title="bbox 328 1815 1785 1858; baseline 0.001 -12"><span class='ocrx_word' id='word_1_255' title='bbox 328 1815 469 1856; x_wconf 79' lang='lat' dir='ltr'>Coi-rige</span> <span class='ocrx_word' id='word_1_256' title='bbox 487 1816 592 1854; x_wconf 80' lang='lat' dir='ltr'>Perge</span> <span class='ocrx_word' id='word_1_257' title='bbox 618 1819 663 1847; x_wconf 77' lang='lat' dir='ltr'>tu.</span> <span class='ocrx_word' id='word_1_258' title='bbox 703 1816 767 1847; x_wconf 84' lang='lat' dir='ltr'>CR.</span> <span class='ocrx_word' id='word_1_259' title='bbox 791 1817 826 1847; x_wconf 88' lang='lat' dir='ltr'>Is</span> <span class='ocrx_word' id='word_1_260' title='bbox 844 1816 931 1846; x_wconf 78' lang='lat' dir='ltr'>mihi.</span> <span class='ocrx_word' id='word_1_261' title='bbox 955 1816 1056 1848; x_wconf 88' lang='lat' dir='ltr'>Bent.</span> <span class='ocrx_word' id='word_1_262' title='bbox 1102 1818 1297 1858; x_wconf 88' lang='lat' dir='ltr'>Sequuntur</span> <span class='ocrx_word' id='word_1_263' title='bbox 1313 1819 1415 1849; x_wconf 87' lang='lat' dir='ltr'>Both.</span> <span class='ocrx_word' id='word_1_264' title='bbox 1434 1819 1614 1849; x_wconf 69' lang='lat' dir='ltr'>Fert—24</span> <span class='ocrx_word' id='word_1_265' title='bbox 1639 1818 1694 1849; x_wconf 78' lang='lat' dir='ltr'>Ex</span> <span class='ocrx_word' id='word_1_266' title='bbox 1719 1818 1785 1855; x_wconf 80' lang='lat' dir='ltr'>illo,</span> 
     </span>
     <span class='ocr_line' id='line_1_29' title="bbox 326 1858 1782 1900; baseline 0.002 -12"><span class='ocrx_word' id='word_1_267' title='bbox 326 1859 423 1889; x_wconf 84' lang='lat' dir='ltr'>civem</span> <span class='ocrx_word' id='word_1_268' title='bbox 438 1868 501 1889; x_wconf 81' lang='lat' dir='ltr'>esse</span> <span class='ocrx_word' id='word_1_269' title='bbox 516 1858 659 1890; x_wconf 78' lang='lat' dir='ltr'>Atticum</span> <span class='ocrx_word' id='word_1_270' title='bbox 684 1859 787 1890; x_wconf 87' lang='lat' dir='ltr'>Both.</span> <span class='ocrx_word' id='word_1_271' title='bbox 812 1859 868 1899; x_wconf 85' lang='lat' dir='ltr'>qui</span> <span class='ocrx_word' id='word_1_272' title='bbox 895 1863 1013 1889; x_wconf 86' lang='lat' dir='ltr'>notat:</span> <span class='ocrx_word' id='word_1_273' title='bbox 1051 1859 1188 1900; x_wconf 79' lang='lat' dir='ltr'>‘Vulgo</span> <span class='ocrx_word' id='word_1_274' title='bbox 1214 1871 1254 1891; x_wconf 80' lang='lat' dir='ltr'>ex</span> <span class='ocrx_word' id='word_1_275' title='bbox 1280 1861 1344 1896; x_wconf 80' lang='lat' dir='ltr'>illo,</span> <span class='ocrx_word' id='word_1_276' title='bbox 1373 1870 1438 1892; x_wconf 82' lang='lat' dir='ltr'>sese</span> <span class='ocrx_word' id='word_1_277' title='bbox 1464 1870 1526 1891; x_wconf 77' lang='lat' dir='ltr'>esse</span> <span class='ocrx_word' id='word_1_278' title='bbox 1540 1860 1613 1891; x_wconf 63' lang='grc' dir='ltr'>ΑΗ.</span> <span class='ocrx_word' id='word_1_279' title='bbox 1634 1860 1694 1892; x_wconf 88' lang='lat' dir='ltr'>sed</span> <span class='ocrx_word' id='word_1_280' title='bbox 1710 1861 1782 1891; x_wconf 90' lang='lat' dir='ltr'>BC</span> 
     </span>
     <span class='ocr_line' id='line_1_30' title="bbox 328 1900 1783 1938; baseline 0.001 -7"><span class='ocrx_word' id='word_1_281' title='bbox 328 1901 397 1932; x_wconf 88' lang='lat' dir='ltr'>Gn.</span> <span class='ocrx_word' id='word_1_282' title='bbox 415 1904 445 1931; x_wconf 93' lang='lat' dir='ltr'>l.</span> <span class='ocrx_word' id='word_1_283' title='bbox 469 1902 565 1932; x_wconf 73' lang='lat' dir='ltr'>civem</span> <span class='ocrx_word' id='word_1_284' title='bbox 581 1910 645 1932; x_wconf 82' lang='lat' dir='ltr'>esse</span> <span class='ocrx_word' id='word_1_285' title='bbox 659 1900 814 1938; x_wconf 76' lang='lat' dir='ltr'>Atticum,</span> <span class='ocrx_word' id='word_1_286' title='bbox 834 1901 913 1932; x_wconf 82' lang='lat' dir='ltr'>Hel.</span> <span class='ocrx_word' id='word_1_287' title='bbox 935 1901 1006 1932; x_wconf 82' lang='lat' dir='ltr'>Att.</span> <span class='ocrx_word' id='word_1_288' title='bbox 1034 1902 1140 1933; x_wconf 79' lang='lat' dir='ltr'>civem.</span> <span class='ocrx_word' id='word_1_289' title='bbox 1179 1902 1396 1934; x_wconf 58' lang='lat' dir='ltr'>Renes-25</span> <span class='ocrx_word' id='word_1_290' title='bbox 1423 1903 1582 1934; x_wconf 76' lang='lat' dir='ltr'>Solicilat</span> <span class='ocrx_word' id='word_1_291' title='bbox 1608 1903 1695 1934; x_wconf 87' lang='lat' dir='ltr'>hanc</span> <span class='ocrx_word' id='word_1_292' title='bbox 1717 1903 1783 1934; x_wconf 83' lang='lat' dir='ltr'>dis-</span> 
     </span>
     <span class='ocr_line' id='line_1_31' title="bbox 327 1943 1784 1985; baseline 0.001 -11"><span class='ocrx_word' id='word_1_293' title='bbox 327 1944 527 1974; x_wconf 84' lang='lat' dir='ltr'>tinctionem</span> <span class='ocrx_word' id='word_1_294' title='bbox 555 1944 645 1984; x_wconf 83' lang='lat' dir='ltr'>Guy.</span> <span class='ocrx_word' id='word_1_295' title='bbox 670 1944 843 1985; x_wconf 83' lang='lat' dir='ltr'>legitque:</span> <span class='ocrx_word' id='word_1_296' title='bbox 870 1943 1014 1975; x_wconf 75' lang='lat' dir='ltr'>Nomen?</span> <span class='ocrx_word' id='word_1_297' title='bbox 1038 1947 1102 1975; x_wconf 82' lang='lat' dir='ltr'>tam</span> <span class='ocrx_word' id='word_1_298' title='bbox 1127 1944 1190 1975; x_wconf 73' lang='lat' dir='ltr'>cito</span> <span class='ocrx_word' id='word_1_299' title='bbox 1216 1945 1294 1976; x_wconf 81' lang='lat' dir='ltr'>tibi.-</span> <span class='ocrx_word' id='word_1_300' title='bbox 1321 1946 1457 1976; x_wconf 72' lang='lat' dir='ltr'>Phania.</span> <span class='ocrx_word' id='word_1_301' title='bbox 1512 1946 1655 1977; x_wconf 85' lang='lat' dir='ltr'>Maneat</span> <span class='ocrx_word' id='word_1_302' title='bbox 1686 1950 1784 1976; x_wconf 87' lang='lat' dir='ltr'>vetus</span> 
     </span>
     <span class='ocr_line' id='line_1_32' title="bbox 327 1986 1784 2027; baseline 0.001 -10"><span class='ocrx_word' id='word_1_303' title='bbox 327 1987 515 2018; x_wconf 68' lang='lat' dir='ltr'>distinctio.</span> <span class='ocrx_word' id='word_1_304' title='bbox 542 1988 638 2017; x_wconf 82' lang='lat' dir='ltr'>West.</span> <span class='ocrx_word' id='word_1_305' title='bbox 682 1987 862 2018; x_wconf 79' lang='lat' dir='ltr'>Donatus:</span> <span class='ocrx_word' id='word_1_306' title='bbox 888 1987 897 2004; x_wconf 87' lang='lat'>‘</span> <span class='ocrx_word' id='word_1_307' title='bbox 913 1987 922 2003; x_wconf 91' lang='lat'>‘</span> <span class='ocrx_word' id='word_1_308' title='bbox 939 1986 1101 2018; x_wconf 78' lang='lat' dir='ltr'>Phaniaz’</span> <span class='ocrx_word' id='word_1_309' title='bbox 1124 1987 1201 2018; x_wconf 87' lang='lat' dir='ltr'>Hoc</span> <span class='ocrx_word' id='word_1_310' title='bbox 1217 1989 1267 2019; x_wconf 88' lang='lat' dir='ltr'>ita</span> <span class='ocrx_word' id='word_1_311' title='bbox 1281 1987 1369 2018; x_wconf 87' lang='lat' dir='ltr'>dixit</span> <span class='ocrx_word' id='word_1_312' title='bbox 1385 1989 1495 2027; x_wconf 85' lang='lat' dir='ltr'>Crito,</span> <span class='ocrx_word' id='word_1_313' title='bbox 1516 1992 1555 2018; x_wconf 93' lang='lat' dir='ltr'>ut</span> <span class='ocrx_word' id='word_1_314' title='bbox 1575 1996 1675 2019; x_wconf 88' lang='lat' dir='ltr'>nemo</span> <span class='ocrx_word' id='word_1_315' title='bbox 1691 1988 1784 2019; x_wconf 87' lang='lat' dir='ltr'>audi·</span> 
     </span>
     <span class='ocr_line' id='line_1_33' title="bbox 328 2029 1782 2072; baseline 0.001 -13"><span class='ocrx_word' id='word_1_316' title='bbox 328 2034 382 2061; x_wconf 89' lang='lat' dir='ltr'>ret</span> <span class='ocrx_word' id='word_1_317' title='bbox 397 2041 405 2060; x_wconf 88' lang='lat'>:</span> <span class='ocrx_word' id='word_1_318' title='bbox 430 2030 563 2060; x_wconf 82' lang='lat' dir='ltr'>scilicet</span> <span class='ocrx_word' id='word_1_319' title='bbox 579 2030 688 2060; x_wconf 86' lang='lat' dir='ltr'>adhuc</span> <span class='ocrx_word' id='word_1_320' title='bbox 705 2029 876 2068; x_wconf 82' lang='lat' dir='ltr'>dubitans,</span> <span class='ocrx_word' id='word_1_321' title='bbox 888 2038 929 2060; x_wconf 88' lang='lat' dir='ltr'>an</span> <span class='ocrx_word' id='word_1_322' title='bbox 946 2029 1019 2070; x_wconf 89' lang='lat' dir='ltr'>ipse</span> <span class='ocrx_word' id='word_1_323' title='bbox 1036 2029 1100 2061; x_wconf 89' lang='lat' dir='ltr'>sit.’</span> <span class='ocrx_word' id='word_1_324' title='bbox 1145 2031 1282 2061; x_wconf 85' lang='lat' dir='ltr'>Falsum</span> <span class='ocrx_word' id='word_1_325' title='bbox 1308 2031 1370 2061; x_wconf 87' lang='lat' dir='ltr'>hoc</span> <span class='ocrx_word' id='word_1_326' title='bbox 1385 2042 1392 2062; x_wconf 89' lang='lat'>:</span> <span class='ocrx_word' id='word_1_327' title='bbox 1415 2031 1553 2072; x_wconf 84' lang='lat' dir='ltr'>quippe,</span> <span class='ocrx_word' id='word_1_328' title='bbox 1570 2031 1599 2062; x_wconf 89' lang='lat' dir='ltr'>si</span> <span class='ocrx_word' id='word_1_329' title='bbox 1610 2039 1708 2062; x_wconf 85' lang='lat' dir='ltr'>nemo</span> <span class='ocrx_word' id='word_1_330' title='bbox 1725 2040 1782 2061; x_wconf 90' lang='lat' dir='ltr'>au-</span> 
     </span>
     <span class='ocr_line' id='line_1_34' title="bbox 328 2071 1782 2113; baseline 0.001 -11"><span class='ocrx_word' id='word_1_331' title='bbox 328 2072 458 2111; x_wconf 88' lang='lat' dir='ltr'>diebat,</span> <span class='ocrx_word' id='word_1_332' title='bbox 473 2072 531 2113; x_wconf 87' lang='lat' dir='ltr'>qui</span> <span class='ocrx_word' id='word_1_333' title='bbox 547 2071 674 2103; x_wconf 81' lang='lat' dir='ltr'>factum</span> <span class='ocrx_word' id='word_1_334' title='bbox 699 2078 764 2111; x_wconf 88' lang='lat' dir='ltr'>est,</span> <span class='ocrx_word' id='word_1_335' title='bbox 785 2072 955 2103; x_wconf 77' lang='lat' dir='ltr'>utstatim</span> <span class='ocrx_word' id='word_1_336' title='bbox 980 2071 1190 2103; x_wconf 85' lang='lat' dir='ltr'>subinferret</span> <span class='ocrx_word' id='word_1_337' title='bbox 1213 2074 1222 2090; x_wconf 93' lang='lat'>‘</span> <span class='ocrx_word' id='word_1_338' title='bbox 1240 2072 1348 2104; x_wconf 86' lang='lat' dir='ltr'>Hem’</span> <span class='ocrx_word' id='word_1_339' title='bbox 1373 2078 1409 2104; x_wconf 87' lang='lat' dir='ltr'>et</span> <span class='ocrx_word' id='word_1_340' title='bbox 1436 2076 1445 2091; x_wconf 79' lang='lat'>⁶</span> <span class='ocrx_word' id='word_1_341' title='bbox 1460 2072 1583 2105; x_wconf 65' lang='lat' dir='ltr'>Perii?</span> <span class='ocrx_word' id='word_1_342' title='bbox 1627 2073 1782 2104; x_wconf 81' lang='lat' dir='ltr'>Donatus</span> 
     </span>
     <span class='ocr_line' id='line_1_35' title="bbox 328 2115 1781 2156; baseline 0.001 -11"><span class='ocrx_word' id='word_1_343' title='bbox 328 2116 451 2146; x_wconf 87' lang='lat' dir='ltr'>iterum</span> <span class='ocrx_word' id='word_1_344' title='bbox 467 2127 473 2144; x_wconf 89' lang='lat'>:</span> <span class='ocrx_word' id='word_1_345' title='bbox 500 2116 508 2132; x_wconf 91' lang='lat'>‘</span> <span class='ocrx_word' id='word_1_346' title='bbox 526 2119 535 2132; x_wconf 87' lang='lat'>‘</span> <span class='ocrx_word' id='word_1_347' title='bbox 550 2115 639 2146; x_wconf 87' lang='lat' dir='ltr'>Hem</span> <span class='ocrx_word' id='word_1_348' title='bbox 654 2117 674 2146; x_wconf 88' lang='lat'>:’</span> <span class='ocrx_word' id='word_1_349' title='bbox 697 2120 774 2146; x_wconf 89' lang='lat' dir='ltr'>sunt</span> <span class='ocrx_word' id='word_1_350' title='bbox 799 2115 854 2156; x_wconf 88' lang='lat' dir='ltr'>qui</span> <span class='ocrx_word' id='word_1_351' title='bbox 871 2119 996 2154; x_wconf 84' lang='lat' dir='ltr'>putant</span> <span class='ocrx_word' id='word_1_352' title='bbox 1011 2115 1183 2146; x_wconf 88' lang='lat' dir='ltr'>Simonem</span> <span class='ocrx_word' id='word_1_353' title='bbox 1198 2119 1207 2133; x_wconf 87' lang='lat'><em>‘</em></span> <span class='ocrx_word' id='word_1_354' title='bbox 1221 2115 1326 2147; x_wconf 90' lang='lat' dir='ltr'>Hem’</span> <span class='ocrx_word' id='word_1_355' title='bbox 1350 2116 1477 2155; x_wconf 88' lang='lat' dir='ltr'>dicere,</span> <span class='ocrx_word' id='word_1_356' title='bbox 1492 2116 1693 2147; x_wconf 86' lang='lat' dir='ltr'>irascentem</span> <span class='ocrx_word' id='word_1_357' title='bbox 1710 2115 1781 2147; x_wconf 80' lang='lat' dir='ltr'>filio</span> 
     </span>
     <span class='ocr_line' id='line_1_36' title="bbox 329 2157 1782 2200; baseline 0.001 -12"><span class='ocrx_word' id='word_1_358' title='bbox 329 2158 503 2189; x_wconf 89' lang='lat' dir='ltr'>Critonem</span> <span class='ocrx_word' id='word_1_359' title='bbox 531 2158 770 2189; x_wconf 71' lang='lat' dir='ltr'>submonenti!</span> <span class='ocrx_word' id='word_1_360' title='bbox 815 2158 906 2188; x_wconf 82' lang='lat' dir='ltr'>Hinc</span> <span class='ocrx_word' id='word_1_361' title='bbox 937 2163 1049 2198; x_wconf 86' lang='lat' dir='ltr'>patet,</span> <span class='ocrx_word' id='word_1_362' title='bbox 1070 2159 1148 2189; x_wconf 90' lang='lat' dir='ltr'>olim</span> <span class='ocrx_word' id='word_1_363' title='bbox 1165 2157 1268 2190; x_wconf 81' lang='lat' dir='ltr'>fuisse</span> <span class='ocrx_word' id='word_1_364' title='bbox 1289 2157 1347 2200; x_wconf 87' lang='lat' dir='ltr'>qui</span> <span class='ocrx_word' id='word_1_365' title='bbox 1371 2159 1453 2190; x_wconf 89' lang='lat' dir='ltr'>illud</span> <span class='ocrx_word' id='word_1_366' title='bbox 1477 2163 1486 2176; x_wconf 90' lang='lat'>‘</span> <span class='ocrx_word' id='word_1_367' title='bbox 1504 2158 1654 2190; x_wconf 86' lang='lat' dir='ltr'>Phania&#39;</span> <span class='ocrx_word' id='word_1_368' title='bbox 1685 2159 1782 2189; x_wconf 83' lang='lat' dir='ltr'>Pam-</span> 
     </span>
     <span class='ocr_line' id='line_1_37' title="bbox 330 2200 1784 2242; baseline 0.002 -12"><span class='ocrx_word' id='word_1_369' title='bbox 330 2201 422 2240; x_wconf 88' lang='lat' dir='ltr'>philo</span> <span class='ocrx_word' id='word_1_370' title='bbox 439 2200 640 2240; x_wconf 86' lang='lat' dir='ltr'>tribuerent,</span> <span class='ocrx_word' id='word_1_371' title='bbox 655 2210 720 2231; x_wconf 89' lang='lat' dir='ltr'>non</span> <span class='ocrx_word' id='word_1_372' title='bbox 736 2200 880 2232; x_wconf 87' lang='lat' dir='ltr'>Critoni.</span> <span class='ocrx_word' id='word_1_373' title='bbox 926 2201 1055 2238; x_wconf 83' lang='lat' dir='ltr'>Recte;</span> <span class='ocrx_word' id='word_1_374' title='bbox 1080 2201 1169 2232; x_wconf 88' lang='lat' dir='ltr'>unde</span> <span class='ocrx_word' id='word_1_375' title='bbox 1186 2202 1234 2233; x_wconf 86' lang='lat' dir='ltr'>sic</span> <span class='ocrx_word' id='word_1_376' title='bbox 1249 2201 1449 2242; x_wconf 79' lang='lat' dir='ltr'>legendum:</span> <span class='ocrx_word' id='word_1_377' title='bbox 1475 2202 1598 2233; x_wconf 79' lang='lat' dir='ltr'>Nomen</span> <span class='ocrx_word' id='word_1_378' title='bbox 1620 2204 1684 2233; x_wconf 80' lang='lat' dir='ltr'>tam</span> <span class='ocrx_word' id='word_1_379' title='bbox 1699 2200 1784 2233; x_wconf 73' lang='lat' dir='ltr'>cito?</span> 
     </span>
     <span class='ocr_line' id='line_1_38' title="bbox 328 2242 1782 2285; baseline 0 -11"><span class='ocrx_word' id='word_1_380' title='bbox 328 2244 395 2274; x_wconf 84' lang='grc' dir='ltr'>ΡΑ.</span> <span class='ocrx_word' id='word_1_381' title='bbox 420 2244 555 2274; x_wconf 78' lang='lat' dir='ltr'>Phania.</span> <span class='ocrx_word' id='word_1_382' title='bbox 591 2243 659 2274; x_wconf 81' lang='lat' dir='ltr'>CH.</span> <span class='ocrx_word' id='word_1_383' title='bbox 684 2244 778 2274; x_wconf 84' lang='lat' dir='ltr'>Hem.</span> <span class='ocrx_word' id='word_1_384' title='bbox 823 2242 996 2283; x_wconf 88' lang='lat' dir='ltr'>Ejecimus</span> <span class='ocrx_word' id='word_1_385' title='bbox 1013 2243 1084 2283; x_wconf 76' lang='lat' dir='ltr'>tibi,</span> <span class='ocrx_word' id='word_1_386' title='bbox 1100 2243 1190 2285; x_wconf 89' lang='lat' dir='ltr'>quod</span> <span class='ocrx_word' id='word_1_387' title='bbox 1207 2245 1306 2275; x_wconf 86' lang='lat' dir='ltr'>abest</span> <span class='ocrx_word' id='word_1_388' title='bbox 1319 2254 1338 2275; x_wconf 87' lang='lat' dir='ltr'>a</span> <span class='ocrx_word' id='word_1_389' title='bbox 1355 2245 1394 2275; x_wconf 87' lang='lat' dir='ltr'>R.</span> <span class='ocrx_word' id='word_1_390' title='bbox 1407 2249 1442 2275; x_wconf 87' lang='lat' dir='ltr'>et</span> <span class='ocrx_word' id='word_1_391' title='bbox 1457 2244 1558 2276; x_wconf 89' lang='lat' dir='ltr'>CCC.</span> <span class='ocrx_word' id='word_1_392' title='bbox 1572 2248 1609 2275; x_wconf 89' lang='lat' dir='ltr'>et</span> <span class='ocrx_word' id='word_1_393' title='bbox 1624 2243 1658 2275; x_wconf 90' lang='lat' dir='ltr'>in</span> <span class='ocrx_word' id='word_1_394' title='bbox 1674 2245 1782 2276; x_wconf 85' lang='lat' dir='ltr'>altero</span> 
     </span>
     <span class='ocr_line' id='line_1_39' title="bbox 328 2286 1782 2327; baseline 0 -11"><span class='ocrx_word' id='word_1_395' title='bbox 328 2288 403 2317; x_wconf 83' lang='lat'><strong>900.</strong></span> <span class='ocrx_word' id='word_1_396' title='bbox 426 2296 587 2317; x_wconf 88' lang='lat' dir='ltr'>annorum</span> <span class='ocrx_word' id='word_1_397' title='bbox 613 2296 632 2316; x_wconf 91' lang='lat' dir='ltr'>a</span> <span class='ocrx_word' id='word_1_398' title='bbox 659 2296 760 2317; x_wconf 88' lang='lat' dir='ltr'>manu</span> <span class='ocrx_word' id='word_1_399' title='bbox 777 2286 924 2317; x_wconf 86' lang='lat' dir='ltr'>secunda</span> <span class='ocrx_word' id='word_1_400' title='bbox 940 2290 993 2316; x_wconf 86' lang='lat' dir='ltr'>est</span> <span class='ocrx_word' id='word_1_401' title='bbox 1021 2291 1097 2326; x_wconf 82' lang='lat' dir='ltr'>post</span> <span class='ocrx_word' id='word_1_402' title='bbox 1124 2296 1295 2326; x_wconf 78' lang='lat' dir='ltr'>rasuram3</span> <span class='ocrx_word' id='word_1_403' title='bbox 1319 2292 1357 2318; x_wconf 89' lang='lat' dir='ltr'>ut</span> <span class='ocrx_word' id='word_1_404' title='bbox 1378 2288 1457 2327; x_wconf 86' lang='lat' dir='ltr'>jure</span> <span class='ocrx_word' id='word_1_405' title='bbox 1485 2287 1561 2327; x_wconf 88' lang='lat' dir='ltr'>quis</span> <span class='ocrx_word' id='word_1_406' title='bbox 1588 2286 1782 2327; x_wconf 80' lang='lat' dir='ltr'>suspicetur</span> 
     </span>
     <span class='ocr_line' id='line_1_40' title="bbox 328 2328 1784 2370; baseline 0 -11"><span class='ocrx_word' id='word_1_407' title='bbox 328 2329 427 2360; x_wconf 80' lang='grc' dir='ltr'><strong>ΡΑΜ.</strong></span> <span class='ocrx_word' id='word_1_408' title='bbox 452 2328 558 2360; x_wconf 88' lang='lat' dir='ltr'>fuisse</span> <span class='ocrx_word' id='word_1_409' title='bbox 575 2338 719 2369; x_wconf 85' lang='lat' dir='ltr'>erasum,</span> <span class='ocrx_word' id='word_1_410' title='bbox 735 2333 771 2360; x_wconf 87' lang='lat' dir='ltr'>et</span> <span class='ocrx_word' id='word_1_411' title='bbox 787 2329 1030 2368; x_wconf 84' lang='lat' dir='ltr'>interpolatum</span> <span class='ocrx_word' id='word_1_412' title='bbox 1045 2328 1115 2359; x_wconf 82' lang='lat' dir='ltr'>tibi.</span> <span class='ocrx_word' id='word_1_413' title='bbox 1139 2330 1243 2361; x_wconf 88' lang='lat' dir='ltr'>Bent.</span> <span class='ocrx_word' id='word_1_414' title='bbox 1286 2330 1343 2361; x_wconf 88' lang='lat' dir='ltr'>Sic</span> <span class='ocrx_word' id='word_1_415' title='bbox 1359 2330 1418 2360; x_wconf 72' lang='grc' dir='ltr'>ΒΓ.</span> <span class='ocrx_word' id='word_1_416' title='bbox 1433 2330 1536 2370; x_wconf 82' lang='lat' dir='ltr'>legit:</span> <span class='ocrx_word' id='word_1_417' title='bbox 1559 2330 1699 2361; x_wconf 81' lang='lat' dir='ltr'>Nomen:</span> <span class='ocrx_word' id='word_1_418' title='bbox 1712 2330 1784 2368; x_wconf 79' lang='lat' dir='ltr'>jam</span> 
     </span>
     <span class='ocr_line' id='line_1_41' title="bbox 329 2369 1783 2410; baseline 0.001 -9"><span class='ocrx_word' id='word_1_419' title='bbox 329 2372 391 2402; x_wconf 75' lang='lat' dir='ltr'>cito</span> <span class='ocrx_word' id='word_1_420' title='bbox 419 2370 502 2403; x_wconf 73' lang='lat' dir='ltr'>tibi?</span> <span class='ocrx_word' id='word_1_421' title='bbox 536 2371 672 2403; x_wconf 79' lang='lat' dir='ltr'>Phania.</span> <span class='ocrx_word' id='word_1_422' title='bbox 726 2372 781 2403; x_wconf 88' lang='lat' dir='ltr'>Sic</span> <span class='ocrx_word' id='word_1_423' title='bbox 805 2372 966 2402; x_wconf 86' lang='lat' dir='ltr'>Bothius:</span> <span class='ocrx_word' id='word_1_424' title='bbox 999 2369 1144 2403; x_wconf 78' lang='lat' dir='ltr'>Nomen?</span> <span class='ocrx_word' id='word_1_425' title='bbox 1196 2373 1272 2404; x_wconf 82' lang='lat' dir='ltr'>Tam</span> <span class='ocrx_word' id='word_1_426' title='bbox 1301 2373 1373 2403; x_wconf 73' lang='lat' dir='ltr'>cito.</span> <span class='ocrx_word' id='word_1_427' title='bbox 1424 2372 1562 2404; x_wconf 79' lang='lat' dir='ltr'>Phania.</span> <span class='ocrx_word' id='word_1_428' title='bbox 1607 2373 1680 2404; x_wconf 82' lang='lat' dir='ltr'>Dat</span> <span class='ocrx_word' id='word_1_429' title='bbox 1704 2371 1783 2410; x_wconf 81' lang='lat' dir='ltr'>Ejus</span> 
     </span>
     <span class='ocr_line' id='line_1_42' title="bbox 328 2413 1780 2454; baseline 0 -10"><span class='ocrx_word' id='word_1_430' title='bbox 328 2424 437 2445; x_wconf 83' lang='lat' dir='ltr'>nomen</span> <span class='ocrx_word' id='word_1_431' title='bbox 452 2415 501 2445; x_wconf 68' lang='lat' dir='ltr'>&lt;lic</span> <span class='ocrx_word' id='word_1_432' title='bbox 518 2413 634 2445; x_wconf 89' lang='lat' dir='ltr'>Guelf.</span> <span class='ocrx_word' id='word_1_433' title='bbox 652 2417 770 2445; x_wconf 82' lang='lat'><strong>3.—26</strong></span> <span class='ocrx_word' id='word_1_434' title='bbox 793 2414 802 2430; x_wconf 86' lang='lat'>‘</span> <span class='ocrx_word' id='word_1_435' title='bbox 820 2414 924 2445; x_wconf 82' lang='lat' dir='ltr'>Hem’</span> <span class='ocrx_word' id='word_1_436' title='bbox 947 2414 1110 2454; x_wconf 82' lang='lat' dir='ltr'>rejiciunt</span> <span class='ocrx_word' id='word_1_437' title='bbox 1138 2414 1172 2445; x_wconf 93' lang='lat' dir='ltr'>in</span> <span class='ocrx_word' id='word_1_438' title='bbox 1199 2425 1248 2446; x_wconf 89' lang='lat' dir='ltr'>vs.</span> <span class='ocrx_word' id='word_1_439' title='bbox 1265 2417 1318 2446; x_wconf 84' lang='grc'>27.</span> <span class='ocrx_word' id='word_1_440' title='bbox 1342 2416 1444 2446; x_wconf 85' lang='lat' dir='ltr'>Bent.</span> <span class='ocrx_word' id='word_1_441' title='bbox 1461 2415 1563 2446; x_wconf 88' lang='lat' dir='ltr'>Both.</span> <span class='ocrx_word' id='word_1_442' title='bbox 1611 2415 1704 2446; x_wconf 80' lang='lat' dir='ltr'>Certe</span> <span class='ocrx_word' id='word_1_443' title='bbox 1722 2415 1780 2444; x_wconf 67' lang='grc' dir='ltr'>ΒΓ.</span> 
     </span>
     <span class='ocr_line' id='line_1_43' title="bbox 329 2456 1782 2499; baseline 0.001 -12"><span class='ocrx_word' id='word_1_444' title='bbox 329 2459 413 2487; x_wconf 81' lang='grc'>-27</span> <span class='ocrx_word' id='word_1_445' title='bbox 437 2457 511 2488; x_wconf 77' lang='lat' dir='ltr'>Sese</span> <span class='ocrx_word' id='word_1_446' title='bbox 526 2457 611 2489; x_wconf 75' lang='lat' dir='ltr'>aibat</span> <span class='ocrx_word' id='word_1_447' title='bbox 627 2457 715 2498; x_wconf 81' lang='lat' dir='ltr'>lege.</span> <span class='ocrx_word' id='word_1_448' title='bbox 735 2458 829 2488; x_wconf 76' lang='lat' dir='ltr'>Benc.</span> <span class='ocrx_word' id='word_1_449' title='bbox 873 2456 946 2488; x_wconf 83' lang='lat' dir='ltr'>Sese</span> <span class='ocrx_word' id='word_1_450' title='bbox 972 2458 1032 2488; x_wconf 87' lang='lat' dir='ltr'>dat</span> <span class='ocrx_word' id='word_1_451' title='bbox 1058 2458 1238 2489; x_wconf 81' lang='lat' dir='ltr'>Perl.—28</span> <span class='ocrx_word' id='word_1_452' title='bbox 1262 2458 1359 2498; x_wconf 89' lang='lat' dir='ltr'>Ejice</span> <span class='ocrx_word' id='word_1_453' title='bbox 1375 2462 1452 2498; x_wconf 82' lang='lat' dir='ltr'>tum,</span> <span class='ocrx_word' id='word_1_454' title='bbox 1467 2457 1558 2499; x_wconf 91' lang='lat' dir='ltr'>quod</span> <span class='ocrx_word' id='word_1_455' title='bbox 1573 2458 1685 2489; x_wconf 87' lang='lat' dir='ltr'>necin</span> <span class='ocrx_word' id='word_1_456' title='bbox 1702 2457 1782 2488; x_wconf 87' lang='lat' dir='ltr'>Pet.</span> 
     </span>
    </p>
   </div>
   <div class='ocr_carea' id='block_1_8' title="bbox 985 2543 1127 2576">
    <p class='ocr_par' dir='ltr' id='par_1_11' title="bbox 985 2543 1127 2576">
     <span class='ocr_line' id='line_1_44' title="bbox 985 2543 1127 2576; baseline 0 0"><span class='ocrx_word' id='word_1_457' title='bbox 985 2543 1127 2576; x_wconf 84' lang='lat' dir='ltr'><strong>NOTAE</strong></span> 
     </span>
    </p>
   </div>
   <div class='ocr_carea' id='block_1_9' title="bbox 331 2606 1782 2801">
    <p class='ocr_par' dir='ltr' id='par_1_12' title="bbox 331 2606 1782 2801">
     <span class='ocr_line' id='line_1_45' title="bbox 373 2606 1782 2648; baseline -0.001 -10"><span class='ocrx_word' id='word_1_458' title='bbox 373 2610 414 2638; x_wconf 81' lang='lat'>27</span> <span class='ocrx_word' id='word_1_459' title='bbox 454 2607 693 2648; x_wconf 79' lang='lat' dir='ltr'>Rhamnusium]</span> <span class='ocrx_word' id='word_1_460' title='bbox 737 2608 965 2640; x_wconf 81' lang='lat' dir='ltr'>Rhamnusius</span> <span class='ocrx_word' id='word_1_461' title='bbox 1009 2619 1028 2641; x_wconf 87' lang='lat' dir='ltr'>a</span> <span class='ocrx_word' id='word_1_462' title='bbox 1083 2610 1117 2641; x_wconf 90' lang='lat' dir='ltr'>id</span> <span class='ocrx_word' id='word_1_463' title='bbox 1135 2610 1341 2642; x_wconf 85' lang='lat' dir='ltr'>Rhamnusia</span> <span class='ocrx_word' id='word_1_464' title='bbox 1365 2609 1456 2640; x_wconf 89' lang='lat' dir='ltr'>dicta</span> <span class='ocrx_word' id='word_1_465' title='bbox 1479 2606 1559 2648; x_wconf 86' lang='lat' dir='ltr'>est),</span> <span class='ocrx_word' id='word_1_466' title='bbox 1573 2607 1716 2648; x_wconf 86' lang='lat' dir='ltr'>ejusque</span> <span class='ocrx_word' id='word_1_467' title='bbox 1739 2607 1782 2637; x_wconf 90' lang='lat' dir='ltr'>si-</span> 
     </span>
     <span class='ocr_line' id='line_1_46' title="bbox 331 2657 1782 2701; baseline -0.001 -11"><span class='ocrx_word' id='word_1_468' title='bbox 331 2658 559 2698; x_wconf 86' lang='lat' dir='ltr'>Rhamuunte,</span> <span class='ocrx_word' id='word_1_469' title='bbox 577 2659 739 2699; x_wconf 82' lang='lat' dir='ltr'>oppidulo</span> <span class='ocrx_word' id='word_1_470' title='bbox 760 2659 898 2700; x_wconf 78' lang='lat' dir='ltr'>Atticae,</span> <span class='ocrx_word' id='word_1_471' title='bbox 913 2661 945 2690; x_wconf 86' lang='lat' dir='ltr'>in</span> <span class='ocrx_word' id='word_1_472' title='bbox 963 2669 1029 2701; x_wconf 89' lang='lat' dir='ltr'>quo</span> <span class='ocrx_word' id='word_1_473' title='bbox 1083 2661 1269 2692; x_wconf 87' lang='lat' dir='ltr'>mulacrum</span> <span class='ocrx_word' id='word_1_474' title='bbox 1287 2668 1508 2692; x_wconf 86' lang='lat' dir='ltr'>marmoreum</span> <span class='ocrx_word' id='word_1_475' title='bbox 1525 2657 1653 2689; x_wconf 79' lang='lat' dir='ltr'>factum</span> <span class='ocrx_word' id='word_1_476' title='bbox 1670 2667 1690 2689; x_wconf 85' lang='lat' dir='ltr'>a</span> <span class='ocrx_word' id='word_1_477' title='bbox 1703 2657 1782 2689; x_wconf 91' lang='lat' dir='ltr'>Phi-</span> 
     </span>
     <span class='ocr_line' id='line_1_47' title="bbox 332 2707 1779 2749; baseline 0.001 -12"><span class='ocrx_word' id='word_1_478' title='bbox 332 2707 590 2738; x_wconf 85' lang='lat' dir='ltr'>celeberrimum</span> <span class='ocrx_word' id='word_1_479' title='bbox 619 2707 684 2738; x_wconf 84' lang='lat' dir='ltr'>fuit</span> <span class='ocrx_word' id='word_1_480' title='bbox 711 2710 873 2749; x_wconf 82' lang='lat' dir='ltr'>templum</span> <span class='ocrx_word' id='word_1_481' title='bbox 906 2710 1030 2741; x_wconf 78' lang='lat' dir='ltr'>Neme·</span> <span class='ocrx_word' id='word_1_482' title='bbox 1085 2710 1139 2741; x_wconf 87' lang='lat' dir='ltr'>dia</span> <span class='ocrx_word' id='word_1_483' title='bbox 1176 2710 1279 2742; x_wconf 84' lang='lat' dir='ltr'>nobili</span> <span class='ocrx_word' id='word_1_484' title='bbox 1308 2709 1487 2748; x_wconf 82' lang='lat' dir='ltr'>statuario,</span> <span class='ocrx_word' id='word_1_485' title='bbox 1524 2709 1630 2741; x_wconf 85' lang='lat' dir='ltr'>altum</span> <span class='ocrx_word' id='word_1_486' title='bbox 1660 2707 1779 2739; x_wconf 83' lang='lat' dir='ltr'>decem</span> 
     </span>
     <span class='ocr_line' id='line_1_48' title="bbox 333 2757 1191 2801; baseline 0.006 -14"><span class='ocrx_word' id='word_1_487' title='bbox 333 2757 391 2797; x_wconf 78' lang='lat' dir='ltr'>sis,</span> <span class='ocrx_word' id='word_1_488' title='bbox 408 2758 490 2789; x_wconf 86' lang='lat' dir='ltr'>Deae</span> <span class='ocrx_word' id='word_1_489' title='bbox 504 2757 633 2790; x_wconf 85' lang='lat' dir='ltr'>ultricis</span> <span class='ocrx_word' id='word_1_490' title='bbox 646 2759 868 2799; x_wconf 87' lang='lat' dir='ltr'>superborum</span> <span class='ocrx_word' id='word_1_491' title='bbox 882 2760 971 2801; x_wconf 84' lang='lat' dir='ltr'>(quae</span> <span class='ocrx_word' id='word_1_492' title='bbox 986 2760 1030 2792; x_wconf 91' lang='lat' dir='ltr'>ob</span> <span class='ocrx_word' id='word_1_493' title='bbox 1084 2760 1191 2792; x_wconf 82' lang='lat' dir='ltr'>ulnas.</span> 
     </span>
    </p>
   </div>
  </div>
 </body>
</html>
