1903 3306
548 221 773 252 EUNUcffl
812 211 917 250 A‘c-T.
950 219 1015 250 iv.
1047 218 1114 248 so.
1149 220 1212 248 vx.
1517 207 1602 248 489

150 318 235 361 Sed
258 330 409 359 eccam
430 317 577 370 ipsam
595 330 604 358 ε
636 315 765 357 miror
786 316 860 356 ubi
882 328 962 369 ego
981 315 1081 356 huic
1103 313 1417 355 antevorterim.

150 444 276 476 aedibus.
322 443 383 474 Sed
398 453 464 474 ecce
477 443 585 482 ipsam.
632 442 736 473 Miror
750 441 784 471 in
799 450 858 481 qua
870 444 960 480 parte
975 439 1034 471 viae
1044 448 1110 470 eam
1125 438 1350 470 antecesserim.

759 531 992 544 eeeeeeeeeeee

149 599 263 633 Guelf.
278 602 396 631 2.-—12
420 599 484 640 Ips.
498 599 587 630 video
603 598 670 629 Ms.
687 597 783 637 Lips.
799 598 871 628 ΕΡ.
890 597 956 628 ΕΤ.
974 596 1045 628 EV.
1065 599 1093 628 l.
1123 595 1224 626 IVest.
1270 594 1336 634 Ips.
1353 594 1439 624 video
1456 594 1496 624 R.
1536 594 1603 633 Ego

149 645 220 674 hinc
236 644 318 674 Vet.
336 642 419 673 Cod.
442 642 537 672 Lind.
583 641 649 672 Ms.
666 640 776 670 Paris.
794 650 848 681 ap.
864 641 947 671 Par.
962 640 1044 671 hinc.
1098 638 1193 670 Video
1219 643 1297 678 post
1319 638 1328 654 ‘
1345 636 1420 677 ips!
1444 635 1557 668 Guelf.
1574 640 1605 668 3.

150 687 239 718 Perl.
284 686 350 727 Ips.
365 685 452 718 video
468 689 502 717 et
517 684 587 716 huic
601 693 658 723 ego
671 683 795 724 Delph-

540 994 743 1037 ACTUS
777 994 860 1036 IV.
891 990 1097 1034 SCENA
1129 990 1212 1033 VI.

524 1133 690 1164 THAIS.
723 1133 973 1163 CHREMES·
1007 1129 1244 1161 PYTHlAS.

149 1214 244 1256 ΤΗ.
274 1212 446 1255 Cauno
479 1212 683 1266 equidem
714 1211 835 1252 illum
865 1211 961 1264 jam
985 1209 1222 1250 affuturum
1242 1218 1354 1256 esse,
1371 1207 1418 1247 ut
1436 1203 1556 1245 illam
1579 1213 1606 1241 a

321 1294 392 1322 me
414 1281 586 1334 eripiat.
647 1280 752 1320 Sine
773 1278 945 1320 veniat!

151 1347 308 1402 Atqui,
329 1349 366 1390 si
387 1349 508 1390 illam
528 1349 665 1401 digito
687 1348 881 1400 attigerit
901 1359 1004 1396 uno,
1023 1345 1141 1386 oculi
1155 1342 1278 1384 illico
1300 1339 1579 1382 effodientur.

149 1415 305 1469 Usque
328 1416 443 1457 adeo
465 1430 545 1470 ego
575 1416 694 1457 illius
721 1415 834 1457 ferre
862 1426 1051 1469 possum
1079 1411 1270 1465 ineptias
1296 1413 1340 1450 et
1370 1405 1607 1461 magnifica

319 1483 471 1534 verba,

149 1546 303 1591 Verba
325 1550 429 1591 dum
451 1550 566 1592 sint:
601 1563 753 1592 verum
774 1550 905 1598 enim,
921 1548 959 1589 si
979 1547 1036 1589 ad
1057 1559 1145 1588 rem
1166 1545 1609 1595 conferentur,vapu-

318 1618 445 1659 labit.

152 1685 241 1727 CH.
272 1686 427 1736 Thais,
448 1699 528 1739 ego
544 1685 811 1740 jamdudum
830 1684 902 1726 hic
925 1683 1093 1725 adsum.
1149 1681 1241 1723 ΤΗ.
1264 1679 1303 1721 Ο
1324 1678 1384 1722 mi
1405 1676 1605 1726 Chreme,

319 1758 361 1795 te
379 1755 527 1808 ipsum
547 1754 857 1809 expectabam.
1577 1746 1606 1785 5

191 1880 258 1912 ΤΗ.
282 1880 367 1912 Puto
384 1884 465 1912 certe
479 1880 566 1912 illum
593 1881 778 1911 Thrasonem
802 1889 875 1910 moa:
899 1878 1114 1915 adventurum,
1137 1877 1173 1906 ut
1187 1875 1275 1906 illam
1299 1871 1495 1912 Pamphilam
1521 1880 1539 1901 a
1560 1877 1609 1899 me

148 1924 264 1962 rapiat.
310 1923 386 1954 Sine
396 1924 521 1955 veniat.-
544 1924 643 1964 atqui,
656 1924 685 1954 si
700 1924 786 1954 illam
802 1932 917 1953 summo
933 1921 1078 1959 attigerit
1099 1918 1213 1957 digito,
1228 1916 1337 1948 statim
1360 1916 1387 1946 ei
1405 1914 1484 1945 oculi
1499 1921 1609 1944 eruen-

148 1969 212 1996 tur.
258 1965 368 1997 Adhuc
382 1976 474 2007 usque
491 1968 622 1997 tolerare
639 1976 763 2007 possum
778 1965 863 1995 illius
876 1964 1010 2004 ineptias
1030 1967 1061 1994 et
1081 1962 1218 2000 gloriosa
1233 1959 1336 1995 verba,
1358 1958 1518 1988 dummodo
1541 1959 1610 1986 tau-

150 2011 216 2039 tam
230 2009 295 2040 sint
311 2009 403 2040 verba
414 2020 424 2040 .·
446 2018 530 2048 nam,
544 2010 573 2040 si
588 2010 621 2040 in
637 2019 702 2040 rem
717 2009 915 2047 deducant-ur,
930 2010 971 2042 et,
987 2016 1055 2047 quae
1076 2006 1129 2036 ine
1145 2003 1233 2042 dicit,
1244 2012 1330 2043 opere
1346 2001 1457 2041 exequi
1472 2002 1608 2036 conetur,

145 2052 251 2092 plagis
270 2052 418 2084 caedetur.
474 2054 541 2084 CH.
580 2052 687 2092 Thais,
706 2051 776 2091 jam
798 2052 920 2092 pridem
943 2050 1002 2080 leuc
1026 2047 1147 2080 adveni.
1190 2047 1259 2078 ΤΗ.
1295 2046 1325 2076 Ο
1347 2044 1391 2075 mi
1417 2043 1561 2082 Chreme,
1578 2043 1608 2072 te

769 2145 829 2158 ‘O‘
833 2142 1012 2156 ‘mn-⁶90

193 2220 210 2248 1
235 2216 312 2248 Sine
335 2214 456 2255 veniat]
480 2213 568 2246 Haec
592 2213 715 2245 absunt
739 2223 759 2244 a
782 2213 850 2244 Ms.
877 2212 970 2252 Lips.
999 2209 1100 2242 West.
1148 2207 1249 2238 Credo
1274 2203 1412 2245 equidem
1434 2201 1522 2233 illum
1537 2199 1607 2248 jam

147 2260 322 2301 affuturum
336 2262 370 2290 ut
387 2260 472 2289 illam
487 2267 505 2288 α
523 2267 569 2288 me
583 2257 714 2297 eripiat:
737 2255 818 2295 sine]
843 2255 944 2286 Hunc
961 2262 1095 2284 versum
1120 2251 1170 2281 ita
1195 2250 1228 2280 in
1247 2248 1416 2288 aliquibus
1431 2246 1454 2276 l.
1472 2255 1498 2276 s.
1515 2243 1607 2293 ordi-

147 2308 264 2334 uatum
280 2302 428 2341 invenio,
450 2305 489 2331 ut
513 2299 737 2340 comprendat
758 2299 861 2329 etiam
886 2297 1026 2328 verbum
1052 2295 1170 2333 veniat,
1193 2291 1283 2333 quod
1310 2291 1343 2321 in
1371 2290 1540 2337 impp-essm
1556 2295 1608 2317 se·

149 2346 268 2386 quenti
294 2344 406 2376 versui
433 2343 642 2374 attribuitur.
689 2345 848 2373 Ceterum
877 2340 965 2382 quod
995 2337 1162 2379 sequitur,
1186 2336 1238 2376 qui
1263 2336 1292 2365 si
1315 2334 1416 2370 illam,
1443 2336 1490 2379 ita
1518 2329 1607 2360 solus

149 2389 246 2420 Rem.
265 2388 391 2419 habet:
417 2386 472 2417 atii
490 2396 617 2424 omnes,
639 2391 697 2415 aut
713 2384 811 2425 atqui,
835 2389 873 2414 ut
896 2388 931 2414 et
956 2383 1123 2418 Donatus,
1149 2382 1206 2409 aut
1229 2380 1330 2417 atque.
1377 2375 1533 2415 Ineptzum
1557 2381 1606 2403 vs.

149 2434 179 2462 3.
196 2431 295 2462 estin
311 2431 409 2461 Bem.
426 2433 461 2460 et
481 2428 585 2459 fuisse
603 2428 635 2458 in
653 2428 708 2459 Vi.
727 2434 761 2458 et
785 2427 973 2458 Decurtato
990 2434 1032 2455 ex
1050 2431 1165 2454 rasura
1181 2421 1311 2451 ultimae
1328 2418 1434 2449 literae
1452 2418 1608 2456 apparet.

149 2475 209 2505 Fa.
241 2473 329 2505 Dele
343 2482 407 2503 esse
422 2481 498 2503 cum
517 2476 600 2502 vett.
616 2470 705 2501 Edd.
730 2471 829 2501 Bent.
865 2468 956 2508 Janz]
972 2468 1010 2499 C.
1027 2467 1060 2499 J.
1078 2466 1115 2506 [i.
1132 2475 1162 2496 e.
1177 2463 1349 2495 Cod.Jen.
1365 2466 1402 2491 ut
1420 2456 1606 2507 putat-unffi]

148 2518 274 2548 dudum.
300 2516 393 2547 Perl.
439 2515 516 2544 Esse
531 2514 646 2544 delent
662 2514 764 2544 Both.
789 2513 881 2543 Perl.
931 2512 1018 2548 Esse,
1033 2510 1118 2540 illam
1134 2510 1166 2538 ai
1183 2506 1295 2546 eripiat
1310 2503 1436 2543 Delph.
1481 2501 1607 2549 Sanelut

149 2558 266 2591 Guelf.
292 2561 388 2591 2.-—-2
411 2557 467 2588 Sic
495 2558 584 2597 lego,
607 2557 766 2596 attigerit,
793 2556 873 2586 oculi
895 2554 942 2585 illi
967 2555 1049 2585 illico
1075 2550 1129 2592 eff.
1154 2551 1257 2580 Bent.
1304 2547 1341 2578 Si
1359 2547 1452 2578 illanc
1466 2554 1524 2575 uno
1540 2546 1608 2582 αις.

147 2603 305 2642 attigerit,
329 2600 408 2632 oculi
433 2601 461 2630 ei
483 2600 565 2631 illico
581 2599 682 2630 Both.
727 2602 829 2638 Atque
846 2598 988 2638 Bip.-3
1014 2595 1106 2636 Ejice
1124 2592 1204 2624 illud
1222 2602 1302 2630 eg0,·
1326 2589 1414 2631 quod
1432 2599 1450 2619 a
1467 2588 1606 2617 Donato

148 2646 246 2677 abest
268 2646 302 2676 in
319 2644 408 2676 Edd.
426 2647 510 2674 vett.
536 2643 633 2674 Bene.
677 2642 748 2673 Dat
776 2641 879 2672 Both.
907 2640 945 2671 U.
962 2650 992 2671 a.
1007 2639 1093 2669 illius
1104 2636 1135 2675 f.
1149 2637 1282 2675 ega—4
1306 2634 1371 2664 Do.
1389 2637 1424 2662 et
1442 2631 1554 2661 Mstns
1570 2633 1606 2660 et

147 2687 181 2719 in
206 2688 294 2720 Edd.
314 2691 402 2719 vett.
428 2695 533 2717 verum
558 2686 597 2716 si.
645 2685 748 2716 Certe
775 2685 856 2715 enim
879 2682 1006 2714 frustra
1034 2689 1166 2712 versum
1194 2681 1324 2719 gravat.
1352 2676 1512 2723 B³J¹⁸.·—5
1537 2672 1606 2703 Ms.

149 2731 243 2772 Lips.
266 2731 316 2762 hic
329 2740 408 2761 sum.
454 2729 539 2760 Mss·
555 2728 717 2766 Boecleri,
733 2737 808 2759 cum
824 2727 872 2758 M.
889 2731 925 2757 et
941 2725 1033 2766 Lips.
1051 2725 1187 2764 expecto.
1232 2721 1289 2752 Ita
1303 2724 1338 2750 et
1355 2718 1521 2748 editiones
1537 2724 1607 2746 om-

148 2775 240 2806 nium
266 2772 520 2816 antiquissimae,
546 2774 581 2802 et
605 2768 843 2812 Antesignani.
871 2769 971 2801 West.
1015 2767 1147 2799 Vereor
1164 2768 1202 2796 ut
1216 2773 1259 2796 ex
1275 2762 1342 2795 ullo
1359 2760 1435 2793 eod.
1464 2760 1606 2799 expecta-
