1903 3306
282 182 367 227 4612
778 197 817 226 P.
851 195 1092 226 ‘ranan'rn
1128 195 1245 226 Arm

282 289 354 330 Ne
373 288 455 330 hoc
473 289 685 342 gandium
707 289 976 331 contaminet
998 290 1089 331 vita
1110 288 1370 342 aegritudine
1393 290 1558 345 aliqua.

280 357 370 398 Sed
391 359 668 398 neminemne
691 358 918 399 curiosum
940 358 1199 399 intervenire
1220 370 1336 398 nunc
1367 357 1489 407 mihi,
1719 360 1748 401 5

283 423 372 474 Qui
390 438 460 465 me
483 430 718 480 sequatur3
744 439 925 479 quoquo
946 439 1058 474 eam,
1076 425 1303 477 rogitando
1318 425 1550 476 obtundat,
1571 430 1748 479 enecet3

283 492 402 543 Quid
425 495 624 546 gestiam,
647 498 724 536 aut
746 494 851 547 quid
872 494 999 535 laetus
1023 493 1130 544 sim;
1153 505 1242 546 quo
1264 505 1460 546 pergam,
1477 493 1596 534 unde
1613 507 1750 535 emer-

456 574 582 613 gam;
606 563 679 602 ubi
703 562 813 601 siem

281 626 508 670 Vestitum
526 628 641 669 hunc
664 632 846 679 nactus3
871 627 978 681 quid
996 627 1102 669 mihi
1118 640 1315 681 quaeram
1333 641 1344 680 ;
1366 640 1503 670 sanus
1517 629 1617 680 sim,
1635 641 1749 670 anne

456 696 675 737 insaniam
691 697 709 736 ¹?

282 764 376 807 AN.
409 763 573 814 Adibo,
607 768 740 817 atque
773 763 828 803 ab
860 775 912 803 eo
937 763 1126 816 gratiam
1147 762 1276 814 hanc,
1307 776 1442 819 quam
1463 761 1596 804 video
1613 763 1745 813 velle,

456 833 596 873 inibo.

286 901 485 951 Chreme,
519 900 625 954 quid
657 903 738 950 est,
770 899 889 954 quod
920 900 984 941 sic
1017 901 1183 954 gestis?
1215 901 1321 955 quid
1353 900 1439 942 sibi
1465 900 1538 943 hic
1560 900 1751 944 vestitus

459 969 618 1021 quaerit
639 969 657 1009 Τ
1695 968 1752 1009 10

283 1086 346 1113 tere
362 1082 488 1123 possim,
504 1092 542 1112 ne
556 1085 678 1113 tantam
691 1081 842 1120 gaudium
857 1081 922 1111 vita
938 1081 1060 1119 longior
1075 1083 1250 1121 corrumpat
1266 1081 1368 1111 dolore
1383 1081 1505 1121 aliquo:
1527 1080 1581 1111 sed
1597 1089 1702 1110 rerem·
1716 1089 1753 1110 ne

283 1126 388 1156 obvias
404 1125 480 1156 mihi
494 1126 559 1165 fiat
574 1126 712 1156 curiosas
732 1125 858 1165 αῑὶᾳιιὶε,
881 1125 933 1164 qai
957 1124 1099 1164 quaesz'tis
1125 1125 1274 1155 obtundat
1297 1123 1375 1154 mihi
1399 1133 1503 1162 aures,
1526 1133 1580 1154 cnr
1602 1121 1752 1162 gestiam,

282 1168 356 1208 qnid
372 1169 461 1199 [cetus
475 1169 545 1208 sim,
561 1179 617 1208 qao
632 1169 755 1206 vadam,
780 1168 857 1198 ande
881 1169 1036 1207 egrediar,
1065 1167 1143 1198 unde
1168 1167 1246 1198 mihi
1262 1170 1376 1198 vestem
1399 1167 1477 1197 hanc
1501 1164 1752 1206 comparaverim,

283 1211 356 1251 quid
386 1211 462 1241 mihi
487 1221 634 1252 qaoeram,
669 1220 802 1241 sanusne
841 1214 938 1241 mente
962 1211 1033 1249 sim,
1055 1221 1096 1241 an
1118 1210 1293 1242 insaniam?
1341 1209 1407 1240 AN.
1432 1209 1483 1240 Aa
1515 1219 1583 1240 eum
1613 1209 1754 1239 accedam

281 1258 312 1285 et
329 1255 406 1285 lianc
425 1255 565 1294 gratiam
586 1255 650 1293 ejus
674 1256 722 1292 (ut
738 1253 912 1294 desiderat)
939 1253 1123 1284 demerebor.
1174 1252 1378 1289 Quamobrem
1392 1251 1438 1284 sic
1453 1253 1596 1283 exultas?
1631 1251 1753 1287 Quidve

901 1344 1137 1356 eeeeeeeeeeee

276 1411 363 1449 fecto
378 1414 434 1442 est.
482 1410 596 1441 Editio
614 1409 750 1441 Veneta
768 1410 802 1440 in
822 1411 951 1441 Donati
969 1410 1070 1442 Notis
1086 1409 1172 1450 legit
1184 1408 1311 1450 possim,
1334 1407 1422 1450 quod
1441 1407 1529 1439 haud
1546 1406 1631 1446 scio,
1649 1416 1690 1438 an
1708 1407 1752 1439 sit

284 1454 486 1494 elegantius.
514 1454 612 1485 IVest.
662 1454 745 1484 Dae.
762 1458 798 1484 et
814 1454 871 1483 alii
885 1454 1094 1484 interserunt
1110 1457 1228 1493 tempus
1244 1456 1321 1492 post
1336 1454 1344 1468 ‘
1359 1449 1537 1492 profecto.'
1581 1450 1648 1481 Sed
1664 1451 1753 1481 haud

285 1498 388 1529 dubie
406 1503 457 1527 est
476 1497 652 1537 glossema.
675 1496 775 1527 Zezm.
825 1497 916 1526 Nune
939 1496 1053 1537 tempn’
1078 1495 1217 1536 profecto
1244 1497 1303 1534 est,
1325 1504 1393 1525 cum
1418 1493 1540 1534 perpeti
1562 1503 1609 1524 me
1631 1503 1754 1532 possum

284 1541 423 1581 ‘interfici
440 1540 494 1570 ed.
512 1541 703 1579 Deum—4
727 1539 777 1571 M.
791 1539 910 1570 vitam.-
927 1539 1095 1580 quomodo
1113 1544 1146 1569 et
1163 1537 1318 1578 impressi
1333 1537 1470 1578 qnidam
1485 1539 1630 1567 veteres.
1651 1537 1752 1568 West.

284 1587 347 1614 —5
374 1584 427 1614 Ita
445 1583 609 1622 plusculae
627 1582 705 1612 edd.
754 1582 792 1612 In
809 1582 883 1612 aliis
899 1589 964 1622 est,
986 1582 1049 1614 Sed
1065 1582 1216 1612 neminem
1232 1581 1384 1611 curiosum
1397 1579 1457 1611 int.
1471 1588 1551 1611 nunc
1562 1577 1639 1609 mz'lu'
1655 1579 1755 1610 video.

286 1627 443 1658 Qnatuor
459 1625 579 1657 Leidd.
595 1635 673 1656 cum
688 1625 749 1655 Tr.
767 1629 801 1655 et
818 1625 884 1655 Ms.
908 1625 1004 1665 Lips.
1033 1625 1198 1656 Neminem
1219 1625 1270 1655 hic
1295 1623 1450 1654 curiosum
1475 1623 1536 1653 int.
1561 1631 1642 1652 nunc
1667 1622 1756 1653 mihi.

287 1672 373 1702 Quae
392 1669 537 1699 varietas
555 1668 640 1699 facit
658 1668 737 1698 lect.
755 1667 904 1698 dubiam.
951 1669 986 1699 Si
1003 1668 1191 1699 neminemne
1207 1667 1370 1704 retineas,
1396 1665 1533 1696 videtur
1556 1663 1594 1695 τὸ
1610 1664 1675 1695 Sed
1697 1665 1755 1695 ab·

287 1722 361 1744 esse
377 1711 525 1749 debere;
551 1712 686 1752 eritque
703 1712 875 1741 sententia
892 1711 998 1751 magis
1018 1711 1175 1750 abrupta,
1201 1709 1309 1750 qualis
1326 1708 1489 1739 convenit
1504 1707 1538 1738 in
1555 1708 1702 1738 alacrem
1721 1712 1756 1738 et

286 1755 491 1795 gestientem
511 1755 699 1786 Chaeream.
731 1754 789 1784 Sin
803 1754 948 1784 retineas
959 1754 1034 1793 Sed,
1047 1754 1190 1784 multum
1205 1752 1354 1783 decedet
1368 1750 1598 1782 admirationi.
1612 1750 1663 1781 Id.
1693 1750 1756 1780 Sed

287 1798 440 1830 neminem
452 1798 606 1828 curiosum
623 1797 666 1828 G.
683 1797 748 1827 ET.
761 1797 841 1827 EM.
860 1797 910 1827 Id.
924 1798 957 1827 in
968 1798 1052 1828 Add.
1098 1796 1162 1827 Sed
1173 1796 1365 1826 neminemne
1379 1793 1548 1833 curiosum]
1572 1793 1755 1823 'restatum

287 1841 508 1882 relinquimus
524 1841 574 1871 ita
585 1850 658 1871 esse
672 1840 704 1870 in
717 1840 814 1870 Bem.
831 1849 872 1869 ne
887 1840 960 1880 quis
974 1848 1119 1880 unquam
1133 1843 1272 1869 revocet
1284 1838 1316 1868 in
1331 1837 1482 1867 dubium.
1500 1836 1558 1867 Fa.
1592 1835 1648 1866 Sic
1662 1840 1697 1866 et
1710 1835 1754 1867 G.

290 1884 438 1916 Fabricii
451 1883 574 1921 codex,
587 1889 675 1914 etex
689 1883 810 1913 nostris
825 1882 1088 1913 vetustissimus:
1107 1881 1216 1912 ceteri
1230 1879 1502 1919 male,Neminem
1513 1879 1563 1909 hic
1571 1887 1638 1910 cnr.
1650 1878 1755 1909 Bent.

288 1927 390 1967 Mihi]
415 1927 500 1958 GM.
515 1929 613 1958 video.
661 1926 736 1956 Nisi
748 1924 834 1956 forte
852 1927 962 1965 glossa
977 1924 1201 1956 confunditur
1217 1928 1252 1954 et
1269 1927 1393 1954 textus.
1430 1922 1507 1953 Cur.
1523 1921 1573 1952 hic
1590 1919 1707 1952 Guelf.
1725 1924 1756 1951 l.

288 1971 374 2001 Perl.
423 1970 587 2000 Neminem
603 1970 653 2000 hic
668 1978 734 1999 cur.
758 1968 882 1999 1312-0
905 1969 961 1999 Ita
977 1968 1158 1998 ediderunt
1174 1967 1271 1999 Junt.
1290 1965 1409 2003 Aldus,
1434 1965 1484 1996 St.
1502 1965 1563 1995 Fa.
1583 1963 1757 2003 Heinsius,

288 2013 358 2045 alii.
406 2013 565 2054 Gnyetus
585 2022 695 2042 ven-atu
714 2011 795 2042 lect.
813 2017 847 2041 et
873 2011 1053 2050 genuinam
1080 2020 1153 2041 esse
1180 2010 1239 2047 ait,
1262 2019 1361 2049 qnam
1390 2007 1492 2039 etiam
1520 2005 1662 2048 praefert
1688 2007 1756 2037 Ms.

288 2056 387 2096 Lips.
413 2057 464 2097 [et
490 2054 566 2095 Bm]
586 2055 650 2090 Qui
676 2064 723 2084 me
749 2058 908 2093 sequntur,
935 2054 1047 2095 quique
1067 2053 1137 2092 jam
1163 2053 1330 2092 rogitando
1359 2051 1521 2082 obtundat.
1569 2049 1686 2090 Atque
1710 2049 1759 2080 ita

289 2109 385 2130 nunc-
407 2099 507 2138 vulgo
532 2099 657 2129 editur.
703 2098 786 2128 Cum
817 2102 931 2128 autem
958 2097 1121 2127 continuo
1145 2094 1364 2136 praecesserit
1389 2092 1525 2132 ‘nnnc-,⁹
1548 2091 1586 2123 τὸ
1602 2092 1674 2131 jam
1700 2091 1757 2122 vix

289 2142 401 2174 locum
420 2142 582 2173 tuebitur.
629 2141 662 2171 Si
680 2140 888 2180 conjecturae
906 2141 998 2171 locus
1016 2144 1081 2178 est,
1105 2138 1310 2169 crediderim
1329 2146 1385 2168 eas
1403 2137 1533 2176 literas,
1557 2135 1648 2166 unde
1676 2133 1757 2165 effe-

289 2189 412 2217 cerunt
428 2186 496 2223 illa,
522 2183 720 2224 quiquey‘am,
744 2187 779 2213 et
796 2193 912 2223 quoquo
929 2193 1009 2221 eam,
1033 2191 1152 2222 parum
1181 2181 1365 2222 perspicue
1390 2180 1499 2210 lectas
1526 2188 1610 2210 esse.
1655 2177 1757 2208 Unde

290 2229 439 2267 mallem,
454 2228 554 2258 modo
570 2228 690 2258 liceret
708 2236 769 2266 per
786 2226 895 2256 Codd.
915 2225 979 2261 Qui
994 2235 1042 2256 me
1056 2228 1216 2265 sequatur,
1230 2225 1338 2264 quique
1354 2232 1401 2253 me
1416 2222 1584 2261 rogitando
1598 2220 1759 2252 obtundat.

289 2272 346 2302 Sic
362 2281 478 2303 sensus
496 2271 628 2311 planus,
652 2268 819 2300 Latinitas
835 2269 942 2307 salva,
966 2273 1110 2299 metrum
1127 2268 1229 2298 etiam
1248 2270 1432 2297 servatum.
1478 2264 1601 2305 Itaque
1618 2263 1759 2294 exhibet

290 2314 390 2346 Leid.
410 2323 507 2350 unns,
530 2318 565 2344 et
581 2314 634 2344 Tr.
654 2316 798 2351 uterque
815 2317 928 2342 tamen
945 2311 1067 2342 omisso
1083 2311 1190 2341 altero
1215 2319 1273 2341 me.
1298 2309 1409 2339 west.
1456 2307 1521 2342 Qui
1545 2317 1593 2338 me
1614 2308 1759 2346 sequatur

291 2367 407 2397 quoquo
422 2367 507 2393 eam,·
529 2356 695 2395 rogitando
711 2355 875 2393 obtundat,
898 2353 1013 2393 enicet]
1038 2353 1128 2384 Illud
1145 2362 1263 2393 quoquo
1279 2361 1346 2382 eam.
1362 2361 1404 2382 ex
1427 2351 1525 2381 Bem.
1550 2349 1667 2380 codice
1691 2354 1758 2386 est,

293 2400 423 2431 Bennbo
440 2404 528 2430 teste
544 2409 552 2437 ;
577 2403 612 2429 et
628 2409 669 2428 ex
688 2398 773 2435 Eug.
823 2397 941 2428 Nostri
955 2395 1166 2437 qu.iq1cejam;
1190 2395 1249 2426 sed
1266 2395 1483 2432 veterrimus,
1501 2392 1602 2433 paulo
1618 2390 1758 2431 propius

293 2453 410 2483 quoque
426 2453 504 2473 eam.
551 2442 627 2472 Hoc
645 2440 776 2472 scilicet
793 2441 912 2477 voluit,
937 2438 1198 2479 Rogitandoque
1215 2447 1280 2479 quo
1309 2446 1403 2467 eam:
1428 2435 1488 2466 sed
1514 2435 1623 2465 minns
1652 2438 1759 2465 recte.

292 2486 388 2516 Bent.
405 2487 461 2526 qui
477 2485 536 2516 dat
554 2486 618 2520 Qui
633 2494 679 2515 me
695 2486 841 2522 sequatur
857 2492 973 2522 quoquo
988 2492 1080 2519 eam;
1104 2481 1289 2520 rogitando:
1316 2484 1352 2510 et
1367 2479 1415 2510 sic
1432 2479 1511 2518 Rip.
1529 2481 1565 2508 et
1581 2477 1675 2507 Perl.
1695 2476 1757 2506 nisi

294 2528 384 2568 quod
401 2529 525 2559 leviter
542 2532 697 2568 pungunt
716 2531 791 2564 post
820 2524 1030 2566 ‘saluatum'
1077 2525 1216 2555 Leviter
1243 2523 1365 2563 pungit
1390 2521 1494 2552 Both.
1522 2525 1558 2552 et
1581 2523 1659 2560 post
1681 2518 1758 2549 ‘se-

297 2573 439 2611 quatur’
456 2576 490 2600 et
509 2576 586 2609 post
599 2572 607 2586 ‘
623 2569 720 2601 eam.'
766 2569 837 2599 Pro
865 2577 981 2608 qaoque
1006 2577 1073 2598 eam
1097 2567 1201 2597 habet
1218 2565 1334 2597 Gnelf.
1350 2568 1379 2595 l.
1396 2564 1520 2604 quique,
1543 2567 1577 2593 et
1593 2565 1624 2593 2.
1649 2561 1759 2602 quique

285 2614 367 2652 Jam.
417 2613 525 2644 Enicec
544 2614 645 2644 Bent.
662 2613 766 2643 Both.
785 2612 944 2642 Fert—7
971 2610 1039 2641 Aut
1062 2611 1142 2641 unde
1159 2608 1275 2640 Guelf.
1292 2610 1410 2640 2.-10
1436 2604 1574 2645 Quidve]
1598 2605 1758 2644 Disjunc-

961 2691 1101 2723 NOTAE

406 2761 425 2789 8
451 2758 535 2794 Quid
551 2758 626 2789 mihi
643 2756 794 2798 quaeram]
824 2754 1091 2796 superabundat
1106 2753 1190 2785 illud
1215 2753 1224 2771 ‘
1239 2751 1344 2793 mihi‚'
1368 2750 1482 2792 phrasi
1496 2748 1627 2781 Attica.
