<?xml version="1.0" encoding="UTF-8"?>
<!DOCTYPE html PUBLIC "-//W3C//DTD XHTML 1.0 Transitional//EN"
    "http://www.w3.org/TR/xhtml1/DTD/xhtml1-transitional.dtd">
<html xmlns="http://www.w3.org/1999/xhtml" xml:lang="en" lang="en">
 <head>
  <title>
</title>
<meta http-equiv="Content-Type" content="text/html;charset=utf-8" />
  <meta name='ocr-system' content='tesseract 3.04.00' />
  <meta name='ocr-capabilities' content='ocr_page ocr_carea ocr_par ocr_line ocrx_word'/>
</head>
<body>
  <div class='ocr_page' id='page_1' title='image "./pubterentiiafric01tereuoft/pubterentiiafric01tereuoft_0080.png"; bbox 0 0 1945 3296; ppageno 0'>
   <div class='ocr_carea' id='block_1_1' title="bbox 301 234 1204 275">
    <p class='ocr_par' dir='ltr' id='par_1_1' title="bbox 301 234 1204 275">
     <span class='ocr_line' id='line_1_1' title="bbox 301 234 1204 275; baseline -0.006 0"><span class='ocrx_word' id='word_1_1' title='bbox 301 234 357 275; x_wconf 82' lang='lat'>70</span> <span class='ocrx_word' id='word_1_2' title='bbox 859 242 918 273; x_wconf 70' lang='lat' dir='ltr'>ur.</span> <span class='ocrx_word' id='word_1_3' title='bbox 953 241 1204 272; x_wconf 72' lang='grc' dir='ltr'>ἰἨηΑΤκο.</span> 
     </span>
    </p>
   </div>
   <div class='ocr_carea' id='block_1_2' title="bbox 303 334 1807 2310">
    <p class='ocr_par' dir='ltr' id='par_1_2' title="bbox 303 334 1807 2310">
     <span class='ocr_line' id='line_1_2' title="bbox 303 334 1807 388; baseline -0.001 -13"><span class='ocrx_word' id='word_1_4' title='bbox 303 337 399 388; x_wconf 86' lang='lat' dir='ltr'>cycli</span> <span class='ocrx_word' id='word_1_5' title='bbox 421 337 603 388; x_wconf 84' lang='lat' dir='ltr'>speciem,</span> <span class='ocrx_word' id='word_1_6' title='bbox 637 336 684 373; x_wconf 84' lang='lat' dir='ltr'>ad</span> <span class='ocrx_word' id='word_1_7' title='bbox 716 337 952 387; x_wconf 86' lang='lat' dir='ltr'>spectandos</span> <span class='ocrx_word' id='word_1_8' title='bbox 973 335 1087 374; x_wconf 84' lang='lat' dir='ltr'>ludos</span> <span class='ocrx_word' id='word_1_9' title='bbox 1106 349 1115 373; x_wconf 80' lang='lat' dir='ltr'>t</span> <span class='ocrx_word' id='word_1_10' title='bbox 1147 334 1375 385; x_wconf 82' lang='lat' dir='ltr'>spectacula</span> <span class='ocrx_word' id='word_1_11' title='bbox 1398 335 1530 373; x_wconf 80' lang='lat' dir='ltr'>Latine</span> <span class='ocrx_word' id='word_1_12' title='bbox 1551 347 1761 386; x_wconf 83' lang='lat' dir='ltr'>possumus</span> <span class='ocrx_word' id='word_1_13' title='bbox 1805 341 1807 343; x_wconf 83' lang='grc'><strong>’</strong></span> 
     </span>
     <span class='ocr_line' id='line_1_3' title="bbox 303 399 1762 450; baseline 0 -13"><span class='ocrx_word' id='word_1_14' title='bbox 303 399 443 439; x_wconf 81' lang='lat' dir='ltr'><strong>dicere.</strong></span> <span class='ocrx_word' id='word_1_15' title='bbox 502 401 600 438; x_wconf 89' lang='lat' dir='ltr'>Cum</span> <span class='ocrx_word' id='word_1_16' title='bbox 622 400 743 437; x_wconf 88' lang='lat' dir='ltr'>forum</span> <span class='ocrx_word' id='word_1_17' title='bbox 766 401 984 438; x_wconf 84' lang='lat' dir='ltr'>institutum</span> <span class='ocrx_word' id='word_1_18' title='bbox 1005 400 1132 445; x_wconf 87' lang='lat' dir='ltr'>fuerit,</span> <span class='ocrx_word' id='word_1_19' title='bbox 1151 399 1295 450; x_wconf 83' lang='lat' dir='ltr'>(inquit</span> <span class='ocrx_word' id='word_1_20' title='bbox 1314 399 1532 448; x_wconf 84' lang='lat' dir='ltr'>Vitruvius)</span> <span class='ocrx_word' id='word_1_21' title='bbox 1551 406 1633 437; x_wconf 89' lang='lat' dir='ltr'>tum</span> <span class='ocrx_word' id='word_1_22' title='bbox 1656 399 1762 438; x_wconf 91' lang='lat' dir='ltr'>Deo-</span> 
     </span>
     <span class='ocr_line' id='line_1_4' title="bbox 303 461 1763 513; baseline -0.001 -11"><span class='ocrx_word' id='word_1_23' title='bbox 303 478 385 502; x_wconf 87' lang='lat' dir='ltr'>rum</span> <span class='ocrx_word' id='word_1_24' title='bbox 408 464 681 502; x_wconf 82' lang='lat' dir='ltr'>immortalium</span> <span class='ocrx_word' id='word_1_25' title='bbox 704 464 840 501; x_wconf 89' lang='lat' dir='ltr'>diebus</span> <span class='ocrx_word' id='word_1_26' title='bbox 861 463 985 508; x_wconf 81' lang='lat' dir='ltr'>festis,</span> <span class='ocrx_word' id='word_1_27' title='bbox 1015 461 1195 500; x_wconf 82' lang='lat' dir='ltr'>ludorum</span> <span class='ocrx_word' id='word_1_28' title='bbox 1215 462 1538 513; x_wconf 78' lang='lat' dir='ltr'>spectationibus,</span> <span class='ocrx_word' id='word_1_29' title='bbox 1558 462 1763 513; x_wconf 85' lang='lat' dir='ltr'>eligendus</span> 
     </span>
     <span class='ocr_line' id='line_1_5' title="bbox 303 526 1766 578; baseline -0.001 -12"><span class='ocrx_word' id='word_1_30' title='bbox 303 536 364 566; x_wconf 89' lang='lat' dir='ltr'>est</span> <span class='ocrx_word' id='word_1_31' title='bbox 394 529 505 566; x_wconf 92' lang='lat' dir='ltr'>locus</span> <span class='ocrx_word' id='word_1_32' title='bbox 536 528 704 566; x_wconf 87' lang='lat' dir='ltr'>Theatro</span> <span class='ocrx_word' id='word_1_33' title='bbox 734 541 850 578; x_wconf 90' lang='lat' dir='ltr'>quam</span> <span class='ocrx_word' id='word_1_34' title='bbox 885 526 1175 564; x_wconf 75' lang='lat' dir='ltr'>saluberrimus,</span> <span class='ocrx_word' id='word_1_35' title='bbox 1234 526 1407 564; x_wconf 89' lang='lat' dir='ltr'>Fuerunt</span> <span class='ocrx_word' id='word_1_36' title='bbox 1437 532 1565 563; x_wconf 86' lang='lat' dir='ltr'>autem</span> <span class='ocrx_word' id='word_1_37' title='bbox 1595 526 1766 564; x_wconf 81' lang='lat' dir='ltr'><strong>Theatra</strong></span> 
     </span>
     <span class='ocr_line' id='line_1_6' title="bbox 305 589 1771 643; baseline -0.002 -13"><span class='ocrx_word' id='word_1_38' title='bbox 305 593 468 630; x_wconf 86' lang='lat' dir='ltr'>duorum</span> <span class='ocrx_word' id='word_1_39' title='bbox 490 605 697 643; x_wconf 84' lang='lat' dir='ltr'>generum:</span> <span class='ocrx_word' id='word_1_40' title='bbox 720 591 796 628; x_wconf 90' lang='lat' dir='ltr'>alia</span> <span class='ocrx_word' id='word_1_41' title='bbox 817 591 944 641; x_wconf 82' lang='lat' dir='ltr'>lignea</span> <span class='ocrx_word' id='word_1_42' title='bbox 964 597 1003 626; x_wconf 87' lang='lat' dir='ltr'>et</span> <span class='ocrx_word' id='word_1_43' title='bbox 1021 589 1194 639; x_wconf 84' lang='lat' dir='ltr'>pluribus</span> <span class='ocrx_word' id='word_1_44' title='bbox 1216 589 1534 627; x_wconf 86' lang='lat' dir='ltr'>tabellationibus</span> <span class='ocrx_word' id='word_1_45' title='bbox 1553 597 1771 636; x_wconf 80' lang='lat' dir='ltr'>exstructa,</span> 
     </span>
     <span class='ocr_line' id='line_1_7' title="bbox 305 653 1767 707; baseline -0.001 -13"><span class='ocrx_word' id='word_1_46' title='bbox 305 657 435 706; x_wconf 86' lang='lat' dir='ltr'>qualia</span> <span class='ocrx_word' id='word_1_47' title='bbox 456 656 575 694; x_wconf 91' lang='lat' dir='ltr'>Ludis</span> <span class='ocrx_word' id='word_1_48' title='bbox 597 657 760 707; x_wconf 81' lang='lat' dir='ltr'>publicis</span> <span class='ocrx_word' id='word_1_49' title='bbox 780 654 990 705; x_wconf 80' lang='lat' dir='ltr'>quotannis</span> <span class='ocrx_word' id='word_1_50' title='bbox 1010 655 1157 691; x_wconf 79' lang='lat' dir='ltr'>fiebant</span> <span class='ocrx_word' id='word_1_51' title='bbox 1188 653 1340 699; x_wconf 82' lang='lat' dir='ltr'>Romae,</span> <span class='ocrx_word' id='word_1_52' title='bbox 1371 660 1489 704; x_wconf 87' lang='lat' dir='ltr'>atque</span> <span class='ocrx_word' id='word_1_53' title='bbox 1515 667 1561 691; x_wconf 86' lang='lat' dir='ltr'>ea</span> <span class='ocrx_word' id='word_1_54' title='bbox 1582 655 1767 704; x_wconf 85' lang='lat' dir='ltr'>perennia</span> 
     </span>
     <span class='ocr_line' id='line_1_8' title="bbox 306 717 1766 764; baseline -0.001 -7"><span class='ocrx_word' id='word_1_55' title='bbox 306 734 384 759; x_wconf 89' lang='lat' dir='ltr'>non</span> <span class='ocrx_word' id='word_1_56' title='bbox 406 721 588 758; x_wconf 86' lang='lat' dir='ltr'>fuerunt:</span> <span class='ocrx_word' id='word_1_57' title='bbox 620 721 694 758; x_wconf 84' lang='lat' dir='ltr'>alia</span> <span class='ocrx_word' id='word_1_58' title='bbox 715 728 918 757; x_wconf 79' lang='lat' dir='ltr'>sumtuosa</span> <span class='ocrx_word' id='word_1_59' title='bbox 939 726 978 756; x_wconf 88' lang='lat' dir='ltr'>et</span> <span class='ocrx_word' id='word_1_60' title='bbox 998 718 1157 763; x_wconf 80' lang='lat' dir='ltr'>nobilia,</span> <span class='ocrx_word' id='word_1_61' title='bbox 1190 731 1237 757; x_wconf 82' lang='lat' dir='ltr'>ex</span> <span class='ocrx_word' id='word_1_62' title='bbox 1258 717 1394 755; x_wconf 88' lang='lat' dir='ltr'>solidis</span> <span class='ocrx_word' id='word_1_63' title='bbox 1414 719 1544 764; x_wconf 86' lang='lat' dir='ltr'>rebus,</span> <span class='ocrx_word' id='word_1_64' title='bbox 1564 718 1603 755; x_wconf 91' lang='lat' dir='ltr'>id</span> <span class='ocrx_word' id='word_1_65' title='bbox 1623 724 1697 764; x_wconf 87' lang='lat' dir='ltr'>est,</span> <span class='ocrx_word' id='word_1_66' title='bbox 1717 730 1766 756; x_wconf 85' lang='lat' dir='ltr'>ex</span> 
     </span>
     <span class='ocr_line' id='line_1_9' title="bbox 308 781 1769 833; baseline -0.002 -11"><span class='ocrx_word' id='word_1_67' title='bbox 308 792 502 822; x_wconf 80' lang='lat' dir='ltr'>structura</span> <span class='ocrx_word' id='word_1_68' title='bbox 534 793 827 829; x_wconf 87' lang='lat' dir='ltr'>caementorum,</span> <span class='ocrx_word' id='word_1_69' title='bbox 861 783 990 833; x_wconf 87' lang='lat' dir='ltr'>lapide</span> <span class='ocrx_word' id='word_1_70' title='bbox 1012 792 1081 820; x_wconf 84' lang='lat' dir='ltr'>aut</span> <span class='ocrx_word' id='word_1_71' title='bbox 1100 794 1288 820; x_wconf 82' lang='lat' dir='ltr'>marmore</span> <span class='ocrx_word' id='word_1_72' title='bbox 1309 781 1538 827; x_wconf 89' lang='lat' dir='ltr'>constituta,</span> <span class='ocrx_word' id='word_1_73' title='bbox 1573 781 1688 833; x_wconf 90' lang='lat' dir='ltr'>quale</span> <span class='ocrx_word' id='word_1_74' title='bbox 1707 789 1769 820; x_wconf 77' lang='lat' dir='ltr'>est</span> 
     </span>
     <span class='ocr_line' id='line_1_10' title="bbox 306 845 1767 898; baseline -0.001 -14"><span class='ocrx_word' id='word_1_75' title='bbox 306 847 411 898; x_wconf 86' lang='lat' dir='ltr'>quod</span> <span class='ocrx_word' id='word_1_76' title='bbox 433 849 650 886; x_wconf 79' lang='lat' dir='ltr'>construxit</span> <span class='ocrx_word' id='word_1_77' title='bbox 672 846 730 885; x_wconf 91' lang='lat' dir='ltr'>M.</span> <span class='ocrx_word' id='word_1_78' title='bbox 753 848 923 884; x_wconf 82' lang='lat' dir='ltr'>Scaurus</span> <span class='ocrx_word' id='word_1_79' title='bbox 945 848 980 884; x_wconf 89' lang='lat' dir='ltr'>in</span> <span class='ocrx_word' id='word_1_80' title='bbox 1000 846 1185 884; x_wconf 85' lang='lat' dir='ltr'>aedilitate</span> <span class='ocrx_word' id='word_1_81' title='bbox 1203 858 1287 890; x_wconf 85' lang='lat' dir='ltr'>sua,</span> <span class='ocrx_word' id='word_1_82' title='bbox 1304 846 1393 884; x_wconf 86' lang='lat' dir='ltr'>item</span> <span class='ocrx_word' id='word_1_83' title='bbox 1412 845 1527 883; x_wconf 88' lang='lat' dir='ltr'>etiam</span> <span class='ocrx_word' id='word_1_84' title='bbox 1543 845 1767 898; x_wconf 90' lang='lat' dir='ltr'>Pompeius,</span> 
     </span>
     <span class='ocr_line' id='line_1_11' title="bbox 306 909 1766 962; baseline -0.002 -13"><span class='ocrx_word' id='word_1_85' title='bbox 306 919 346 949; x_wconf 88' lang='lat' dir='ltr'>et</span> <span class='ocrx_word' id='word_1_86' title='bbox 375 912 439 949; x_wconf 90' lang='lat' dir='ltr'>alii</span> <span class='ocrx_word' id='word_1_87' title='bbox 471 912 663 962; x_wconf 82' lang='lat' dir='ltr'>permulti.</span> <span class='ocrx_word' id='word_1_88' title='bbox 723 912 782 948; x_wconf 83' lang='lat' dir='ltr'>lta</span> <span class='ocrx_word' id='word_1_89' title='bbox 816 919 942 947; x_wconf 81' lang='lat' dir='ltr'>autem</span> <span class='ocrx_word' id='word_1_90' title='bbox 977 910 1237 960; x_wconf 84' lang='lat' dir='ltr'>compositum</span> <span class='ocrx_word' id='word_1_91' title='bbox 1257 909 1329 947; x_wconf 88' lang='lat' dir='ltr'>fuit</span> <span class='ocrx_word' id='word_1_92' title='bbox 1349 909 1520 960; x_wconf 82' lang='lat' dir='ltr'>antiquis</span> <span class='ocrx_word' id='word_1_93' title='bbox 1540 909 1766 954; x_wconf 85' lang='lat' dir='ltr'>Theatrum,</span> 
     </span>
     <span class='ocr_line' id='line_1_12' title="bbox 307 974 1769 1025; baseline -0.001 -12"><span class='ocrx_word' id='word_1_94' title='bbox 307 983 416 1013; x_wconf 83' lang='lat' dir='ltr'>uteo</span> <span class='ocrx_word' id='word_1_95' title='bbox 437 977 689 1021; x_wconf 86' lang='lat' dir='ltr'>conveniens,</span> <span class='ocrx_word' id='word_1_96' title='bbox 723 983 762 1013; x_wconf 84' lang='lat' dir='ltr'>et</span> <span class='ocrx_word' id='word_1_97' title='bbox 795 975 998 1012; x_wconf 86' lang='lat' dir='ltr'>commode</span> <span class='ocrx_word' id='word_1_98' title='bbox 1029 974 1171 1012; x_wconf 85' lang='lat' dir='ltr'>sedens</span> <span class='ocrx_word' id='word_1_99' title='bbox 1204 975 1330 1019; x_wconf 87' lang='lat' dir='ltr'>turba,</span> <span class='ocrx_word' id='word_1_100' title='bbox 1366 987 1386 1011; x_wconf 88' lang='lat' dir='ltr'>e</span> <span class='ocrx_word' id='word_1_101' title='bbox 1418 974 1635 1025; x_wconf 85' lang='lat' dir='ltr'>longinquo</span> <span class='ocrx_word' id='word_1_102' title='bbox 1655 974 1769 1012; x_wconf 85' lang='lat' dir='ltr'>facile</span> 
     </span>
     <span class='ocr_line' id='line_1_13' title="bbox 308 1038 1769 1091; baseline -0.002 -14"><span class='ocrx_word' id='word_1_103' title='bbox 308 1048 483 1090; x_wconf 78' lang='lat' dir='ltr'>spectare</span> <span class='ocrx_word' id='word_1_104' title='bbox 504 1048 651 1091; x_wconf 82' lang='lat' dir='ltr'>posset,</span> <span class='ocrx_word' id='word_1_105' title='bbox 687 1052 860 1077; x_wconf 86' lang='lat' dir='ltr'>concavo</span> <span class='ocrx_word' id='word_1_106' title='bbox 895 1039 1115 1089; x_wconf 75' lang='lat' dir='ltr'>aequalique</span> <span class='ocrx_word' id='word_1_107' title='bbox 1147 1040 1337 1089; x_wconf 85' lang='lat' dir='ltr'>parietum</span> <span class='ocrx_word' id='word_1_108' title='bbox 1359 1038 1624 1090; x_wconf 90' lang='lat' dir='ltr'>circumjectu,</span> <span class='ocrx_word' id='word_1_109' title='bbox 1645 1046 1689 1076; x_wconf 90' lang='lat' dir='ltr'>ut</span> <span class='ocrx_word' id='word_1_110' title='bbox 1706 1038 1769 1075; x_wconf 86' lang='lat' dir='ltr'>vel</span> 
     </span>
     <span class='ocr_line' id='line_1_14' title="bbox 308 1103 1767 1154; baseline -0.001 -13"><span class='ocrx_word' id='word_1_111' title='bbox 308 1104 386 1142; x_wconf 87' lang='lat' dir='ltr'>leui</span> <span class='ocrx_word' id='word_1_112' title='bbox 408 1117 504 1142; x_wconf 85' lang='lat' dir='ltr'>sono</span> <span class='ocrx_word' id='word_1_113' title='bbox 525 1105 628 1142; x_wconf 83' lang='lat' dir='ltr'>dicta</span> <span class='ocrx_word' id='word_1_114' title='bbox 648 1106 759 1141; x_wconf 80' lang='lat' dir='ltr'>verba</span> <span class='ocrx_word' id='word_1_115' title='bbox 785 1104 832 1141; x_wconf 76' lang='lat' dir='ltr'>ad</span> <span class='ocrx_word' id='word_1_116' title='bbox 855 1104 1017 1141; x_wconf 74' lang='lat' dir='ltr'>alterum</span> <span class='ocrx_word' id='word_1_117' title='bbox 1039 1104 1197 1141; x_wconf 87' lang='lat' dir='ltr'>Theatri</span> <span class='ocrx_word' id='word_1_118' title='bbox 1230 1112 1345 1154; x_wconf 90' lang='lat' dir='ltr'>caput</span> <span class='ocrx_word' id='word_1_119' title='bbox 1378 1103 1532 1141; x_wconf 82' lang='lat' dir='ltr'>facilius</span> <span class='ocrx_word' id='word_1_120' title='bbox 1563 1103 1767 1140; x_wconf 87' lang='lat' dir='ltr'>ferrentur.</span> 
     </span>
     <span class='ocr_line' id='line_1_15' title="bbox 310 1167 1768 1221; baseline -0.001 -15"><span class='ocrx_word' id='word_1_121' title='bbox 310 1169 455 1206; x_wconf 85' lang='lat' dir='ltr'>Postea</span> <span class='ocrx_word' id='word_1_122' title='bbox 484 1182 573 1206; x_wconf 89' lang='lat' dir='ltr'>vero</span> <span class='ocrx_word' id='word_1_123' title='bbox 594 1169 867 1221; x_wconf 50' lang='lat' dir='ltr'>‚excogitatum</span> <span class='ocrx_word' id='word_1_124' title='bbox 900 1176 959 1206; x_wconf 84' lang='lat' dir='ltr'>est</span> <span class='ocrx_word' id='word_1_125' title='bbox 988 1169 1197 1206; x_wconf 85' lang='lat' dir='ltr'>Theatrum</span> <span class='ocrx_word' id='word_1_126' title='bbox 1230 1169 1268 1205; x_wconf 89' lang='lat' dir='ltr'>in</span> <span class='ocrx_word' id='word_1_127' title='bbox 1289 1167 1498 1205; x_wconf 88' lang='lat' dir='ltr'>rotundam</span> <span class='ocrx_word' id='word_1_128' title='bbox 1518 1167 1682 1205; x_wconf 88' lang='lat' dir='ltr'>formam</span> <span class='ocrx_word' id='word_1_129' title='bbox 1702 1180 1768 1204; x_wconf 82' lang='lat' dir='ltr'>ex·</span> 
     </span>
     <span class='ocr_line' id='line_1_16' title="bbox 311 1232 1772 1283; baseline -0.001 -14"><span class='ocrx_word' id='word_1_130' title='bbox 311 1240 513 1278; x_wconf 82' lang='lat' dir='ltr'>structum,</span> <span class='ocrx_word' id='word_1_131' title='bbox 531 1233 606 1270; x_wconf 91' lang='lat' dir='ltr'>alio</span> <span class='ocrx_word' id='word_1_132' title='bbox 624 1232 744 1269; x_wconf 90' lang='lat' dir='ltr'>multo</span> <span class='ocrx_word' id='word_1_133' title='bbox 761 1233 1015 1270; x_wconf 77' lang='lat' dir='ltr'>excellentius</span> <span class='ocrx_word' id='word_1_134' title='bbox 1030 1239 1146 1282; x_wconf 89' lang='lat' dir='ltr'>atque</span> <span class='ocrx_word' id='word_1_135' title='bbox 1163 1232 1360 1283; x_wconf 86' lang='lat' dir='ltr'>capacius,</span> <span class='ocrx_word' id='word_1_136' title='bbox 1377 1232 1579 1282; x_wconf 86' lang='lat' dir='ltr'>magisque</span> <span class='ocrx_word' id='word_1_137' title='bbox 1597 1237 1772 1269; x_wconf 88' lang='lat' dir='ltr'>sumtuo-</span> 
     </span>
     <span class='ocr_line' id='line_1_17' title="bbox 311 1295 1769 1347; baseline -0.001 -14"><span class='ocrx_word' id='word_1_138' title='bbox 311 1310 419 1334; x_wconf 86' lang='lat' dir='ltr'>sum:</span> <span class='ocrx_word' id='word_1_139' title='bbox 441 1296 546 1347; x_wconf 91' lang='lat' dir='ltr'>quod</span> <span class='ocrx_word' id='word_1_140' title='bbox 567 1297 656 1346; x_wconf 84' lang='lat' dir='ltr'>quia</span> <span class='ocrx_word' id='word_1_141' title='bbox 678 1297 795 1334; x_wconf 82' lang='lat' dir='ltr'>veluti</span> <span class='ocrx_word' id='word_1_142' title='bbox 817 1310 864 1334; x_wconf 84' lang='lat' dir='ltr'>ex</span> <span class='ocrx_word' id='word_1_143' title='bbox 886 1297 1038 1334; x_wconf 82' lang='lat' dir='ltr'>(luobus</span> <span class='ocrx_word' id='word_1_144' title='bbox 1059 1302 1257 1334; x_wconf 84' lang='lat' dir='ltr'>constaret</span> <span class='ocrx_word' id='word_1_145' title='bbox 1272 1296 1466 1341; x_wconf 86' lang='lat' dir='ltr'>Theatris,</span> <span class='ocrx_word' id='word_1_146' title='bbox 1482 1295 1769 1346; x_wconf 86' lang='lat' dir='ltr'>rotundamque</span> 
     </span>
     <span class='ocr_line' id='line_1_18' title="bbox 312 1358 1771 1412; baseline -0.002 -13"><span class='ocrx_word' id='word_1_147' title='bbox 312 1362 489 1412; x_wconf 83' lang='lat' dir='ltr'>figuram,</span> <span class='ocrx_word' id='word_1_148' title='bbox 519 1373 596 1398; x_wconf 87' lang='lat' dir='ltr'>uon</span> <span class='ocrx_word' id='word_1_149' title='bbox 621 1361 702 1410; x_wconf 73' lang='lat' dir='ltr'>jam</span> <span class='ocrx_word' id='word_1_150' title='bbox 725 1361 890 1411; x_wconf 80' lang='lat' dir='ltr'>amplius</span> <span class='ocrx_word' id='word_1_151' title='bbox 911 1360 1167 1410; x_wconf 85' lang='lat' dir='ltr'>hemicyclum</span> <span class='ocrx_word' id='word_1_152' title='bbox 1188 1360 1358 1405; x_wconf 83' lang='lat' dir='ltr'>referret,</span> <span class='ocrx_word' id='word_1_153' title='bbox 1386 1360 1435 1397; x_wconf 90' lang='lat' dir='ltr'>ob</span> <span class='ocrx_word' id='word_1_154' title='bbox 1455 1358 1494 1396; x_wconf 92' lang='lat' dir='ltr'>id</span> <span class='ocrx_word' id='word_1_155' title='bbox 1515 1358 1771 1409; x_wconf 83' lang='lat' dir='ltr'>Amphithea-</span> 
     </span>
     <span class='ocr_line' id='line_1_19' title="bbox 310 1422 1769 1475; baseline -0.002 -13"><span class='ocrx_word' id='word_1_156' title='bbox 310 1434 409 1463; x_wconf 83' lang='lat' dir='ltr'>trum</span> <span class='ocrx_word' id='word_1_157' title='bbox 431 1425 577 1462; x_wconf 87' lang='lat' dir='ltr'>dictum</span> <span class='ocrx_word' id='word_1_158' title='bbox 598 1431 671 1469; x_wconf 80' lang='lat' dir='ltr'>est,</span> <span class='ocrx_word' id='word_1_159' title='bbox 701 1426 815 1475; x_wconf 78' lang='lat' dir='ltr'>quale</span> <span class='ocrx_word' id='word_1_160' title='bbox 837 1432 910 1469; x_wconf 81' lang='lat' dir='ltr'>est,</span> <span class='ocrx_word' id='word_1_161' title='bbox 939 1425 1045 1475; x_wconf 87' lang='lat' dir='ltr'>quod</span> <span class='ocrx_word' id='word_1_162' title='bbox 1066 1424 1180 1462; x_wconf 90' lang='lat' dir='ltr'>hodie</span> <span class='ocrx_word' id='word_1_163' title='bbox 1204 1424 1339 1461; x_wconf 82' lang='lat' dir='ltr'>Romae</span> <span class='ocrx_word' id='word_1_164' title='bbox 1361 1422 1526 1468; x_wconf 86' lang='lat' dir='ltr'>videtur,</span> <span class='ocrx_word' id='word_1_165' title='bbox 1557 1422 1769 1473; x_wconf 83' lang='lat' dir='ltr'>aliquando</span> 
     </span>
     <span class='ocr_line' id='line_1_20' title="bbox 314 1486 1771 1536; baseline -0.001 -11"><span class='ocrx_word' id='word_1_166' title='bbox 314 1490 361 1526; x_wconf 78' lang='lat' dir='ltr'>ab</span> <span class='ocrx_word' id='word_1_167' title='bbox 382 1489 580 1527; x_wconf 86' lang='lat' dir='ltr'>Antonino</span> <span class='ocrx_word' id='word_1_168' title='bbox 602 1489 672 1526; x_wconf 82' lang='lat' dir='ltr'>Pio</span> <span class='ocrx_word' id='word_1_169' title='bbox 693 1489 943 1533; x_wconf 80' lang='lat' dir='ltr'>aedificatum,</span> <span class='ocrx_word' id='word_1_170' title='bbox 969 1496 1007 1525; x_wconf 88' lang='lat' dir='ltr'>et</span> <span class='ocrx_word' id='word_1_171' title='bbox 1033 1502 1054 1526; x_wconf 87' lang='lat' dir='ltr'>a</span> <span class='ocrx_word' id='word_1_172' title='bbox 1076 1488 1217 1525; x_wconf 85' lang='lat' dir='ltr'>Gothis</span> <span class='ocrx_word' id='word_1_173' title='bbox 1246 1488 1507 1533; x_wconf 81' lang='lat' dir='ltr'>devastatum,</span> <span class='ocrx_word' id='word_1_174' title='bbox 1524 1486 1771 1536; x_wconf 87' lang='lat' dir='ltr'>(Collisaeum</span> 
     </span>
     <span class='ocr_line' id='line_1_21' title="bbox 314 1551 1774 1603; baseline 0 -16"><span class='ocrx_word' id='word_1_175' title='bbox 314 1554 455 1602; x_wconf 72' lang='lat' dir='ltr'>vulgus</span> <span class='ocrx_word' id='word_1_176' title='bbox 476 1555 621 1600; x_wconf 81' lang='lat' dir='ltr'>vocar,)</span> <span class='ocrx_word' id='word_1_177' title='bbox 651 1552 753 1603; x_wconf 88' lang='lat' dir='ltr'>quod</span> <span class='ocrx_word' id='word_1_178' title='bbox 780 1552 1022 1602; x_wconf 77' lang='lat' dir='ltr'>potissimum</span> <span class='ocrx_word' id='word_1_179' title='bbox 1056 1552 1105 1589; x_wconf 86' lang='lat' dir='ltr'>ad</span> <span class='ocrx_word' id='word_1_180' title='bbox 1134 1551 1210 1589; x_wconf 86' lang='lat' dir='ltr'>alia</span> <span class='ocrx_word' id='word_1_181' title='bbox 1241 1551 1467 1601; x_wconf 84' lang='lat' dir='ltr'>spectacula</span> <span class='ocrx_word' id='word_1_182' title='bbox 1486 1551 1604 1601; x_wconf 84' lang='lat' dir='ltr'>vulgo</span> <span class='ocrx_word' id='word_1_183' title='bbox 1631 1563 1774 1602; x_wconf 89' lang='lat' dir='ltr'>propo-</span> 
     </span>
     <span class='ocr_line' id='line_1_22' title="bbox 315 1614 1774 1667; baseline -0.002 -13"><span class='ocrx_word' id='word_1_184' title='bbox 315 1617 445 1654; x_wconf 82' lang='lat' dir='ltr'>nenda</span> <span class='ocrx_word' id='word_1_185' title='bbox 464 1618 609 1655; x_wconf 86' lang='lat' dir='ltr'>factum</span> <span class='ocrx_word' id='word_1_186' title='bbox 632 1625 748 1667; x_wconf 84' lang='lat' dir='ltr'>atque</span> <span class='ocrx_word' id='word_1_187' title='bbox 770 1617 969 1654; x_wconf 88' lang='lat' dir='ltr'>inventum</span> <span class='ocrx_word' id='word_1_188' title='bbox 992 1617 1086 1654; x_wconf 81' lang='lat' dir='ltr'>suit:</span> <span class='ocrx_word' id='word_1_189' title='bbox 1119 1629 1206 1654; x_wconf 86' lang='lat' dir='ltr'>narn</span> <span class='ocrx_word' id='word_1_190' title='bbox 1240 1615 1288 1653; x_wconf 84' lang='lat' dir='ltr'>ad</span> <span class='ocrx_word' id='word_1_191' title='bbox 1321 1615 1506 1653; x_wconf 80' lang='lat' dir='ltr'>Scenicos</span> <span class='ocrx_word' id='word_1_192' title='bbox 1536 1614 1664 1652; x_wconf 92' lang='lat' dir='ltr'>Ludos</span> <span class='ocrx_word' id='word_1_193' title='bbox 1685 1627 1774 1665; x_wconf 85' lang='lat' dir='ltr'>pro-</span> 
     </span>
     <span class='ocr_line' id='line_1_23' title="bbox 317 1678 1776 1732; baseline -0.003 -14"><span class='ocrx_word' id='word_1_194' title='bbox 317 1681 551 1732; x_wconf 81' lang='lat' dir='ltr'>spiciendos,</span> <span class='ocrx_word' id='word_1_195' title='bbox 586 1682 709 1732; x_wconf 81' lang='lat' dir='ltr'>magis</span> <span class='ocrx_word' id='word_1_196' title='bbox 732 1681 913 1719; x_wconf 88' lang='lat' dir='ltr'>idoneum</span> <span class='ocrx_word' id='word_1_197' title='bbox 934 1687 1019 1719; x_wconf 86' lang='lat' dir='ltr'>erat</span> <span class='ocrx_word' id='word_1_198' title='bbox 1037 1681 1274 1718; x_wconf 83' lang='lat' dir='ltr'>Theatrum:</span> <span class='ocrx_word' id='word_1_199' title='bbox 1307 1681 1355 1717; x_wconf 92' lang='lat' dir='ltr'>ob</span> <span class='ocrx_word' id='word_1_200' title='bbox 1376 1693 1474 1730; x_wconf 90' lang='lat' dir='ltr'>quos</span> <span class='ocrx_word' id='word_1_201' title='bbox 1500 1679 1694 1730; x_wconf 79' lang='lat' dir='ltr'>praecipue</span> <span class='ocrx_word' id='word_1_202' title='bbox 1716 1678 1776 1715; x_wconf 91' lang='lat' dir='ltr'>in-</span> 
     </span>
     <span class='ocr_line' id='line_1_24' title="bbox 317 1743 1776 1795; baseline -0.001 -12"><span class='ocrx_word' id='word_1_203' title='bbox 317 1753 471 1784; x_wconf 89' lang='lat' dir='ltr'>ventum</span> <span class='ocrx_word' id='word_1_204' title='bbox 493 1747 610 1784; x_wconf 84' lang='lat' dir='ltr'>fuisse</span> <span class='ocrx_word' id='word_1_205' title='bbox 631 1747 812 1784; x_wconf 83' lang='lat' dir='ltr'>credibile</span> <span class='ocrx_word' id='word_1_206' title='bbox 842 1754 913 1784; x_wconf 86' lang='lat' dir='ltr'>est.</span> <span class='ocrx_word' id='word_1_207' title='bbox 973 1746 1085 1783; x_wconf 89' lang='lat' dir='ltr'>Unde</span> <span class='ocrx_word' id='word_1_208' title='bbox 1114 1745 1224 1783; x_wconf 81' lang='lat' dir='ltr'>facile</span> <span class='ocrx_word' id='word_1_209' title='bbox 1256 1744 1502 1795; x_wconf 86' lang='lat' dir='ltr'>conjecerim,</span> <span class='ocrx_word' id='word_1_210' title='bbox 1536 1743 1776 1789; x_wconf 89' lang='lat' dir='ltr'>Terentium,</span> 
     </span>
     <span class='ocr_line' id='line_1_25' title="bbox 317 1806 1776 1862; baseline -0.003 -14"><span class='ocrx_word' id='word_1_211' title='bbox 317 1824 394 1862; x_wconf 89' lang='lat' dir='ltr'>quo</span> <span class='ocrx_word' id='word_1_212' title='bbox 415 1818 585 1861; x_wconf 86' lang='lat' dir='ltr'>tempore</span> <span class='ocrx_word' id='word_1_213' title='bbox 607 1811 770 1861; x_wconf 87' lang='lat' dir='ltr'>primum</span> <span class='ocrx_word' id='word_1_214' title='bbox 792 1810 993 1861; x_wconf 81' lang='lat' dir='ltr'>proposuit</span> <span class='ocrx_word' id='word_1_215' title='bbox 1013 1823 1121 1846; x_wconf 80' lang='lat' dir='ltr'>suam</span> <span class='ocrx_word' id='word_1_216' title='bbox 1152 1809 1359 1860; x_wconf 88' lang='lat' dir='ltr'>Hecyram,</span> <span class='ocrx_word' id='word_1_217' title='bbox 1392 1807 1520 1858; x_wconf 75' lang='lat' dir='ltr'>egisse</span> <span class='ocrx_word' id='word_1_218' title='bbox 1552 1807 1589 1844; x_wconf 90' lang='lat' dir='ltr'>in</span> <span class='ocrx_word' id='word_1_219' title='bbox 1611 1806 1776 1858; x_wconf 87' lang='lat' dir='ltr'>Amphi-</span> 
     </span>
     <span class='ocr_line' id='line_1_26' title="bbox 315 1871 1773 1926; baseline -0.003 -14"><span class='ocrx_word' id='word_1_220' title='bbox 315 1877 491 1914; x_wconf 84' lang='lat' dir='ltr'>theatro:</span> <span class='ocrx_word' id='word_1_221' title='bbox 524 1889 641 1913; x_wconf 86' lang='lat' dir='ltr'>sccna</span> <span class='ocrx_word' id='word_1_222' title='bbox 661 1889 727 1926; x_wconf 90' lang='lat' dir='ltr'>per</span> <span class='ocrx_word' id='word_1_223' title='bbox 746 1875 913 1912; x_wconf 85' lang='lat' dir='ltr'>medium</span> <span class='ocrx_word' id='word_1_224' title='bbox 935 1875 1057 1925; x_wconf 87' lang='lat' dir='ltr'>ipsius</span> <span class='ocrx_word' id='word_1_225' title='bbox 1078 1880 1289 1917; x_wconf 74' lang='lat' dir='ltr'>exstructa,</span> <span class='ocrx_word' id='word_1_226' title='bbox 1325 1880 1363 1909; x_wconf 87' lang='lat' dir='ltr'>et</span> <span class='ocrx_word' id='word_1_227' title='bbox 1393 1871 1442 1908; x_wconf 84' lang='lat' dir='ltr'>ad</span> <span class='ocrx_word' id='word_1_228' title='bbox 1474 1885 1595 1909; x_wconf 89' lang='lat' dir='ltr'>unum</span> <span class='ocrx_word' id='word_1_229' title='bbox 1622 1877 1773 1909; x_wconf 84' lang='lat' dir='ltr'>tanturn</span> 
     </span>
     <span class='ocr_line' id='line_1_27' title="bbox 316 1933 1775 1991; baseline -0.004 -14"><span class='ocrx_word' id='word_1_230' title='bbox 316 1940 574 1991; x_wconf 84' lang='lat' dir='ltr'>hemicyclum</span> <span class='ocrx_word' id='word_1_231' title='bbox 597 1946 798 1990; x_wconf 83' lang='lat' dir='ltr'>spectante</span> <span class='ocrx_word' id='word_1_232' title='bbox 816 1952 824 1976; x_wconf 90' lang='lat'>:</span> <span class='ocrx_word' id='word_1_233' title='bbox 863 1951 949 1975; x_wconf 83' lang='lat' dir='ltr'>nam</span> <span class='ocrx_word' id='word_1_234' title='bbox 972 1939 1020 1976; x_wconf 89' lang='lat' dir='ltr'>ab</span> <span class='ocrx_word' id='word_1_235' title='bbox 1040 1944 1206 1987; x_wconf 84' lang='lat' dir='ltr'>utroque</span> <span class='ocrx_word' id='word_1_236' title='bbox 1227 1934 1510 1986; x_wconf 81' lang='lat' dir='ltr'>Amphitheatri</span> <span class='ocrx_word' id='word_1_237' title='bbox 1531 1933 1775 1972; x_wconf 87' lang='lat' dir='ltr'>semicirculo</span> 
     </span>
     <span class='ocr_line' id='line_1_28' title="bbox 319 1998 1775 2056; baseline -0.005 -14"><span class='ocrx_word' id='word_1_238' title='bbox 319 2000 485 2056; x_wconf 84' lang='lat' dir='ltr'>spectari</span> <span class='ocrx_word' id='word_1_239' title='bbox 512 2017 586 2041; x_wconf 90' lang='lat' dir='ltr'>non</span> <span class='ocrx_word' id='word_1_240' title='bbox 621 2010 801 2054; x_wconf 88' lang='lat' dir='ltr'>poterant</span> <span class='ocrx_word' id='word_1_241' title='bbox 821 2002 1062 2040; x_wconf 79' lang='lat' dir='ltr'>Comoediae:</span> <span class='ocrx_word' id='word_1_242' title='bbox 1092 2014 1170 2051; x_wconf 91' lang='lat' dir='ltr'>quo</span> <span class='ocrx_word' id='word_1_243' title='bbox 1201 2000 1360 2044; x_wconf 86' lang='lat' dir='ltr'>factum,</span> <span class='ocrx_word' id='word_1_244' title='bbox 1394 2006 1449 2044; x_wconf 87' lang='lat' dir='ltr'>ut,</span> <span class='ocrx_word' id='word_1_245' title='bbox 1482 1998 1575 2035; x_wconf 87' lang='lat' dir='ltr'>dum</span> <span class='ocrx_word' id='word_1_246' title='bbox 1608 1998 1645 2035; x_wconf 93' lang='lat' dir='ltr'>in</span> <span class='ocrx_word' id='word_1_247' title='bbox 1669 1998 1775 2036; x_wconf 88' lang='lat' dir='ltr'>aliud</span> 
     </span>
     <span class='ocr_line' id='line_1_29' title="bbox 318 2060 1779 2118; baseline -0.005 -14"><span class='ocrx_word' id='word_1_248' title='bbox 318 2069 419 2105; x_wconf 89' lang='lat' dir='ltr'>latus</span> <span class='ocrx_word' id='word_1_249' title='bbox 441 2082 619 2112; x_wconf 84' lang='lat' dir='ltr'>vacuum,</span> <span class='ocrx_word' id='word_1_250' title='bbox 652 2068 728 2105; x_wconf 85' lang='lat' dir='ltr'>alia</span> <span class='ocrx_word' id='word_1_251' title='bbox 758 2066 983 2118; x_wconf 84' lang='lat' dir='ltr'>spectacula</span> <span class='ocrx_word' id='word_1_252' title='bbox 1002 2064 1207 2103; x_wconf 88' lang='lat' dir='ltr'>confestim</span> <span class='ocrx_word' id='word_1_253' title='bbox 1226 2069 1549 2115; x_wconf 85' lang='lat' dir='ltr'>proponerentur,</span> <span class='ocrx_word' id='word_1_254' title='bbox 1569 2060 1686 2099; x_wconf 87' lang='lat' dir='ltr'>veluti</span> <span class='ocrx_word' id='word_1_255' title='bbox 1707 2073 1779 2112; x_wconf 88' lang='lat' dir='ltr'>pu-</span> 
     </span>
     <span class='ocr_line' id='line_1_30' title="bbox 319 2124 1779 2181; baseline -0.005 -12"><span class='ocrx_word' id='word_1_256' title='bbox 319 2132 430 2181; x_wconf 80' lang='lat' dir='ltr'>giles,</span> <span class='ocrx_word' id='word_1_257' title='bbox 464 2132 689 2177; x_wconf 78' lang='lat' dir='ltr'>funambuli,</span> <span class='ocrx_word' id='word_1_258' title='bbox 721 2138 760 2168; x_wconf 87' lang='lat' dir='ltr'>et</span> <span class='ocrx_word' id='word_1_259' title='bbox 792 2129 1014 2181; x_wconf 83' lang='lat' dir='ltr'>hujusmodi</span> <span class='ocrx_word' id='word_1_260' title='bbox 1049 2135 1202 2170; x_wconf 87' lang='lat' dir='ltr'>cetera;</span> <span class='ocrx_word' id='word_1_261' title='bbox 1238 2126 1406 2178; x_wconf 91' lang='lat' dir='ltr'>populus</span> <span class='ocrx_word' id='word_1_262' title='bbox 1439 2133 1529 2163; x_wconf 88' lang='lat' dir='ltr'>ante</span> <span class='ocrx_word' id='word_1_263' title='bbox 1559 2124 1779 2162; x_wconf 86' lang='lat' dir='ltr'>absolutam</span> 
     </span>
     <span class='ocr_line' id='line_1_31' title="bbox 321 2188 1780 2240; baseline -0.005 -7"><span class='ocrx_word' id='word_1_264' title='bbox 321 2195 562 2233; x_wconf 82' lang='lat' dir='ltr'>Comoediam</span> <span class='ocrx_word' id='word_1_265' title='bbox 602 2195 693 2232; x_wconf 86' lang='lat' dir='ltr'>illuc</span> <span class='ocrx_word' id='word_1_266' title='bbox 731 2194 981 2238; x_wconf 87' lang='lat' dir='ltr'>concurrerit,</span> <span class='ocrx_word' id='word_1_267' title='bbox 1019 2192 1069 2230; x_wconf 86' lang='lat' dir='ltr'>ad</span> <span class='ocrx_word' id='word_1_268' title='bbox 1106 2192 1194 2230; x_wconf 87' lang='lat' dir='ltr'>loca</span> <span class='ocrx_word' id='word_1_269' title='bbox 1231 2190 1494 2228; x_wconf 86' lang='lat' dir='ltr'>commodiora</span> <span class='ocrx_word' id='word_1_270' title='bbox 1533 2188 1780 2240; x_wconf 86' lang='lat' dir='ltr'>occupanda,</span> 
     </span>
     <span class='ocr_line' id='line_1_32' title="bbox 320 2252 1779 2310; baseline -0.005 -13"><span class='ocrx_word' id='word_1_271' title='bbox 320 2259 648 2310; x_wconf 78' lang='lat' dir='ltr'>quemadmodum</span> <span class='ocrx_word' id='word_1_272' title='bbox 681 2260 763 2310; x_wconf 86' lang='lat' dir='ltr'>ipse</span> <span class='ocrx_word' id='word_1_273' title='bbox 791 2258 914 2295; x_wconf 71' lang='lat' dir='ltr'>Poeta</span> <span class='ocrx_word' id='word_1_274' title='bbox 935 2256 1199 2307; x_wconf 85' lang='lat' dir='ltr'>conqueritur,</span> <span class='ocrx_word' id='word_1_275' title='bbox 1229 2268 1354 2306; x_wconf 87' lang='lat' dir='ltr'>neque</span> <span class='ocrx_word' id='word_1_276' title='bbox 1388 2260 1543 2305; x_wconf 81' lang='lat' dir='ltr'>propter</span> <span class='ocrx_word' id='word_1_277' title='bbox 1564 2252 1779 2304; x_wconf 87' lang='lat' dir='ltr'>strepitum,</span> 
     </span>
    </p>
   </div>
   <div class='ocr_carea' id='block_1_3' title="bbox 260 2317 1777 2374">
    <p class='ocr_par' dir='ltr' id='par_1_3' title="bbox 260 2317 1777 2374">
     <span class='ocr_line' id='line_1_33' title="bbox 260 2317 1777 2374; baseline -0.005 -13"><span class='ocrx_word' id='word_1_278' title='bbox 260 2344 264 2345; x_wconf 41' lang='lat'><em>⁷</em></span> <span class='ocrx_word' id='word_1_279' title='bbox 321 2332 359 2361; x_wconf 79' lang='lat' dir='ltr'>et</span> <span class='ocrx_word' id='word_1_280' title='bbox 375 2324 573 2361; x_wconf 85' lang='lat' dir='ltr'>mulierum</span> <span class='ocrx_word' id='word_1_281' title='bbox 592 2323 742 2361; x_wconf 84' lang='lat' dir='ltr'>deloco</span> <span class='ocrx_word' id='word_1_282' title='bbox 762 2322 1020 2374; x_wconf 81' lang='lat' dir='ltr'>pugnantium</span> <span class='ocrx_word' id='word_1_283' title='bbox 1038 2321 1258 2365; x_wconf 85' lang='lat' dir='ltr'>clamorem,</span> <span class='ocrx_word' id='word_1_284' title='bbox 1273 2319 1420 2357; x_wconf 89' lang='lat' dir='ltr'>absolvi</span> <span class='ocrx_word' id='word_1_285' title='bbox 1442 2318 1622 2369; x_wconf 87' lang='lat' dir='ltr'>potuerit.</span> <span class='ocrx_word' id='word_1_286' title='bbox 1661 2317 1777 2360; x_wconf 89' lang='lat' dir='ltr'>Quod</span> 
     </span>
    </p>
   </div>
   <div class='ocr_carea' id='block_1_4' title="bbox 322 2381 1782 2824">
    <p class='ocr_par' dir='ltr' id='par_1_4' title="bbox 322 2381 1782 2824">
     <span class='ocr_line' id='line_1_34' title="bbox 322 2381 1780 2437; baseline -0.005 -11"><span class='ocrx_word' id='word_1_287' title='bbox 322 2402 369 2426; x_wconf 85' lang='lat' dir='ltr'>ne</span> <span class='ocrx_word' id='word_1_288' title='bbox 392 2388 584 2425; x_wconf 81' lang='lat' dir='ltr'>accideret</span> <span class='ocrx_word' id='word_1_289' title='bbox 604 2388 640 2424; x_wconf 89' lang='lat' dir='ltr'>in</span> <span class='ocrx_word' id='word_1_290' title='bbox 664 2387 828 2437; x_wconf 82' lang='lat' dir='ltr'>publicis</span> <span class='ocrx_word' id='word_1_291' title='bbox 848 2386 979 2432; x_wconf 85' lang='lat' dir='ltr'>Ludis,</span> <span class='ocrx_word' id='word_1_292' title='bbox 995 2387 1175 2423; x_wconf 83' lang='lat' dir='ltr'>existimo</span> <span class='ocrx_word' id='word_1_293' title='bbox 1195 2384 1439 2436; x_wconf 87' lang='lat' dir='ltr'>potissimum</span> <span class='ocrx_word' id='word_1_294' title='bbox 1457 2382 1624 2420; x_wconf 89' lang='lat' dir='ltr'>movisse</span> <span class='ocrx_word' id='word_1_295' title='bbox 1641 2381 1780 2419; x_wconf 88' lang='lat' dir='ltr'>Caium</span> 
     </span>
     <span class='ocr_line' id='line_1_35' title="bbox 323 2445 1781 2502; baseline -0.005 -13"><span class='ocrx_word' id='word_1_296' title='bbox 323 2453 546 2496; x_wconf 84' lang='lat' dir='ltr'>Curionem,</span> <span class='ocrx_word' id='word_1_297' title='bbox 577 2452 642 2502; x_wconf 88' lang='lat' dir='ltr'>qui</span> <span class='ocrx_word' id='word_1_298' title='bbox 665 2451 766 2489; x_wconf 88' lang='lat' dir='ltr'>bello</span> <span class='ocrx_word' id='word_1_299' title='bbox 787 2451 886 2488; x_wconf 83' lang='lat' dir='ltr'>civili</span> <span class='ocrx_word' id='word_1_300' title='bbox 908 2451 945 2487; x_wconf 91' lang='lat' dir='ltr'>in</span> <span class='ocrx_word' id='word_1_301' title='bbox 967 2449 1202 2487; x_wconf 88' lang='lat' dir='ltr'>Caesarianis</span> <span class='ocrx_word' id='word_1_302' title='bbox 1225 2449 1397 2499; x_wconf 86' lang='lat' dir='ltr'>partibus</span> <span class='ocrx_word' id='word_1_303' title='bbox 1417 2447 1524 2491; x_wconf 88' lang='lat' dir='ltr'>obiit,</span> <span class='ocrx_word' id='word_1_304' title='bbox 1550 2453 1593 2483; x_wconf 90' lang='lat' dir='ltr'>ut</span> <span class='ocrx_word' id='word_1_305' title='bbox 1611 2445 1781 2483; x_wconf 84' lang='lat' dir='ltr'>Theatra</span> 
     </span>
     <span class='ocr_line' id='line_1_36' title="bbox 324 2507 1779 2566; baseline -0.005 -13"><span class='ocrx_word' id='word_1_306' title='bbox 324 2516 401 2553; x_wconf 88' lang='lat' dir='ltr'>duo</span> <span class='ocrx_word' id='word_1_307' title='bbox 435 2515 579 2566; x_wconf 76' lang='lat' dir='ltr'>lignea,</span> <span class='ocrx_word' id='word_1_308' title='bbox 613 2528 735 2565; x_wconf 86' lang='lat' dir='ltr'>eaque</span> <span class='ocrx_word' id='word_1_309' title='bbox 768 2514 1005 2565; x_wconf 86' lang='lat' dir='ltr'>amplissima</span> <span class='ocrx_word' id='word_1_310' title='bbox 1037 2512 1289 2563; x_wconf 80' lang='lat' dir='ltr'>excogitaret,</span> <span class='ocrx_word' id='word_1_311' title='bbox 1323 2512 1359 2548; x_wconf 91' lang='lat' dir='ltr'>in</span> <span class='ocrx_word' id='word_1_312' title='bbox 1393 2510 1533 2561; x_wconf 91' lang='lat' dir='ltr'>quibus</span> <span class='ocrx_word' id='word_1_313' title='bbox 1554 2509 1669 2546; x_wconf 87' lang='lat' dir='ltr'>etiarn</span> <span class='ocrx_word' id='word_1_314' title='bbox 1688 2507 1779 2546; x_wconf 88' lang='lat' dir='ltr'>duae</span> 
     </span>
     <span class='ocr_line' id='line_1_37' title="bbox 323 2572 1779 2629; baseline -0.006 -12"><span class='ocrx_word' id='word_1_315' title='bbox 323 2588 456 2617; x_wconf 83' lang='lat' dir='ltr'>essent</span> <span class='ocrx_word' id='word_1_316' title='bbox 477 2593 618 2623; x_wconf 80' lang='lat' dir='ltr'>sccuoe,</span> <span class='ocrx_word' id='word_1_317' title='bbox 652 2586 806 2629; x_wconf 87' lang='lat' dir='ltr'>propter</span> <span class='ocrx_word' id='word_1_318' title='bbox 837 2585 1098 2628; x_wconf 84' lang='lat' dir='ltr'>spectatorum</span> <span class='ocrx_word' id='word_1_319' title='bbox 1120 2575 1450 2621; x_wconf 80' lang='lat' dir='ltr'>commoditatem.</span> <span class='ocrx_word' id='word_1_320' title='bbox 1509 2572 1631 2609; x_wconf 80' lang='lat' dir='ltr'>Erant</span> <span class='ocrx_word' id='word_1_321' title='bbox 1650 2579 1779 2609; x_wconf 84' lang='lat' dir='ltr'>autem</span> 
     </span>
     <span class='ocr_line' id='line_1_38' title="bbox 322 2636 1781 2694; baseline -0.006 -13"><span class='ocrx_word' id='word_1_322' title='bbox 322 2644 443 2694; x_wconf 93' lang='lat' dir='ltr'>(quod</span> <span class='ocrx_word' id='word_1_323' title='bbox 466 2644 602 2680; x_wconf 86' lang='lat' dir='ltr'>mirum</span> <span class='ocrx_word' id='word_1_324' title='bbox 623 2643 711 2690; x_wconf 87' lang='lat' dir='ltr'>fuit)</span> <span class='ocrx_word' id='word_1_325' title='bbox 741 2643 941 2680; x_wconf 84' lang='lat' dir='ltr'>cardinum</span> <span class='ocrx_word' id='word_1_326' title='bbox 979 2641 1218 2692; x_wconf 81' lang='lat' dir='ltr'>singulorum</span> <span class='ocrx_word' id='word_1_327' title='bbox 1250 2638 1420 2677; x_wconf 90' lang='lat' dir='ltr'>versatili</span> <span class='ocrx_word' id='word_1_328' title='bbox 1453 2649 1644 2687; x_wconf 88' lang='lat' dir='ltr'>suspensa</span> <span class='ocrx_word' id='word_1_329' title='bbox 1664 2636 1781 2674; x_wconf 89' lang='lat' dir='ltr'>libra-</span> 
     </span>
     <span class='ocr_line' id='line_1_39' title="bbox 324 2699 1780 2757; baseline -0.006 -12"><span class='ocrx_word' id='word_1_330' title='bbox 324 2715 468 2754; x_wconf 85' lang='lat' dir='ltr'>mento,</span> <span class='ocrx_word' id='word_1_331' title='bbox 500 2707 624 2757; x_wconf 87' lang='lat' dir='ltr'>iuquit</span> <span class='ocrx_word' id='word_1_332' title='bbox 655 2707 818 2752; x_wconf 88' lang='lat' dir='ltr'>Plinius,</span> <span class='ocrx_word' id='word_1_333' title='bbox 849 2720 868 2743; x_wconf 91' lang='lat' dir='ltr'>e</span> <span class='ocrx_word' id='word_1_334' title='bbox 901 2706 1040 2756; x_wconf 91' lang='lat' dir='ltr'>quibus</span> <span class='ocrx_word' id='word_1_335' title='bbox 1068 2705 1239 2755; x_wconf 88' lang='lat' dir='ltr'>utrisque</span> <span class='ocrx_word' id='word_1_336' title='bbox 1260 2701 1564 2741; x_wconf 89' lang='lat' dir='ltr'>antemeridiano</span> <span class='ocrx_word' id='word_1_337' title='bbox 1585 2699 1780 2737; x_wconf 86' lang='lat' dir='ltr'>Ludorum</span> 
     </span>
     <span class='ocr_line' id='line_1_40' title="bbox 326 2765 1782 2824; baseline -0.008 -13"><span class='ocrx_word' id='word_1_338' title='bbox 326 2772 552 2824; x_wconf 81' lang='lat' dir='ltr'>spectaculo</span> <span class='ocrx_word' id='word_1_339' title='bbox 574 2771 679 2809; x_wconf 86' lang='lat' dir='ltr'>edito</span> <span class='ocrx_word' id='word_1_340' title='bbox 700 2772 798 2808; x_wconf 86' lang='lat' dir='ltr'>inter</span> <span class='ocrx_word' id='word_1_341' title='bbox 819 2783 859 2808; x_wconf 88' lang='lat' dir='ltr'>se</span> <span class='ocrx_word' id='word_1_342' title='bbox 881 2770 1025 2808; x_wconf 84' lang='lat' dir='ltr'>aversis</span> <span class='ocrx_word' id='word_1_343' title='bbox 1057 2776 1122 2819; x_wconf 83' lang='lat' dir='ltr'>(ne</span> <span class='ocrx_word' id='word_1_344' title='bbox 1155 2769 1318 2807; x_wconf 88' lang='lat' dir='ltr'>invicem</span> <span class='ocrx_word' id='word_1_345' title='bbox 1344 2767 1615 2817; x_wconf 83' lang='lat' dir='ltr'>obstreperent</span> <span class='ocrx_word' id='word_1_346' title='bbox 1634 2765 1782 2812; x_wconf 82' lang='lat' dir='ltr'>sceuoe)</span> 
     </span>
    </p>
   </div>
  </div>
 </body>
</html>
