1903 3306
320 223 407 265 222
809 230 1118 263 FRANc-iscus
1153 230 1289 260 HARE

321 329 466 367 endum
486 334 773 366 concurrerent.
833 327 1017 366 Licentiae
1052 327 1167 378 hujus
1198 339 1320 364 unum
1349 324 1584 376 exemplum,
1614 324 1685 364 sed
1719 318 1778 363 inss

322 393 431 443 signe
450 391 661 430 admodum
684 391 787 429 dabo
807 404 853 429 ex
874 390 1006 428 Plauti
1025 391 1265 436 Trinummo,
1287 403 1338 428 11.
1365 392 1398 427 1.
1424 391 1511 427 172.

450 465 545 499 Quae‘
559 475 667 507 neque
684 464 810 496 fii-tura
828 474 890 495 nec
902 472 945 495 z
955 463 1047 494 facta
1063 463 1140 494 simt
1154 480 1164 487 -
1177 466 1293 494 tamen
1310 461 1402 494 i1=1i
1417 461 1540 493 sciunt.

323 533 365 570 In
396 531 471 570 hoc
491 543 604 568 versu
625 529 747 568 cuivis
778 528 1026 566 manifestum
1049 532 1109 563 est
1129 525 1227 563 duos
1249 538 1336 563 esse
1354 525 1476 576 pedes
1497 525 1677 571 creticos,
1707 525 1779 563 sed

323 595 389 646 qui
410 593 648 644 dactylorum
670 592 786 643 plane
805 590 937 628 vicarii
956 597 1062 626 sunt.
1114 589 1323 627 Innumera
1352 595 1444 626 sunt
1476 589 1644 627 licentiae
1663 588 1780 640 hujus

324 657 428 708 apud
449 658 556 695 illum
577 656 776 706 exenipla3
807 667 879 692 nec
899 666 1025 704 pauca
1057 653 1095 689 in
1129 653 1324 699 Terentio,
1358 653 1450 691 licet
1466 653 1556 699 hac,
1575 659 1620 690 ut
1638 659 1678 690 et
1697 652 1781 690 aliis

323 722 402 760 sere
422 721 616 766 omnibus,
637 720 778 757 Plauto
799 719 916 769 longe
948 717 1102 768 parcius
1122 723 1279 760 utatur;
1310 716 1417 768 quod
1446 717 1545 754 inter
1563 715 1781 768 praecipuas

323 785 492 823 Terentii
514 783 651 822 laudes
681 782 819 820 merito
840 781 1120 820 recensendum
1141 786 1213 827 est,
1248 780 1327 831 qui,
1344 780 1520 830 quamvis
1540 779 1580 816 in
1599 779 1781 827 licentiis,

325 849 403 886 sive
424 861 556 886 earum
587 859 789 885 numerum
812 846 892 884 sive
920 858 1063 896 genera
1095 851 1262 896 spectes,
1298 843 1529 881 adhibendis
1549 849 1628 881 tam
1647 856 1783 893 parum

325 912 395 951 sibi
414 911 632 958 indulserit,
655 923 871 949 sermonem
893 917 1022 947 tamen
1044 915 1153 946 tanta
1173 914 1252 946 arte
1272 908 1515 959 temperavit,
1536 914 1580 946 ut
1598 907 1783 945 Plautino

324 977 452 1014 minus
488 982 683 1026 assurgat,
718 982 757 1012 et
791 973 1012 1024 pedestrem
1043 972 1166 1010 multo
1197 972 1322 1024 magis
1342 972 1496 1011 referat.
1554 970 1632 1009 Sed
1654 970 1703 1008 de
1722 970 1783 1008 his

324 1040 531 1078 hactenus.
1556 1049 1559 1052 ’

380 1103 571 1151 Alterum,
592 1101 698 1154 quod
718 1100 870 1153 plurimi
897 1107 957 1138 est
986 1100 1025 1138 in
1059 1099 1136 1137 hoc
1171 1105 1401 1150 argumento
1421 1097 1620 1150 ponderis,
1641 1103 1702 1135 est
1720 1110 1784 1135 ac-

326 1175 464 1206 centus
485 1181 600 1218 quem
635 1167 729 1212 dixi,
763 1179 833 1204 seu
867 1172 991 1209 tenor,
1026 1176 1103 1215 quo
1130 1165 1290 1202 verbum
1322 1163 1539 1201 secundum
1570 1161 1786 1213 legitimam

326 1231 606 1283 pronuntiandi
625 1232 813 1268 rationem
846 1229 1084 1267 modulatur.
1141 1228 1194 1265 Ut
1217 1227 1318 1265 enim
1338 1227 1403 1265 ille
1424 1239 1503 1265 non
1537 1231 1682 1264 temere
1702 1238 1783 1263 mo-

326 1297 492 1342 vendus,
513 1309 585 1334 nec
605 1295 756 1347 syllaba
775 1307 891 1346 quam
912 1299 1082 1344 occupat
1112 1305 1160 1330 ex
1186 1291 1305 1343 longa
1338 1291 1378 1328 in
1397 1292 1553 1329 brevem
1582 1288 1786 1336 mutanda,

327 1361 382 1399 ita
421 1361 582 1399 aliarum
614 1359 853 1411 syllabarum
884 1356 1097 1408 quantitas,
1135 1356 1218 1407 ejus
1254 1354 1469 1406 praesertim
1506 1366 1596 1404 quae
1632 1358 1786 1390 acutam

326 1424 499 1477 proxime
519 1423 722 1476 praecedit,
743 1423 791 1460 ab
824 1434 870 1459 eo
905 1420 1112 1472 plurimum
1138 1418 1308 1470 pendet;
1338 1424 1378 1456 et
1395 1418 1648 1455 maximarum
1667 1416 1788 1454 licen·

328 1490 468 1527 tiarum
489 1489 585 1526 ratio
605 1487 696 1524 inde
727 1492 788 1525 est
806 1485 992 1537 petenda.
1050 1483 1167 1527 Quod
1187 1489 1231 1521 ut
1257 1482 1536 1533 intelligamus,
1555 1481 1642 1519 haec
1661 1492 1788 1532 pauca

328 1552 503 1604 principii
523 1552 610 1591 loco
631 1551 680 1590 de
701 1557 842 1589 natura
861 1556 900 1588 et
919 1549 955 1588 vi
976 1555 1159 1586 accentus
1180 1548 1300 1598 probe
1320 1545 1491 1585 tenenda
1511 1551 1615 1583 sunt.

384 1616 528 1663 Primo,
548 1616 587 1653 in
608 1615 712 1653 omni
732 1627 826 1652 voce
848 1626 937 1651 esse
958 1618 1128 1656 acutam,
1150 1624 1314 1661 eamque
1334 1622 1454 1647 unam
1473 1614 1639 1647 tantum.

386 1679 584 1727 Secundo,
602 1679 777 1717 ultimam
798 1690 998 1727 nunquam
1021 1689 1106 1713 esse
1129 1681 1298 1720 acutam,
1316 1673 1483 1724 ideoque
1503 1673 1541 1710 in
1563 1670 1787 1722 dissyllabis

331 1745 495 1796 priorem
518 1756 671 1794 semper
692 1742 803 1785 acui;
835 1740 939 1778 unde
958 1740 1001 1777 fit
1019 1747 1063 1777 ut
1090 1738 1238 1777 ultimae
1259 1737 1395 1776 exilius
1416 1743 1570 1783 sonent,
1590 1742 1628 1773 et
1648 1735 1789 1773 obscu-

331 1809 410 1846 rius
431 1808 648 1845 audiantur.

386 1872 529 1917 Tertio‚
561 1871 600 1908 in
635 1868 892 1922 polysyllabis
924 1866 1152 1913 secundam,
1188 1867 1218 1903 si
1249 1866 1370 1916 longa
1391 1864 1452 1911 sit,
1486 1869 1641 1902 acutam
1677 1874 1787 1905 esse:

334 1937 430 1974 alias
452 1935 607 1973 tertiam
626 1936 673 1972 ab
694 1940 865 1971 extrema
883 1946 892 1975 ;
923 1932 1025 1969 intra
1048 1931 1162 1969 trium
1193 1929 1295 1968 enim
1317 1929 1554 1981 syllabarum
1573 1938 1789 1971 numerum,

335 2002 415 2038 sive
435 1999 497 2036 hae
517 1999 556 2035 in
577 1998 693 2036 verbo
716 1997 810 2035 solae
832 1996 923 2042 sint,
945 1995 1025 2033 sive
1046 1994 1208 2040 ultimae,
1227 1999 1382 2031 acutam
1403 2004 1556 2042 semper
1574 1989 1789 2029 contineri:

334 2064 516 2114 ideoque,
538 2062 569 2099 si
589 2061 720 2112 plures
742 2066 895 2097 acutam
916 2057 1202 2110 praecesserint,
1222 2069 1358 2095 ornnes
1380 2067 1517 2107 graves
1533 2067 1635 2102 esse,
1650 2054 1792 2105 pariter

336 2141 380 2165 ac
402 2128 503 2173 illas,
524 2140 612 2178 quae
633 2130 863 2176 sequuntur.

391 2192 555 2237 Quarto,
576 2203 663 2228 cum
686 2189 862 2240 syllabae,
883 2199 1000 2238 quam
1021 2194 1159 2224 acutus
1180 2192 1291 2223 tenor
1312 2189 1492 2233 occupat,
1512 2195 1558 2220 ex
1577 2180 1792 2219 intentione

337 2255 435 2306 ejus,
456 2267 557 2292 nova
577 2253 759 2305 quaedam
785 2252 985 2303 quantitas
1007 2250 1186 2297 accedat,
1206 2248 1312 2287 istud
1338 2248 1616 2285 incrementum
1637 2244 1790 2296 quanti-

337 2320 427 2356 tatis
448 2318 496 2356 de
518 2317 668 2369 syllaba
686 2316 859 2367 proxime
881 2314 1126 2366 praecedente
1148 2311 1439 2364 quodammodo
1460 2309 1609 2348 detrahi
1628 2308 1792 2354 videtur,

338 2383 430 2420 dum
455 2395 530 2420 vox
564 2380 759 2432 loquentis
791 2393 859 2430 per
879 2392 964 2417 eam
987 2384 1097 2429 rapte
1118 2378 1250 2423 fertur,
1284 2383 1327 2414 ut
1347 2374 1397 2413 ad
1418 2380 1571 2412 acutam
1590 2373 1733 2418 veniat,
1752 2371 1792 2409 in

340 2459 416 2496 qua
436 2445 623 2496 insignior
644 2457 752 2482 mora
785 2443 991 2481 facienda:
1028 2442 1120 2479 hinc
1150 2454 1225 2479 usu
1262 2439 1368 2478 venit
1403 2444 1447 2476 ut
1484 2437 1636 2489 syllaba
1666 2441 1792 2473 acutae

339 2510 515 2561 proxima
531 2521 600 2560 pro
627 2513 804 2558 correpta
822 2506 1026 2552 habeatur,
1063 2504 1291 2555 breviorque
1323 2509 1437 2541 acuta
1454 2501 1643 2545 videatur,
1677 2499 1795 2537 etiam

341 2587 428 2611 cum
460 2573 546 2623 ipsa
565 2584 720 2622 quoque
755 2571 883 2610 brevis
909 2576 981 2609 est.
1039 2568 1228 2620 Exempla
1259 2567 1375 2619 hujus
1405 2566 1505 2605 infra
1524 2565 1680 2604 afferam
1713 2563 1793 2601 cla-

340 2637 505 2675 rissima.
1042 2675 1050 2681 ,

398 2700 558 2747 Quinto,
580 2707 765 2738 accentus
783 2698 954 2750 legitime
985 2699 1126 2748 migrat
1145 2710 1190 2735 ex
1210 2694 1427 2747 penultima
1455 2694 1493 2729 in
1513 2691 1688 2728 ultimam
1708 2689 1792 2727 lon-

345 2779 448 2816 gam,
482 2765 634 2815 quoties
655 2764 739 2804 voci
770 2763 885 2801 alicui
918 2763 1098 2801 enclitica
1128 2761 1314 2811 adjuncta
1347 2763 1420 2805 est,
1451 2767 1539 2795 cum
1569 2755 1643 2793 hoc
1677 2761 1793 2805 pacto
