1945 3296
322 218 379 259 ‘72
878 230 941 260 nn
973 229 1226 260 ‘rur-:muta

323 324 451 361 minus
470 324 725 373 probaverim.
782 322 937 361 Gradus
959 329 1087 360 autem
1109 322 1338 360 dicebantur
1356 324 1393 361 in
1415 324 1500 375 ipsa
1519 324 1657 362 leniter
1683 337 1779 375 pen·
1804 340 1807 343 ¹

323 386 442 425 dente
462 388 619 426 Theatri
639 388 775 433 forma,
797 387 910 425 sedes
929 386 1109 437 lapideae,
1139 384 1176 423 in
1197 387 1452 438 hemicyclum
1472 388 1587 426 etiam
1607 395 1780 427 exstruc-

324 457 389 496 tae,
409 465 429 489 e
449 453 588 502 quibus
610 452 811 490 commode
831 452 1094 502 prospiciebat
1112 451 1295 502 populus,
1354 452 1478 502 Super
1508 452 1567 490 his
1595 452 1779 503 gradibus

322 517 438 566 (quos
474 528 550 553 non
582 515 747 566 amplius
782 514 1005 565 quindecim
1036 528 1122 552 esse
1144 515 1398 565 conjecimus)
1419 515 1608 554 sedebant
1627 523 1781 567 specta-

325 585 440 623 tores,
470 584 509 616 et
528 578 578 615 ad
599 592 665 616 eos
697 578 971 628 undecumque
1005 579 1288 624 commeabant,
1324 579 1432 617 nullo
1465 579 1564 617 inter
1592 593 1782 618 conscen-

325 641 496 679 dendum
518 643 626 680 alteri
654 655 794 680 noxam
816 641 1013 680 afferente.
1073 641 1172 679 llluc
1204 648 1333 680 autem
1367 656 1432 693 per
1452 656 1599 681 cuneos
1619 643 1782 682 accede-

324 706 434 751 bant,
466 706 531 756 qui
552 713 631 743 tum
654 706 691 742 in
710 707 786 744 ima
805 706 961 743 Theatri
983 719 1116 750 cavea,
1139 713 1221 743 tum
1241 706 1354 744 etiam
1377 719 1492 757 supra
1514 707 1652 757 ipsam,
1682 707 1782 746 adeo

324 769 527 819 ingeniose
548 770 778 807 conformati
800 775 922 815 erant,
953 776 995 806 ut
1027 770 1074 806 ab
1101 769 1146 806 iis
1171 783 1239 820 per
1259 769 1355 806 alios
1378 770 1547 807 scalares
1567 770 1710 820 gradus
1731 771 1782 808 ad

326 833 538 883 quemlibet
570 833 732 884 gradum
763 833 1040 883 spectatorinm
1075 832 1198 870 facilis
1231 839 1380 884 pateret
1401 845 1601 870 ascensus.
1657 834 1782 871 Cunei

325 897 635 946 spectaculorum
668 898 811 948 (iuquit
844 897 1060 945 Vitruvius)
1094 899 1132 934 in
1169 897 1337 934 Theatro
1368 897 1422 933 ita
1454 896 1690 944 dividantur,
1727 898 1782 935 uti

326 960 460 1010 anguli
493 961 745 1011 trigonorum,
779 962 844 1011 qui
876 967 1038 998 currunt
1067 961 1210 998 circum
1239 967 1486 998 curvaturam
1505 960 1782 1008 circinationis,

327 1022 497 1073 dirigant
518 1037 720 1071 ascensus,
752 1025 956 1074 scalasque
988 1024 1085 1061 inter
1117 1037 1261 1062 cuneos
1284 1024 1334 1061 ad
1361 1024 1521 1076 primam
1542 1025 1785 1074 praecinctio-

327 1099 427 1124 nem.
486 1088 612 1137 Supra
631 1095 759 1125 autem
780 1088 937 1125 alternis
965 1087 1164 1125 itineribus
1186 1088 1401 1138 superiores
1422 1088 1535 1125 cunei
1557 1085 1672 1126 medii
1693 1088 1784 1127 diri-

328 1157 480 1200 gantur.
539 1151 676 1197 Cunei,
708 1151 744 1187 in
767 1151 842 1188 imo
865 1151 1078 1201 dirigentes
1100 1151 1279 1197 scalaria,
1311 1159 1420 1189 erant
1440 1165 1600 1189 numero
1621 1159 1783 1204 septem.

328 1214 485 1252 Gradus
506 1215 832 1266 spectaculorum,
864 1217 919 1253 uti
954 1216 1141 1253 subsellia
1162 1215 1392 1267 composita,
1426 1224 1536 1254 erant
1556 1230 1632 1254 non
1654 1218 1782 1255 minus

328 1277 395 1314 alti
429 1278 558 1329 palmo
589 1278 702 1329 pede,
738 1292 815 1315 non
843 1279 930 1329 plus
952 1279 1051 1329 pede
1073 1286 1112 1316 et
1131 1279 1261 1329 digitis
1284 1293 1365 1325 sex,
1401 1280 1629 1318 latitudines
1651 1293 1782 1318 eorum

329 1352 406 1377 non
428 1340 514 1392 plus
537 1340 657 1392 pedes
679 1341 778 1379 duos
802 1342 932 1388 semis,
964 1355 1040 1380 non
1074 1342 1200 1380 minus
1232 1343 1352 1394 pedes
1374 1343 1473 1381 duos
1493 1344 1786 1382 constitueban-

329 1411 402 1449 tur,
425 1411 467 1442 ut
488 1418 553 1455 per
574 1405 613 1442 id
635 1406 803 1456 spatium
823 1405 951 1452 latius,
974 1419 1040 1444 seu
1068 1419 1135 1457 per
1157 1407 1422 1444 ambulacrum
1444 1407 1658 1458 quoddam,
1677 1407 1785 1445 nullo

330 1469 503 1519 negotio,
525 1469 600 1507 huc
619 1476 734 1520 atque
750 1469 855 1516 illuc,
874 1469 923 1507 ad
940 1483 1083 1508 vacuas
1102 1470 1215 1507 sedes
1233 1470 1426 1508 deerraret
1441 1471 1624 1522 populus,
1639 1472 1786 1522 absque

328 1545 462 1569 eorum
485 1532 747 1579 incommodo,
778 1534 842 1584 qui
872 1533 953 1584 jam
975 1534 1262 1571 consedissent.
1318 1534 1414 1571 Post
1433 1541 1509 1571 tres
1531 1548 1686 1585 quoque
1708 1535 1786 1572 sin-

329 1597 441 1646 gulos
464 1597 622 1648 gradus,
643 1598 709 1648 qui
730 1603 889 1648 quartus
911 1598 950 1634 in
971 1598 1144 1636 ordinem
1167 1597 1416 1644 succedebat,
1437 1598 1557 1650 duplo
1578 1599 1691 1636 latior
1705 1605 1788 1637 erat

330 1662 482 1708 ceteris,
504 1662 553 1699 ad
573 1662 756 1700 leviorem
775 1662 929 1701 Theatri
947 1662 1245 1713 proclivitatem,
1280 1670 1319 1700 et
1338 1670 1380 1700 ut
1402 1663 1566 1714 singulis
1586 1662 1786 1700 ordinibus

329 1726 471 1777 singuli
494 1734 568 1764 tres
591 1726 735 1776 gradus
757 1727 1079 1778 relinquerentur.
1138 1728 1207 1774 Ac,
1241 1741 1288 1765 ne
1309 1727 1499 1778 petulanti
1521 1734 1587 1765 aut
1606 1727 1788 1765 insolenti

329 1790 488 1841 populo,
509 1797 666 1841 propter
687 1789 800 1828 sedes
822 1791 1071 1841 quantumvis
1093 1804 1255 1829 accessu
1277 1791 1424 1837 faciles,
1439 1792 1674 1842 praeberetur
1693 1786 1793 1829 rixae

329 1867 462 1900 causa,
496 1861 653 1892 cautum
675 1861 757 1892 erat
777 1868 825 1892 ne
845 1855 1006 1906 quilibet
1037 1856 1073 1892 in
1104 1855 1341 1905 quibuslibet
1372 1855 1553 1893 sederent
1573 1855 1758 1906 gradibus
1777 1868 1786 1893 :

331 1918 400 1956 sed
420 1918 457 1955 in
481 1919 601 1956 tribus
621 1919 768 1968 primis,
790 1919 855 1970 qui
876 1919 1039 1969 proximi
1060 1926 1192 1956 essent
1209 1931 1336 1956 scenae
1356 1919 1520 1970 pulpito,
1537 1919 1787 1970 amplissimae

330 1989 368 2021 et
390 1988 572 2021 extremae
594 1983 794 2033 dignitatis
814 1983 895 2028 viri,
928 1983 967 2020 in
996 1983 1249 2034 sequentibus
1281 1983 1522 2028 consulares,
1554 1983 1590 2020 in
1614 1983 1698 2021 aliis
1719 1996 1787 2034 pa-

330 2046 440 2092 tricii,
471 2059 515 2083 ac
547 2046 730 2096 deinceps
765 2047 900 2097 plebeii
934 2047 970 2084 in
1002 2048 1159 2097 reliquis
1193 2047 1378 2097 gradibus
1401 2047 1594 2084 sederent.
1651 2047 1788 2097 Itaque

331 2117 480 2147 veteres
502 2110 715 2156 architecti,
746 2119 895 2148 naturae
919 2111 1082 2161 vestigia
1102 2111 1310 2161 persecuti,
1343 2110 1658 2162 indagationibus
1682 2112 1788 2149 vocis

332 2173 567 2211 scandentes
601 2174 839 2213 theatrorum
873 2176 1118 2227 perfecerunt
1149 2175 1412 2226 gradationes,
1451 2182 1489 2213 et
1527 2175 1790 2225 quaesiverunt

331 2237 475 2288 (inquit
495 2237 710 2286 Vitruvius)
729 2252 796 2289 per
817 2240 1045 2277 canonicam
1067 2239 1439 2285 mathematicorum,
1462 2246 1500 2277 et
1521 2238 1706 2277 musicam
1728 2251 1787 2277 ra-

333 2301 490 2346 tionem,
522 2308 577 2346 ut,
610 2315 868 2353 quaecumque
900 2316 976 2340 vox
1008 2304 1046 2339 in
1070 2316 1189 2340 scena
1209 2311 1327 2348 esset,
1349 2303 1485 2341 clarior
1505 2310 1543 2340 et
1563 2303 1717 2341 suavior
1737 2303 1787 2341 ad

333 2373 591 2416 spectatorum
612 2367 828 2416 perveniret
849 2380 958 2404 aures
977 2381 985 2410 ;
1019 2381 1078 2413 ac,
1100 2381 1147 2405 ne
1172 2381 1245 2405 vox
1268 2367 1482 2417 impediret,
1511 2367 1566 2405 ita
1585 2367 1789 2418 compositi

334 2436 443 2466 erant
464 2429 622 2479 gradus,
654 2438 698 2468 ut
730 2425 845 2478 linea,
878 2445 965 2469 cum
987 2433 1036 2470 ad
1058 2433 1175 2469 imum
1196 2432 1359 2482 gradum
1382 2439 1420 2469 et
1439 2431 1488 2469 ad
1511 2443 1701 2468 summum
1722 2444 1789 2469 ex-

336 2500 443 2530 tenta
463 2501 579 2538 esset,
617 2495 745 2531 omnia
777 2497 978 2533 cacumina
1002 2496 1190 2546 graduum
1210 2495 1452 2545 angulosque
1473 2501 1663 2544 tangeret.
1719 2494 1789 2532 At-

335 2571 424 2608 que,
458 2565 500 2595 ut
536 2571 606 2595 vox
629 2566 800 2597 actorum
824 2562 975 2598 suavior
996 2568 1035 2599 et
1056 2561 1257 2599 delicatior
1278 2559 1561 2612 spectatoribus
1581 2559 1788 2607 videretur,

337 2622 483 2671 antiqui
505 2622 731 2661 Graecorum
763 2624 927 2662 artifices
948 2626 1046 2663 inter
1068 2625 1180 2663 sedes
1198 2626 1334 2663 theatri
1355 2624 1486 2661 Cellas
1504 2623 1789 2662 constituerunt

296 2729 298 2731 Ι
338 2685 483 2722 ratione
514 2687 672 2733 musica,
705 2688 740 2724 in
774 2688 912 2737 quibus
942 2702 1033 2726 vasa
1066 2701 1188 2734 aenea,
1223 2701 1292 2738 pro
1327 2687 1474 2724 ratione
1508 2686 1787 2737 magnitudinis

339 2748 495 2787 Thcatri
528 2751 643 2797 sacta,
677 2750 990 2795 collocabantur;
1023 2766 1110 2802 quae
1148 2753 1199 2789 ita
1234 2751 1421 2789 fabricata
1455 2756 1578 2796 erant,
1611 2757 1664 2798 ut,
1700 2764 1787 2789 cum
