1903 3306
332 229 416 270 350
828 243 869 273 1».
902 243 1143 273 TERENTH
1178 243 1297 273 ΛΡΜ

332 334 446 385 Eho,
469 334 540 376 dic
561 335 681 385 mihi,
702 335 740 376 si
761 348 914 376 omnes
941 336 1054 377 hunc
1077 336 1333 389 conjectum
1354 336 1398 376 in
1419 337 1599 391 nuptias

334 403 507 459 Inimici
529 403 691 444 vellent
712 416 721 444 :
745 404 881 456 quod,
900 404 986 444 nisi
1010 404 1109 453 hoc,
1129 404 1364 445 consilium
1384 405 1571 446 darent?
1731 406 1791 446 45

332 462 687 524 Dssij⁴'”1]eceptus
707 483 817 520 sum,
839 475 886 510 at
906 483 994 510 non
1015 470 1295 523 defatigatus.
1356 471 1445 512 CH.
1477 473 1600 514 Scio.

333 538 426 580 DA.
457 537 560 578 Hac
581 551 669 579 non
692 538 922 587 successit,
945 538 1032 579 alia
1054 538 1356 591 aggrediemur
1376 539 1462 580 via.

332 605 438 647 Nisi
459 605 506 666 ig}
524 593 801 658 putas,lquia
821 606 961 657 primo
983 606 1202 658 processit
1221 618 1388 658 parum,

331 672 435 714 Non
455 686 591 726 posse
605 673 655 727 ja
719 672 776 713 ad
798 672 987 713 salutem
1009 674 1203 714 converti
1223 675 1306 719 hoc
1327 674 1509 715 malum.

331 740 420 781 ΡΑ.
453 740 596 781 Immo
618 741 753 782 etiam
772 753 781 781 :
803 753 906 780 nam
926 740 1038 780 satis
1061 740 1211 790 credo,
1233 741 1270 781 si
1292 740 1564 794 advigilaver
1582 755 1620 792 s,
1732 743 1788 783 50

331 808 404 849 Ex
423 809 524 849 unis
547 810 741 860 geminas
761 808 865 849 mihi
888 808 1097 849 conficies
1119 808 1315 861 nuptias.

331 876 425 918 DA.
457 876 566 929 Ego,
590 875 836 929 Pamphile,
856 876 939 916 hoc
960 876 1042 918 tibi
1063 889 1144 930 pro
1168 876 1350 918 servitio
1372 875 1530 927 debeo,

331 945 496 986 Conari
517 944 737 992 manibus,
759 943 963 997 pedibus,
986 947 1226 997 noctesque
1246 948 1292 984 et
1311 943 1424 993 dies,

331 1011 506 1066 Capitis
528 1011 742 1064 periclum
764 1011 901 1059 adire,
924 1010 1031 1050 dum
1051 1012 1220 1068 prosim
1241 1011 1338 1052 tibi.

329 1080 475 1121 Tuum
496 1077 568 1128 'st,
590 1078 629 1119 si
649 1078 756 1132 quid
777 1082 935 1132 praeter
955 1092 1080 1131 spem
1102 1079 1264 1129 evenit,
1287 1078 1395 1120 mihi
1415 1080 1657 1133 ignoscere.
1730 1082 1789 1123 55

329 1148 496 1190 Parum
516 1146 719 1188 succedit
740 1146 857 1201 quod
879 1159 985 1200 ago:
1018 1150 1063 1188 at
1083 1147 1203 1188 facio
1227 1146 1399 1202 sedulo.

1300 1223 1311 1241 Χ

1712 851 1746 859 ἡ

330 1280 451 1312 inimici
465 1281 497 1312 in
513 1281 569 1312 lias
584 1281 720 1321 nuptias,
737 1291 810 1321 quas
824 1284 1000 1318 aversatur,
1015 1280 1166 1319 conjicere
1181 1280 1308 1320 vellent,
1323 1280 1397 1322 quid
1411 1282 1475 1313 nisi
1488 1282 1555 1318 hoc,
1578 1283 1658 1322 quod
1672 1282 1788 1314 dedisti

327 1325 501 1361 consilium,
524 1324 552 1354 ei
575 1323 710 1356 darent?
753 1324 823 1354 DA.
846 1324 1003 1363 Deceptus
1024 1334 1092 1354 sum
1117 1327 1238 1364 eventu,
1261 1328 1294 1354 at
1316 1335 1377 1356 non
1403 1324 1606 1365 defatigatus,
1620 1328 1656 1356 ut
1669 1335 1735 1356 rem
1756 1325 1790 1356 in

328 1366 439 1397 melius
451 1366 568 1404 referre
579 1368 748 1407 desperem.
794 1367 864 1397 Cn.
889 1365 975 1405 Scio,
991 1366 1120 1397 scilicet.
1166 1367 1238 1398 DA.
1262 1367 1335 1399 Hac
1349 1368 1470 1399 ratione
1484 1377 1533 1398 res
1547 1377 1608 1399 non
1621 1367 1768 1399 successit
1777 1378 1790 1404 ‚-

328 1409 391 1439 alia
406 1410 625 1448 aggrediemur
636 1420 646 1440 .·
668 1409 729 1439 nisi
744 1412 847 1448 putas,
863 1409 934 1448 quin
942 1409 1045 1448 primo
1059 1419 1166 1448 parum
1175 1410 1319 1447 feliciter
1340 1411 1454 1449 evenit,
1478 1420 1539 1441 non
1552 1419 1640 1450 posse
1653 1410 1708 1441 hoc
1723 1420 1787 1440 ma-

329 1453 392 1482 lum
399 1451 470 1489 J'am
486 1453 525 1481 ad
539 1453 670 1483 salutem
684 1452 806 1489 referri.
855 1452 919 1482 ΡΑ.
945 1451 1044 1482 Immo
1059 1461 1140 1486 vero,
1157 1456 1230 1492 puto
1244 1453 1278 1483 id
1292 1462 1378 1492 posse
1383 1452 1463 1494 fieri
1473 1463 1483 1483 :
1505 1463 1577 1484 nam
1591 1453 1686 1484 etiam
1698 1454 1788 1484 credo

319 1495 432 1533 facile,
446 1495 474 1524 si
489 1494 669 1533 diligentem
684 1504 806 1533 operam
820 1493 953 1533 dederis,
967 1504 1007 1524 ex
1022 1494 1093 1525 unis
1104 1496 1181 1526 duas
1196 1494 1273 1525 mihi
1287 1495 1429 1536 conficies
1439 1495 1574 1536 nuptias.
1619 1497 1692 1527 DA.
1707 1496 1790 1535 Ego,

330 1534 509 1577 Pamphile,
524 1547 592 1567 cum
607 1541 678 1568 tuus
693 1536 753 1567 sim
763 1546 880 1572 sertus,
895 1537 950 1566 Ιιοε
964 1536 1021 1567 tibi
1042 1537 1154 1573 debeo,·
1178 1537 1283 1568 conari
1299 1538 1375 1568 totis
1389 1537 1519 1578 viribus,
1531 1541 1693 1578 noctesque
1707 1537 1788 1568 dies-

329 1589 387 1619 que
412 1580 520 1610 mortis
540 1581 676 1619 periculo
699 1590 747 1610 me
770 1589 930 1619 exponere,
953 1580 1113 1610 dummodo
1128 1579 1187 1610 tibi
1202 1580 1373 1611 utilitatem
1386 1579 1529 1620 afferam.
1577 1581 1619 1612 Te
1633 1590 1704 1610 vero
1719 1590 1789 1610 con-

329 1622 427 1663 venit,
438 1622 466 1653 si
481 1622 554 1663 quid
569 1626 675 1685 coztra
690 1622 931 1662 expectationem
942 1625 1027 1652 tuum
1038 1624 1151 1664 evenit,
1166 1623 1241 1654 mihi
1252 1623 1420 1663 ignoscere.
1465 1622 1503 1654 Si
1511 1632 1623 1663 parum
1633 1622 1788 1659 successit,

939 1708 954 1719 v
959 1708 1177 1720 “eme-‘Mo

331 1775 423 1808 Perl.
441 1778 475 1805 et
488 1774 536 1806 ita
552 1775 652 1806 Both.
669 1773 730 1805 nisi
747 1775 834 1816 quod
853 1785 917 1807 non
936 1775 1076 1807 invertit
1101 1777 1157 1807 hoc
1182 1779 1239 1807 est.
1285 1776 1337 1807 Ea
1363 1773 1466 1806 verba
1490 1773 1632 1807 invertit
1648 1775 1708 1807 Br.
1729 1777 1788 1817 qui

330 1820 390 1850 dat
405 1819 443 1849 ho
458 1822 537 1848 ante
553 1818 791 1849 ‘scelus.’—43
816 1819 899 1850 Mss.
919 1819 962 1849 Ut
977 1819 1046 1850 tibi.
1069 1819 1166 1850 Liud.
1215 1819 1344 1849 Utinam
1361 1824 1437 1858 post
1460 1819 1470 1835 ‘
1483 1818 1566 1849 tibi’
1581 1817 1697 1850 Guelf.
1713 1821 1788 1850 2.—

329 1865 370 1893 115
398 1860 521 1892 Inimici
537 1860 611 1898 ejus.
636 1861 692 1891 Ita
708 1870 750 1891 ex
767 1862 835 1892 Ms.
850 1861 998 1892 editum:
1026 1867 1136 1893 tamen
1155 1862 1188 1891 iu
1206 1862 1246 1892 R.
1264 1866 1298 1891 et
1315 1861 1388 1891 aliis
1404 1859 1442 1890 τὸ
1456 1860 1521 1898 ejus
1539 1870 1606 1891 non
1628 1861 1786 1893 habetur.

332 1904 426 1935 Lind.
473 1903 527 1934 Ne
543 1913 659 1934 versus
675 1903 807 1934 duriter
832 1903 983 1941 incedat,
1009 1914 1070 1944 pro
1095 1905 1185 1944 quod,
1209 1903 1270 1934 nisi
1295 1905 1371 1943 lege
1395 1903 1512 1943 quidni.
1531 1904 1634 1934 Bent.
1680 1903 1788 1936 Acce-

331 1947 417 1978 dunt
433 1946 526 1977 Perl.
541 1945 731 1977 Rom—46
756 1947 838 1976 Mss.
853 1946 991 1987 quidam
1014 1947 1216 1986 defetigatus.
1261 1945 1342 1984 Alii,
1364 1947 1544 1976 delassatus.
1568 1947 1676 1977 West.
1720 1947 1789 1978 De·

322 1990 483 2027 setigatus
498 1989 599 2020 Beut.
616 1989 717 2019 Both.
735 1998 811 2019 curu
829 1989 887 2019 Br.
905 1990 999 2029 cujus
1017 1991 1126 2029 glossa
1152 1989 1257 2019 dicit:
1284 1989 1293 2005 ‘
1310 1989 1470 2019 Lassatns
1485 1999 1493 2018 τ
1519 1988 1576 2019 alii
1602 1987 1787 2028 fatigatus!

330 2035 414 2063 -47
438 2032 487 2062 Μ.
503 2031 735 2070 aggrediamur.
765 2031 879 2071 Atque
893 2032 938 2062 ita
952 2032 1100 2063 Boecleri
1117 2041 1232 2062 omues
1245 2031 1364 2071 scripti
1377 2030 1532 2062 codices:
1557 2040 1600 2068 ex
1615 2032 1788 2071 impressis

332 2077 428 2106 1469.
445 2075 645 2105 Veu.1490.
663 2078 697 2104 et
723 2074 870 2104 Fabrini.
897 2075 994 2105 West.
1041 2074 1151 2106 Codd.
1175 2074 1380 2114 superstites
1403 2083 1531 2112 omnes,
1555 2073 1785 2113 aggrediemur.

331 2118 521 2148 Beut.——48
547 2117 638 2156 Lege
657 2116 731 2146 Nisi
745 2119 773 2147 sz'
787 2117 829 2148 id.
853 2118 957 2148 Bent.
1004 2118 1134 2148 Morem
1162 2118 1252 2154 gerit
1276 2117 1466 2147 Boiu—49
1489 2117 1581 2156 Lege
1608 2125 1787 2148 numerose

331 2161 451 2199 magiS,
466 2159 616 2197 Nonjum
627 2160 667 2189 ad
679 2160 808 2190 salutem
818 2170 917 2200 posse,
928 2162 979 2200 ⁸50·
994 2160 1184 2191 Bene—51
1207 2159 1317 2190 Unicis
1327 2157 1444 2190 Guelf.
1458 2161 1576 2190 2.—-55
1595 2159 1730 2190 Eveniat
1741 2160 1785 2191 G.

338 2202 437 2233 West.
482 2202 587 2232 Metri
605 2202 691 2232 ratio
707 2202 820 2239 evenit,
833 2212 897 2232 non
913 2203 1027 2241 evenit,
1041 2202 1218 2242 efflagitat.
1245 2202 1338 2232 Bent.
1377 2201 1453 2232 Hoc
1471 2200 1517 2232 cf.
1534 2210 1611 2232 cum
1631 2202 1696 2232 Do.
1727 2203 1786 2234 Sic

332 2245 393 2276 dat
409 2244 550 2275 Bothius
565 2256 571 2274 z
595 2254 643 2284 pr.
659 2254 754 2284 spem,
769 2245 846 2275 mihi
862 2249 892 2275 te
906 2245 1060 2284 ign—56
1075 2246 1129 2276 vi.
1143 2250 1178 2276 et
1190 2244 1244 2275 alii
1257 2244 1387 2285 antiqui
1405 2243 1504 2275 codd.
1516 2244 1665 2282 succedit,
1680 2249 1787 2284 recte,

333 2297 401 2318 non
416 2288 574 2318 successit.
599 2288 700 2318 Bent.
740 2287 794 2318 Ad
812 2297 930 2318 vocem
946 2288 955 2304 ‘
967 2288 1085 2320 sedulo
1100 2287 1108 2299 ’
1124 2289 1216 2319 Perl.
1232 2292 1369 2318 monet:
1391 2286 1402 2303 ‘
1416 2287 1500 2318 GM.
1517 2287 1551 2317 in
1568 2296 1674 2326 marg.
1698 2288 1708 2304 ⁴
1723 2287 1787 2318 sal-

332 2329 425 2361 tem?
454 2331 505 2361 Ex
525 2329 601 2361 eod.
618 2329 691 2360 cod.
709 2334 812 2360 totam
830 2329 904 2361 fere
920 2331 1018 2362 aliam
1036 2331 1211 2371 periodum
1226 2328 1415 2360 transcribo
1429 2328 1531 2360 hanc:
1547 2329 1667 2360 Parum
1677 2329 1706 2360 si
1718 2339 1786 2361 suc-

332 2373 424 2413 cedit,
436 2374 515 2413 quod
527 2382 582 2412 ego
597 2395 604 2403 .
615 2396 622 2405 .
633 2395 640 2403 .
653 2375 707 2403 aut
716 2372 803 2410 facio
814 2374 936 2411 sedulo;
952 2377 1007 2405 aut
1015 2372 1174 2415 (saltem)
1189 2377 1254 2404 tute
1268 2372 1377 2403 melius
1391 2372 1475 2403 atiud
1488 2373 1601 2413 reperi,
1615 2375 1669 2403 aut
1685 2382 1732 2403 me
1743 2382 1784 2404 m.

989 2469 1021 2501 N
1028 2468 1130 2502 OTAE

375 2536 416 2564 43
441 2533 484 2564 At
519 2533 578 2564 tibi
606 2533 667 2573 Di]
706 2534 715 2550 ‘
734 2532 801 2565 At'
829 2533 1031 2574 principium
1129 2537 1169 2565 44
1194 2534 1257 2565 Dic
1289 2533 1382 2574 mihi]
1419 2534 1561 2574 Semper
1596 2532 1660 2564 hoc
1697 2532 1705 2549 ‘
1730 2533 1785 2565 dic

334 2589 386 2614 est
416 2584 640 2622 increpationi
679 2588 806 2623 aptum.
856 2585 952 2624 Vin-g.
993 2593 1032 2615 11.
1086 2585 1188 2616 mihi'
1204 2585 1402 2625 injuriosum
1414 2589 1477 2624 est,
1491 2584 1722 2615 antcuriosius
1739 2585 1787 2615 in-

334 2636 408 2666 AEn.
448 2635 457 2651 ‘
477 2634 522 2666 At
539 2635 599 2665 tibi
617 2644 677 2675 pro
695 2636 835 2672 scelere,
851 2637 1030 2676 exclamat,
1088 2635 1308 2676 terroganfis,
1323 2635 1372 2666 ait
1389 2635 1518 2666 Donat.
1534 2634 1566 2665 in
1582 2634 1645 2665 hac
1661 2633 1787 2675 fabula,

335 2696 396 2726 pro
411 2685 548 2719 talibus.
561 2684 672 2723 ausis,'
688 2687 752 2716 ἃς.
785 2686 907 2717 Horat.
944 2687 953 2702 ‘
973 2686 1031 2725 At,
1087 2692 1122 2718 et
1145 2687 1178 2717 in
1205 2687 1352 2727 Hecyra.
1375 2686 1470 2726 Virg.
1495 2686 1504 2703 ‘
1519 2685 1583 2716 Dic
1607 2685 1701 2725 mihi,
1717 2685 1786 2716 Da-

335 2747 354 2767 0
373 2735 729 2776 Deorumquisquisiu
744 2737 828 2768 caelo
846 2737 933 2777 regis
949 2737 1032 2768 Ter·
1088 2736 1214 2768 mrem?
1259 2736 1440 2766 Inducitur
1467 2734 1640 2766 Menalcas
1671 2744 1785 2767 amare

336 2797 390 2819 ras
407 2792 443 2819 et
456 2787 636 2818 humanum
653 2786 782 2827 genus.'
1087 2788 1301 2828 interrogans
1317 2786 1520 2818 Damoetam.
