1903 3306
331 206 416 247 122
948 217 1169 248 RUFINUS

436 311 519 349 Nec
541 311 578 348 in
600 311 744 362 bicipiti
766 312 982 351 somniasse
1003 313 1212 350 Parnasso.

329 375 389 412 De
410 375 541 412 metris
562 375 744 413 comicis:

431 439 692 477 Tetrametros
713 439 983 490 trimetrosque
1003 440 1108 489 capit
1129 439 1331 477 Comoedia
1350 455 1499 480 versus.

431 502 712 540 Tetrametrum
731 504 877 553 primus
899 504 1017 542 fertur
1035 503 1214 554 posuisse
1237 504 1414 550 Boiscus,

432 566 612 604 Creticon
634 567 890 604 Archilochus
912 567 1083 605 trimetro
1103 567 1374 618 superaddidit
1393 569 1547 619 ingens,

429 629 760 680 Amphibrachum
782 630 954 668 trimetro
977 631 1187 681 Hipponax
1208 631 1392 681 supponit
1411 632 1556 670 iambo.

431 692 611 730 Fulserat
629 693 704 730 hac
725 692 901 739 Plautus,
921 693 1160 745 pulcherque
1182 694 1384 733 Terentius
1404 703 1499 733 arte.

322 755 575 793 Terentianus
597 756 644 793 de
664 756 802 794 iambis
825 757 1056 794 Fabularum
1077 757 1132 794 sic
1153 756 1257 795 dicit.

428 820 620 870 Culpatur
640 827 769 857 autem
788 833 922 857 versus
939 820 976 857 in
998 819 1228 870 Tragoedus,

429 883 478 919 Et
498 896 605 920 rarus
626 883 743 921 intrat
763 896 809 920 ex
829 883 967 921 iambis
989 883 1181 930 omnibus,

428 947 480 983 Ut
498 946 562 983 ille
582 953 717 984 contra
737 946 802 997 qui
821 946 993 984 secundo
1014 952 1053 983 et
1072 946 1215 983 talibus

425 1010 664 1061 Spondaeon,
685 1018 753 1048 aut
772 1023 885 1061 quem
906 1023 1123 1061 comparem
1143 1010 1329 1061 receperit
1346 1024 1354 1048 :

425 1073 502 1110 Sed
524 1073 589 1124 qui
609 1073 808 1123 pedestres
830 1073 982 1111 fabulas
1004 1086 1119 1111 socco
1139 1081 1333 1123 premunt,

426 1136 479 1172 Ut
497 1149 585 1186 quae
607 1136 818 1187 loquuntur
838 1143 967 1174 sumta
987 1136 1035 1174 de
1055 1137 1135 1174 vita
1154 1145 1282 1188 putes,

423 1199 572 1237 Vitiant
589 1200 756 1238 iambum
781 1201 965 1238 tractibus
987 1200 1224 1251 spondaicis‚

424 1263 474 1300 Et
492 1264 529 1301 in
551 1263 737 1311 secundo,
758 1271 797 1302 et
815 1265 852 1302 in
874 1265 1010 1303 ceteris
1033 1278 1144 1315 aeque
1164 1264 1277 1302 locis.

425 1327 638 1378 Fidemque
658 1328 758 1366 fictis
780 1328 870 1366 dum
891 1337 1100 1379 procurant
1120 1328 1275 1374 fabulis,

422 1391 465 1428 In
487 1398 609 1429 metra
628 1399 794 1442 peccant
813 1399 907 1438 arte,
929 1405 1007 1429 non
1028 1391 1194 1437 inscitia,

420 1454 479 1492 Ne
501 1455 578 1492 sint
599 1468 741 1493 sonora
763 1457 882 1493 verba
900 1455 1212 1501 consuetudinis,

420 1516 665 1568 Paulumque
686 1531 818 1557 rursus
841 1531 863 1556 a
884 1518 1020 1556 solutis
1041 1518 1234 1556 differant.

419 1579 539 1632 Mage
559 1582 634 1620 ista
654 1583 774 1620 nostri
791 1596 800 1620 ε
830 1596 918 1620 nam
937 1583 1014 1621 fere
1033 1582 1182 1620 Graecis
1200 1589 1317 1620 tenax

420 1645 521 1683 Cura
544 1652 605 1683 est
624 1646 753 1692 iambi,
772 1646 832 1684 vel
858 1647 1020 1684 novellis
1041 1646 1211 1692 comicis,

418 1708 492 1746 Vel
512 1709 577 1759 qui
599 1709 636 1746 in
657 1717 811 1747 vetusta
830 1711 1045 1761 praecluent
1066 1710 1281 1748 Comoedia.

418 1770 692 1823 Aristophanis
714 1773 850 1824 ingens
872 1775 1012 1812 emicat
1032 1773 1201 1820 solertia,

418 1835 494 1878 Qui
516 1850 620 1887 saepe
641 1838 772 1874 metris
794 1838 1092 1875 multiformibus
1114 1849 1237 1874 novus

417 1899 677 1938 Archilochon
699 1907 779 1938 arte
800 1909 860 1940 est
880 1903 1085 1940 aemulatus
1106 1901 1270 1938 musica.

365 1995 531 2033 Sisenna
550 1996 587 2032 in
610 1996 898 2036 Commentario
919 1998 1071 2035 Poenuli
1092 1998 1284 2035 Plautinae
1307 1995 1465 2032 Fabulae
1488 1994 1567 2031 sic:
1599 1992 1760 2033 Haloni-

310 2072 373 2095 um·
396 2059 504 2096 Poeni
526 2059 660 2097 dicunt
680 2060 819 2107 Deum,
849 2068 888 2099 et
915 2061 1170 2112 producenda
1198 2060 1348 2112 syllaba
1369 2057 1478 2095 metri
1499 2056 1623 2108 gratia
1640 2057 1761 2107 exigit

309 2123 472 2160 iambus.

362 2186 532 2223 Scaurus
552 2186 589 2222 in
621 2188 895 2226 commentario
921 2188 1050 2226 Plauti
1078 2189 1116 2226 in
1151 2186 1347 2225 Pseudulo
1368 2185 1486 2223 dicit:
1517 2182 1639 2221 Malai
1659 2183 1753 2222 διαί-

308 2265 404 2299 ρεσις
423 2249 532 2286 metri
552 2262 683 2287 causa.
727 2251 895 2288 Scaurus
918 2252 955 2288 in
977 2251 1111 2289 eadem
1135 2249 1283 2288 Fabula
1299 2250 1353 2287 sic
1372 2262 1381 2286 :
1412 2249 1527 2287 Nunc
1547 2247 1650 2292 iam;
1673 2249 1754 2299 jam

309 2313 437 2350 divisit
457 2313 493 2348 in
515 2312 613 2349 duas
635 2313 803 2363 syllabas
824 2315 931 2352 metri
953 2328 1083 2353 causa.

348 2376 513 2413 Sisenna
533 2376 569 2412 in
587 2376 767 2414 Rudente
788 2377 842 2415 sic
861 2390 869 2414 :
902 2378 989 2415 Fuit
1004 2385 1160 2416 extenta
1181 2377 1302 2427 prima
1323 2375 1474 2426 syllaba
1486 2375 1593 2413 metri
1610 2387 1751 2413 causa:

306 2448 344 2478 et
364 2448 498 2490 postea
525 2440 607 2476 sic:
652 2440 850 2479 Habiliore
885 2450 1007 2479 metro
1041 2455 1135 2479 usus
1171 2448 1244 2486 est,
1275 2448 1317 2477 ut
1352 2439 1450 2476 solet
1482 2438 1520 2475 in
1552 2438 1750 2475 mulierum

308 2503 494 2541 oratione.
551 2502 696 2541 Postea
716 2506 769 2542 sic
788 2518 796 2542 :
828 2506 1030 2543 Latronem
1048 2504 1227 2556 producit
1249 2503 1357 2540 metri
1376 2513 1508 2540 causa.

360 2565 465 2603 Idem
506 2566 672 2603 Sisenna
710 2568 748 2603 in
784 2569 1063 2620 Amphytrione
1104 2569 1179 2605 sic:
1231 2566 1302 2603 His
1341 2573 1507 2615 quatuor
1546 2563 1749 2612 generibus

302 2629 477 2680 quintum
496 2630 658 2675 accedit,
680 2630 727 2667 de
748 2644 888 2680 genere
910 2646 1086 2670 versuum
1102 2632 1167 2682 qui
1188 2644 1263 2667 non
1285 2635 1376 2666 sunt
1392 2626 1625 2665 uniusmodi.

359 2693 465 2730 Idem
486 2693 651 2731 Sisenna
673 2694 710 2730 in
732 2694 905 2746 Captivis
926 2696 1003 2734 sic:
1037 2696 1111 2733 Hic
1132 2700 1267 2732 ornatu
1283 2693 1308 2729 S
1331 2691 1479 2729 literam
1500 2690 1608 2728 metri
1629 2703 1748 2728 causa

303 2756 440 2794 amisit.
