1976 3296
353 231 409 270 :24
943 241 1215 272 PRAEFA'rro.

351 335 458 377 folio
484 347 636 388 margo
660 335 714 376 ad
736 336 938 378 dextrum
959 338 1074 377 latus
1096 337 1206 377 satis
1229 336 1403 389 amplus
1433 340 1560 379 textu
1580 343 1728 388 vacat,
1760 340 1806 380 in
1868 350 1871 353 ’

353 416 508 445 averso
528 403 633 444 folio
654 404 726 444 hic
744 416 895 456 margo
918 404 973 444 ad
996 404 1116 443 latus
1138 404 1360 444 sinistrum
1384 408 1464 444 est.
1524 404 1673 447 Lineis
1688 406 1806 446 binis

350 471 806 525 perpendicularibus,
842 485 940 524 quae
976 475 1151 512 textum
1186 471 1432 521 terminant,
1465 471 1553 513 alia
1593 473 1807 526 parallela

352 538 485 579 ducta
516 542 596 588 est,
626 551 727 592 quae
759 552 785 579 a
806 540 1059 580 membrana
1088 544 1285 580 extrema
1318 552 1407 580 non
1439 540 1625 580 multum
1656 540 1804 583 distat.

351 605 473 646 Huic
496 606 643 659 spatio
666 606 777 646 inter
795 606 905 647 duas
922 607 1061 647 lineas
1082 607 1462 660 perpendiculares
1482 610 1599 648 notae
1620 607 1805 661 inscrip-

350 679 410 715 tae
443 678 559 723 sunt,
595 687 697 726 quae
729 674 786 714 ob
825 674 1126 727 prolixitatem
1158 675 1388 715 contextui
1424 674 1688 727 superscribi
1719 689 1804 716 non

349 745 570 795 poterant.
629 740 803 791 Multae,
820 742 955 782 immo
976 742 1173 783 maxima
1187 742 1433 795 glossarum
1448 753 1568 795 pars,
1581 742 1686 795 quia
1701 755 1803 796 per-

351 822 484 863 quam
505 810 660 850 breves
681 812 793 858 sunt,
814 808 1114 850 interlineares
1132 814 1248 850 sunt.

407 876 496 918 Hae
515 880 661 917 autem
684 878 988 919 annotationes
1002 877 1095 918 sive
1111 878 1272 930 glossae
1290 891 1376 918 non
1393 877 1536 918 solum
1554 876 1690 917 verba
1707 880 1802 918 tex-

348 944 421 984 tus
444 943 685 997 explicant,
708 943 784 984 sed
815 944 949 985 etiam
975 944 1123 985 varias
1146 945 1360 986 lectiones
1391 944 1577 985 aliorum
1597 943 1802 985 codicum

348 1011 580 1052 continent.
641 1011 759 1053 Haec
789 1011 990 1053 lectionis
1020 1012 1212 1054 varietas
1242 1012 1466 1053 indicatur
1495 1016 1588 1052 tum
1617 1009 1699 1051 hac
1721 1011 1801 1052 ab·

347 1078 595 1120 breviatura
637 1074 672 1129 ΐ,
704 1079 751 1119 id
783 1082 865 1128 est,
901 1079 1028 1129 ‘vel,'
1052 1083 1145 1120 tum
1174 1080 1251 1121 illa
1279 1075 1341 1130 αῒ,
1371 1080 1400 1120 i.
1431 1093 1469 1120 e.
1502 1077 1674 1129 ‘alius‚'
1703 1078 1800 1119 sive

346 1149 358 1166 ‘
375 1144 482 1196 alii,'
499 1146 594 1187 sive
615 1148 627 1167 ‘
645 1145 796 1188 aliter.’
855 1146 969 1187 Esse
1000 1160 1152 1188 revera
1183 1148 1328 1188 varias
1359 1147 1573 1188 lectiones
1603 1159 1656 1187 ex
1679 1145 1800 1187 codi-

350 1213 477 1254 cibus
503 1213 768 1268 depromtas,
799 1227 886 1255 non
916 1214 1239 1267 explicationes
1273 1214 1340 1255 vel
1371 1214 1663 1268 conjecturas,
1694 1212 1798 1253 inde

344 1286 508 1322 certum
529 1286 613 1331 est,
635 1281 741 1335 quia
769 1283 813 1322 in
844 1282 944 1323 aliis
980 1282 1208 1324 codicibus
1236 1282 1486 1336 saepissime
1508 1280 1799 1333 reperiuntur.

345 1346 475 1388 Unde
497 1347 658 1402 conjici
677 1353 844 1402 potest,
865 1362 957 1398 eaS,
989 1363 1090 1403 quae
1121 1350 1379 1391 auctoritate
1408 1348 1575 1389 codicis
1604 1347 1798 1388 nondum

344 1415 465 1456 fultae
486 1420 602 1466 sunt,
639 1416 715 1456 illa
745 1421 891 1457 tamen
922 1431 1010 1458 non
1040 1418 1294 1459 destitutum
1314 1417 1384 1466 iri,
1405 1416 1443 1456 si
1466 1415 1644 1456 codices
1667 1427 1798 1456 accu-

343 1483 479 1524 ratius
510 1483 831 1524 examinantur.
892 1484 1100 1526 Varietas
1139 1489 1282 1526 autem
1317 1497 1401 1524 non
1434 1484 1577 1524 solum
1609 1483 1798 1535 pertinet

345 1550 401 1590 ad
422 1563 572 1600 voceS,
594 1550 671 1590 sed
693 1551 823 1591 etiam
845 1552 902 1593 ad
924 1553 1050 1604 signa
1080 1551 1462 1605 interpunctioniS,
1493 1550 1598 1590 dum
1630 1550 1796 1602 saepius

345 1620 590 1668 annotatur,
609 1618 711 1659 loco
735 1618 848 1671 signi
869 1619 1218 1672 interrogationis
1234 1619 1353 1659 aliud
1372 1618 1584 1668 adhiberi,
1605 1617 1677 1658 vel
1699 1617 1796 1658 vice

342 1698 486 1727 versa.
547 1684 879 1726 Observandum
896 1690 1039 1728 tamen
1062 1691 1146 1736 est,
1163 1699 1313 1734 voceS,
1335 1687 1495 1739 quibus
1517 1685 1794 1739 praemissum

341 1756 410 1793 est
431 1755 443 1772 ‘
461 1751 550 1793 vel'
571 1756 643 1793 aut
663 1755 675 1773 ‘
693 1752 767 1794 al.’
788 1754 1096 1795 tantummodo
1129 1758 1219 1795 tum
1252 1766 1333 1807 pro
1364 1754 1499 1794 variis
1529 1752 1794 1794 lectionibus

341 1819 564 1861 habendas
584 1834 696 1871 esse,
711 1821 749 1862 si
770 1821 876 1862 nihil
894 1822 1082 1875 amplius
1105 1821 1295 1863 additur.
1345 1820 1519 1862 Glossae
1541 1823 1687 1861 autem
1705 1831 1793 1860 non

344 1900 493 1928 omnes
515 1888 670 1929 eadem
688 1901 822 1929 manu
842 1889 1020 1943 scriptae
1044 1893 1158 1930 sunt.

399 1954 452 1994 In
470 1968 629 2008 magna
658 1955 881 1997 felicitatis
916 1969 1026 1997 meae
1062 1961 1188 2010 parte
1223 1968 1405 2009 repono,
1434 1953 1567 2008 quod,
1596 1954 1791 1995 nondum

341 2024 503 2063 exacto
523 2023 627 2063 anni
646 2024 793 2076 spatio
822 2025 866 2064 in
887 2023 1056 2078 inclyta
1075 2022 1323 2064 Academia
1343 2022 1658 2071 Fridericiana,
1677 2034 1791 2080 prae-

340 2103 394 2131 co
415 2103 514 2130 esse
534 2091 703 2144 possim
726 2091 896 2133 codicis
918 2092 981 2133 ibi
1004 2091 1219 2133 custoditi
1238 2090 1444 2138 Terentii,
1461 2093 1550 2130 tum
1571 2089 1790 2143 antiquis-

340 2158 458 2207 simi,
479 2162 572 2197 tum
595 2158 777 2199 scholiis
800 2160 893 2201 sive
915 2160 1075 2212 glossis
1108 2159 1219 2200 varii
1250 2158 1418 2211 generis
1437 2157 1634 2210 insignis.
1696 2156 1789 2197 Do-

338 2224 515 2266 lendum
537 2230 606 2266 est
627 2225 835 2276 editores,
856 2240 968 2280 quos
988 2230 1146 2267 nactus
1168 2230 1237 2266 est
1258 2226 1448 2266 eximius
1468 2224 1540 2265 ille
1570 2224 1787 2274 comicus,

339 2292 579 2333 admodum
599 2292 869 2346 negligenter
890 2294 1066 2334 codices
1089 2306 1193 2334 suos
1207 2293 1513 2347 descripsisse,
1540 2295 1590 2332 ut
1609 2304 1789 2344 compa-

337 2359 451 2399 ratio
470 2359 614 2409 istiuS,
634 2373 746 2401 nunc
767 2373 823 2401 ex
843 2361 1050 2410 tenebris,
1072 2360 1149 2400 ubi
1176 2360 1319 2401 adhuc
1340 2361 1544 2408 latuerat,
1565 2359 1612 2398 in
1642 2358 1786 2411 publi-

338 2438 434 2466 cam
462 2426 605 2467 lucem
636 2427 904 2480 prodeuntis,
936 2442 1034 2469 cum
1057 2428 1157 2468 aliis
1178 2441 1262 2468 non
1283 2427 1411 2468 facile
1431 2426 1603 2467 institui
1632 2425 1784 2478 possit.

339 2492 388 2533 Si
412 2492 624 2543 Faernus,
645 2496 719 2547 qui
740 2496 904 2548 primus
924 2497 1106 2537 criticen
1128 2496 1386 2537 adultiorcm
1413 2494 1458 2534 in
1489 2492 1658 2534 edendo
1678 2492 1787 2533 Ter-

338 2559 455 2600 entio
478 2560 727 2601 adhibuisse
749 2562 919 2612 dicitur,
952 2564 1045 2616 ipse
1082 2563 1319 2603 editionem
1351 2566 1565 2610 curasset,
1597 2559 1784 2600 fortasse

339 2626 392 2665 de
413 2626 660 2677 codicibus,
684 2629 843 2680 quibus
863 2642 970 2670 usus
994 2636 1080 2678 est,
1104 2634 1309 2670 accurate
1328 2627 1562 2668 retulisset.
1622 2625 1682 2666 At
1702 2626 1782 2666 illo

337 2698 509 2733 mortuo
525 2694 680 2734 Petrus
691 2694 917 2736 Victorius
931 2696 1163 2737 editionem
1180 2696 1377 2748 vulgavit
1390 2707 1429 2736 a.
1445 2693 1569 2734 1565.
1582 2697 1625 2733 et
1636 2705 1782 2746 pauca

337 2760 470 2803 habet
489 2760 541 2801 dc
560 2762 769 2803 subsidiis
790 2763 991 2805 litorariis
1013 2765 1174 2817 quibus
1194 2776 1301 2805 usus
1324 2765 1392 2803 est
1413 2760 1626 2802 Faernus.
1677 2759 1781 2801 Lin-
