1903 3306
592 211 655 241 DE
690 209 870 240 METRis
903 209 1118 238 comicis.
1506 199 1589 240 231

140 311 244 348 tione
262 310 420 360 longam
448 304 600 352 reddat,
633 304 693 342 vel
714 311 756 342 ut
776 302 920 341 vocalis
941 302 1082 347 finalis,
1117 314 1203 352 quae
1226 310 1488 352 praecesserat,
1510 316 1587 340 non

138 371 317 413 elidatur.
373 371 459 409 Hoc
478 369 621 407 Plauto
639 374 869 420 perpetuum
887 379 896 404 :
926 365 996 404 sed
1022 365 1223 403 Terentius
1241 365 1479 415 parcissime.

193 436 292 474 Haec
312 442 439 474 autem
455 446 503 472 ea
520 433 599 471 fere
621 439 712 471 sunt
729 445 816 483 quae
838 430 886 468 de
906 429 1070 468 licentiis
1091 428 1259 467 dicenda
1276 428 1407 474 habui,
1422 443 1584 480 quarum

138 499 330 551 quasdam
367 499 407 536 in
451 496 647 549 prosodiae
698 495 805 546 leges
826 501 865 532 et
902 493 1177 545 pronuntiandi
1215 493 1385 531 rationes
1430 494 1587 530 nimium

138 576 300 616 peccare
317 575 397 601 non
415 560 657 599 diffitendum
676 565 750 596 est.
806 557 883 596 Sed
913 558 999 594 istae
1019 556 1216 607 pleraeque
1236 569 1370 594 omnes
1393 555 1585 594 Plautinae

139 634 232 666 sunt
247 641 258 670 ;
278 626 479 665 Terentius
499 630 539 663 et
549 621 706 661 modum
721 621 908 668 adhibuit,
924 621 1029 672 quod
1046 620 1096 659 ad
1116 621 1357 659 licentiarum
1374 633 1587 667 numerum,

137 696 180 729 et
197 691 291 728 miro
310 688 464 728 delectu
483 700 578 726 usus
599 691 673 733 est,
695 685 799 737 quod
829 685 879 723 ad
908 697 1040 723 earum
1073 696 1230 736 genera,
1255 690 1294 722 et
1315 696 1338 722 a
1357 697 1433 723 non
1453 685 1587 735 paucis

137 753 294 805 penitus
315 751 515 791 abstinuit.

193 816 232 855 Is
251 816 406 868 quidem
436 822 516 854 tam
548 820 656 852 caste
687 813 778 863 egit,
796 818 875 850 tam
896 824 1037 862 parcus
1057 812 1130 850 suit
1161 813 1199 849 in
1230 811 1395 851 licentiis
1417 812 1586 857 utendis,

137 880 185 918 iis
200 878 414 932 praesertim
434 891 523 929 quae
550 889 661 915 veras
681 877 882 914 verborum
901 875 1139 926 quantitates
1160 882 1306 926 augent
1326 882 1442 927 atque
1461 876 1587 912 inten-

137 943 252 990 dunt,
271 950 315 982 ut
334 955 436 993 saepe
466 941 507 979 in
538 940 728 987 iambicis,
759 952 846 978 cum
877 938 1074 978 licentiam
1105 940 1319 979 adhibitam
1339 948 1467 993 putes,
1497 939 1588 977 dum

137 1007 178 1045 in
196 1006 364 1057 legendo
392 1005 576 1057 legitimae
609 1003 916 1056 pronuntiationi
947 1010 987 1042 et
1019 1004 1182 1042 sectioni
1206 1006 1246 1042 in
1266 1004 1498 1042 ditrochaeos
1520 1004 1589 1041 ob-

137 1077 329 1123 temperas
346 1084 356 1114 ;
389 1070 421 1108 si
440 1077 570 1108 tamen
596 1082 749 1107 versum
769 1068 818 1107 ad
838 1081 950 1106 veros
969 1068 1091 1119 pedes
1111 1068 1262 1119 exigas,
1280 1068 1426 1106 nullam
1447 1067 1480 1105 ei
1503 1081 1588 1106 sus-

137 1134 327 1174 tentando
346 1134 542 1172 licentiam
561 1133 820 1172 necessariam
851 1146 938 1171 esse
967 1132 1253 1184 deprehendas.
1308 1131 1408 1170 Vide
1429 1130 1531 1168 And.
1556 1144 1587 1169 1.

139 1203 178 1239 5.
201 1199 291 1238 545*
327 1198 431 1237 And.
454 1211 484 1236 1.
503 1200 542 1237 5.
567 1197 651 1236 14}
689 1197 792 1235 And.
812 1209 872 1234 1v.
890 1198 925 1235 1.
941 1198 1006 1234 58.
1041 1196 1142 1234 Eun.
1159 1209 1233 1235 111.
1250 1197 1288 1234 5.
1309 1197 1370 1233 12.
1406 1195 1505 1233 Eun.
1525 1208 1587 1233 1v.

140 1265 177 1303 3.
199 1265 263 1302 23.
282 1269 322 1302 et
339 1265 378 1302 4.
399 1262 460 1301 6.*
499 1263 600 1300 Eun.
623 1273 665 1299 v.
689 1263 723 1299 l.
747 1260 831 1298 17.ἐξ
869 1259 1016 1298 Heaut.
1038 1273 1111 1299 111.
1145 1261 1179 1297 1.
1202 1259 1263 1297 6.*
1302 1259 1447 1297 Heaut.
1478 1271 1518 1296 v.
1554 1261 1590 1298 1.

136 1328 225 1366 502·
265 1327 364 1365 Hec.
387 1339 448 1364 1v.
474 1327 508 1364 1.
527 1327 594 1363 46.
631 1324 731 1363 Hec.
752 1337 814 1362 lv.
835 1326 872 1362 2.
894 1324 982 1361 292⁸*
1017 1323 1177 1361 Phorm.
1198 1336 1228 1361 1.
1249 1326 1286 1362 52.
1304 1323 1391 1362 963Ε
1429 1322 1589 1362 Phorm-

139 1403 212 1430 111.
237 1391 270 1428 1.
295 1392 356 1428 10.
395 1389 553 1427 Phorm.
575 1402 649 1427 111.
670 1390 707 1425 2.
729 1391 795 1427 44.
851 1388 951 1432 Quae
981 1400 1069 1425 cum
1088 1387 1275 1438 recogito,
1295 1387 1516 1426 Terentium
1536 1386 1589 1424 ad

133 1467 246 1494 veras
260 1467 400 1492 vocum
417 1453 652 1504 quantitates
673 1452 796 1502 magis
817 1464 934 1502 quam
950 1450 999 1488 ad
1015 1450 1294 1502 pronuntiandi
1313 1450 1482 1489 rationes
1504 1450 1586 1488 ani·

136 1531 242 1556 mum
260 1517 299 1555 in
319 1517 493 1568 pluribus
513 1516 725 1555 advertisse
742 1515 926 1558 arbitror:
947 1514 1111 1565 ideoque
1130 1522 1238 1552 muto
1250 1515 1333 1565 jam
1353 1514 1586 1552 sententiam

136 1581 177 1619 in
207 1581 252 1619 iis
285 1594 332 1620 ex
360 1581 457 1619 locis
491 1579 676 1626 laudatis,
707 1579 847 1631 quibus
879 1580 1034 1630 signum
1066 1577 1142 1616 hoc
1162 1577 1181 1595 '⁵
1202 1578 1380 1630 apposui,
1399 1584 1588 1616 eteorum

136 1644 330 1684 sectiones
350 1643 401 1682 ad
421 1656 531 1682 veras
549 1644 752 1682 verborum
783 1643 1022 1694 quantitates
1055 1640 1192 1692 refingi
1217 1640 1346 1687 velim,
1377 1649 1514 1679 contra
1542 1654 1589 1680 ac

134 1709 334 1761 putabam,
354 1721 442 1746 cum
461 1715 574 1746 notas
595 1707 645 1746 ad
665 1720 713 1746 ea
732 1707 952 1755 scriberem,
972 1705 1164 1745 Plautinis
1185 1705 1350 1744 licentiis
1371 1718 1484 1757 aequo
1505 1712 1586 1743 tum

136 1772 236 1811 forte
256 1771 462 1810 addictior.

189 1835 267 1873 Sed
287 1842 326 1873 et
347 1835 428 1886 ipse
448 1847 604 1886 quoque
622 1834 827 1873 Terentius
848 1834 888 1872 in
909 1846 1041 1871 earum
1059 1846 1136 1871 usu
1156 1833 1296 1870 nimius
1315 1831 1509 1870 videbitur
1527 1831 1588 1878 iis,

134 1899 203 1950 qui
222 1898 333 1936 novis
353 1897 480 1936 solum
498 1899 692 1949 Augustei
723 1898 857 1937 saeculi
885 1897 1010 1949 po'etis
1029 1896 1205 1948 legendis
1228 1898 1482 1942 assueverint,
1504 1896 1590 1933 nul-

133 1962 214 2001 lum
232 1961 381 2000 veroin
400 1961 603 2001 Veteribus
633 1962 741 2002 hisce
775 1962 952 2014 legendis
981 1969 1135 2013 tempus
1168 1961 1383 2013 posuerint.
1436 1961 1497 1998 Ab
1526 1960 1587 1997 his

133 2034 342 2079 quaeretur,
362 2039 430 2064 cur
450 2039 528 2064 non
548 2026 752 2065 Terentius
782 2027 946 2066 eandem
973 2026 1013 2064 in
1041 2026 1209 2065 numeris
1228 2024 1435 2076 puritatem
1456 2036 1586 2062 serva-

137 2090 245 2138 verit,
264 2103 311 2129 ac
331 2090 460 2128 Graeci
478 2090 517 2128 in
538 2089 618 2129 suis
640 2091 864 2137 Comoediis,
896 2097 965 2129 aut
983 2089 1109 2128 Latini
1132 2089 1248 2127 etiam
1273 2088 1347 2140 ipsi
1367 2089 1406 2126 in
1426 2088 1586 2138 Tragoe-

133 2153 210 2192 diis
228 2154 523 2205 componendiS.
579 2154 696 2198 Quod
725 2154 773 2192 ad
805 2155 984 2200 Graecos,
1017 2153 1050 2191 si
1071 2152 1273 2192 Terentius
1293 2165 1361 2190 eos
1381 2164 1458 2189 nou
1479 2164 1586 2189 asse-

133 2224 250 2257 cutus
269 2225 330 2256 est
347 2217 422 2255 hac
441 2216 480 2254 in
513 2223 637 2267 parte,
666 2217 705 2254 in
737 2216 821 2255 aliis
854 2217 956 2255 enim
984 2229 1063 2255 non
1082 2229 1169 2255 raro
1190 2215 1398 2268 superavit,
1427 2214 1468 2252 id
1503 2227 1582 2252 non

132 2282 261 2333 po'etae
282 2279 351 2320 sed
370 2280 516 2331 linguae
537 2280 654 2331 culpa
672 2280 753 2318 fieri
780 2286 889 2332 puto,
919 2294 1007 2332 quae
1027 2287 1108 2319 tam
1127 2279 1238 2326 dura,
1258 2287 1337 2317 tam
1357 2291 1508 2330 aspera,
1528 2284 1587 2316 tot

132 2344 318 2384 consonis
338 2344 515 2391 obsessa,
545 2350 604 2382 tot
630 2343 859 2382 elisionibus
892 2344 1074 2391 obnoxia,
1106 2350 1163 2390 ut,
1195 2342 1301 2395 quod
1322 2342 1584 2387 Quintilianus

134 2408 246 2457 dixit,
265 2412 277 2431 ‘
292 2408 426 2446 Sermo
445 2407 527 2459 ipse
546 2407 748 2446 Romanus
777 2421 856 2446 non
882 2409 1052 2459 recipere
1072 2407 1250 2446 videatur
1277 2406 1383 2445 illam
1405 2406 1497 2444 solis
1514 2406 1586 2444 At-

131 2471 219 2510 ticis
238 2483 467 2510 concessam
485 2471 690 2517 Venerem,
711 2471 868 2522 quando
889 2484 976 2510 eam
1008 2485 1058 2510 ne
1088 2471 1217 2509 Graeci
1251 2470 1407 2522 quidem
1437 2470 1474 2507 in
1505 2470 1584 2507 alio

132 2547 274 2586 genere
288 2534 434 2585 linguae
463 2534 700 2573 obtinuerint
714 2537 738 2573 ε’
765 2534 871 2586 quod
889 2534 938 2573 de
954 2547 1200 2574 numerorum
1220 2541 1260 2573 et
1280 2548 1457 2573 versuum
1478 2533 1584 2585 apud

133 2598 295 2636 Graecos
312 2597 478 2649 puritate
498 2606 538 2635 et
557 2597 748 2636 suavitate
778 2610 857 2636 non
889 2598 1016 2637 minus
1048 2611 1181 2636 verum
1211 2604 1284 2645 est,
1306 2611 1422 2649 quam
1441 2597 1488 2635 de
1510 2597 1586 2635 alia

131 2661 270 2713 quavis
291 2661 504 2701 Comoediae
525 2661 677 2701 Graecae
696 2662 936 2712 praestantia,
956 2662 1061 2701 unde
1081 2669 1191 2701 tanta
1209 2662 1284 2700 illis
1306 2675 1422 2713 quam
1440 2661 1584 2699 miran-

133 2733 195 2766 tur
211 2739 347 2765 omnes
375 2731 575 2765 venustas.
630 2726 747 2771 Quod
775 2739 863 2765 vero
893 2725 1119 2779 Tragoedias
1149 2726 1306 2765 Latinas
1345 2731 1509 2777 spectat,
1537 2737 1585 2762 ex
