1903 3306
343 219 427 260 126
722 229 785 258 rex
827 227 1023 258 ERASMO
1059 227 1418 258 RorEstooAmo.

341 336 465 375 genus
485 322 737 361 diminutum:
767 322 873 373 quod
907 321 1068 359 dimetro
1102 321 1266 358 iambico
1300 320 1442 359 accinit
1461 318 1559 357 duos
1579 319 1785 367 troehaeos,

341 389 446 426 velut
464 388 502 424 in
524 393 633 424 actus
654 385 755 423 tertii
776 398 893 423 scena
913 384 1098 422 secunda.

394 450 560 488 ‘Adhuc
581 448 762 487 Archillis
795 461 882 498 quae
915 447 1143 484 adsolentz‘
1173 446 1236 483 hie
1258 446 1417 484 dimeter
1449 454 1521 485 est.
1580 453 1590 469 ‘
1608 449 1786 499 Quaeque

333 509 492 567 ⁴oportet
509 513 531 550 :’
559 512 636 549 duo
657 518 747 549 sunt
766 511 940 549 trochaei.
996 510 1144 546 Contra
1162 509 1199 545 in
1226 509 1311 546 aliis
1331 509 1486 548 additur
1512 523 1583 561 pes
1613 511 1786 562 legitimo

339 590 514 615 numero.
571 576 726 612 Interim
746 574 848 625 prior
863 573 1044 611 carminis
1064 585 1154 622 pars
1174 579 1233 609 est
1247 572 1458 619 trochaica,
1477 574 1667 624 posterior
1689 575 1786 612 iam-

338 642 438 687 bica,
473 647 512 679 et
545 645 694 678 contra.
750 637 1025 676 Admiscentur
1056 635 1250 673 interdum
1283 642 1321 673 et
1350 636 1493 682 cretici,
1523 637 1604 676 sive
1636 637 1787 688 amphi-

337 705 471 750 macri,
490 703 555 754 qui
576 715 645 753 pes
661 701 827 739 mediam
846 701 964 738 habet
980 701 1132 737 brevem
1151 699 1250 736 inter
1269 705 1461 736 extremas
1475 698 1639 750 longas:
1669 701 1723 739 sic
1742 707 1788 738 ut

339 767 483 819 singuli
502 779 635 805 versus
655 765 827 803 habeant
846 770 1055 814 quaternos
1075 769 1142 800 aut
1161 769 1293 800 ternos
1309 763 1484 808 creticos,
1511 763 1586 800 nisi
1604 763 1709 814 quod
1723 763 1786 802 hic

337 843 493 882 quoque
510 835 719 880 usurpatur
737 829 895 866 libertas
916 827 1079 874 comica,
1098 827 1199 864 sicut
1217 826 1255 863 in
1275 826 1428 864 ceteris.
1475 826 1704 876 Exemplum
1725 832 1786 865 est

337 895 377 930 in
396 893 521 944 quarti
543 900 653 930 actus
678 904 795 929 scena
815 891 962 941 prima:
993 895 1002 911 ‘
1026 890 1077 928 Ut
1110 890 1220 927 malis
1252 889 1464 939 gaudeant,
1498 895 1616 940 atque
1648 903 1696 928 ex
1726 890 1784 928 in-

337 957 580 997 commodis.’
634 957 810 1000 Quatuor
830 954 961 993 cretici
981 960 1085 1000 sunt,
1105 953 1180 991 nisi
1199 953 1305 1005 quod
1325 954 1460 992 tertius
1480 959 1541 991 est
1559 954 1784 1005 spondaeus.

337 1022 510 1060 Ibidem:
541 1025 550 1042 ‘
564 1021 661 1057 Tum
680 1018 1016 1071 impudentissima
1035 1030 1167 1055 eorum
1186 1017 1308 1055 oratio
1329 1017 1416 1055 est!
1453 1018 1547 1055 Tres
1565 1017 1683 1056 habet
1701 1032 1784 1056 cre-

335 1087 447 1124 ticos.
487 1085 719 1134 Quanquam
740 1082 901 1120 arbitror
915 1081 1020 1132 prius
1042 1094 1195 1119 carmen
1214 1080 1388 1118 vitiatum
1407 1087 1555 1118 mutato
1570 1080 1784 1119 dictionum

335 1149 484 1186 ordine.
523 1146 689 1192 Etenim,
711 1146 742 1183 si
761 1145 816 1183 sic
835 1145 958 1195 legas,
979 1151 1018 1182 et
1036 1150 1167 1181 tamen
1187 1157 1246 1182 res
1266 1144 1372 1195 cogit
1391 1143 1598 1195 denegare,
1620 1145 1683 1183 Ibi
1702 1150 1784 1183 tum

334 1225 462 1250 eorum
480 1210 813 1262 impudentissima
833 1209 959 1246 oratio
977 1212 1045 1252 est,
1068 1213 1111 1244 ut
1126 1207 1314 1257 posterior
1337 1220 1472 1244 versus
1487 1206 1654 1258 excipiat
1669 1221 1785 1259 syna-

335 1276 503 1327 loepham
533 1274 683 1325 prioris,
713 1285 868 1311 carmen
898 1271 1017 1321 probe
1049 1276 1216 1308 constat.
1275 1270 1443 1313 Quidam
1474 1277 1604 1308 tamen
1635 1271 1786 1310 malunt

334 1339 397 1377 hic
417 1353 502 1377 esse
522 1338 712 1376 trimetros
728 1334 962 1373 Trochaicos
982 1333 1246 1372 catalecticos.
1286 1332 1443 1370 Iambici
1459 1333 1618 1371 trimetri
1636 1333 1785 1373 facilior

333 1410 396 1441 cst
414 1402 618 1445 dimensio,
639 1413 726 1438 cum
747 1398 1058 1450 penthemimeris
1074 1397 1159 1434 finit
1174 1396 1393 1434 dictionem.
1425 1395 1556 1443 Velut,
1578 1400 1589 1418 ⁴
1605 1396 1786 1447 Effertur,

334 1466 461 1504 imus.’
503 1466 566 1510 Et,
588 1469 597 1486 ‘
616 1464 680 1501 Sic
698 1461 943 1514 cogitabam!
983 1460 1201 1506 Difficilior‚
1222 1472 1309 1497 cum
1324 1466 1483 1498 contra:
1505 1466 1559 1506 ut,
1579 1465 1588 1482 ‘
1607 1461 1785 1500 Honesta

334 1537 375 1568 et
402 1529 573 1568 liberali:
603 1526 750 1565 accedo
782 1526 832 1563 ad
862 1525 1117 1576 pedissequas
1133 1523 1154 1561 :’
1183 1524 1220 1560 in
1252 1523 1348 1561 ‘be’
1375 1536 1526 1561 caesura
1545 1530 1618 1562 est.
1673 1524 1781 1564 Idem

334 1594 508 1632 efficiunt
526 1592 669 1630 crebrae
690 1589 953 1641 synaloephae:
983 1593 1026 1625 ut
1045 1587 1110 1633 ibi,
1140 1593 1150 1609 ‘
1169 1587 1267 1631 Quae
1287 1587 1339 1625 ibi
1361 1586 1533 1633 aderant,
1549 1588 1647 1626 forte
1664 1600 1780 1627 unam

335 1657 482 1707 aspicio
503 1652 862 1693 adolescentulam.’

388 1722 432 1758 In
454 1719 682 1758 tetrametris
701 1718 792 1755 item
812 1716 984 1753 iambicis
1005 1728 1051 1753 ac
1071 1714 1278 1752 trochaicis
1299 1713 1427 1752 durior
1447 1720 1507 1751 est
1525 1713 1728 1763 dimensio,
1750 1717 1782 1755 si

332 1784 434 1835 prior
455 1784 616 1821 dimeter
641 1794 718 1818 non
739 1780 847 1818 finiat
867 1780 1089 1825 dictionem,
1124 1778 1338 1829 praesertim
1372 1777 1405 1814 si
1432 1789 1509 1814 non
1539 1777 1589 1815 sit
1617 1778 1782 1827 iambus,

334 1856 401 1886 aut
435 1848 466 1885 si
499 1846 661 1885 accedat
681 1844 929 1896 synaloephe:
960 1850 1016 1889 ut,
1038 1847 1048 1864 ‘
1065 1843 1197 1880 Meum
1218 1848 1379 1892 gnatum
1398 1853 1526 1879 rumor
1545 1848 1606 1879 est
1625 1848 1752 1882 amare
1770 1857 1779 1881 :

332 1912 372 1949 id
391 1911 558 1963 populus
574 1915 684 1947 curat
699 1907 876 1946 scilicet.'
931 1907 1040 1944 Prior
1060 1905 1222 1944 dimeter
1236 1905 1367 1942 finitur
1386 1905 1423 1942 in
1454 1908 1463 1925 ‘
1481 1904 1570 1951 ma,'
1591 1905 1779 1956 syllabam

333 1975 589 2026 productam:
619 1979 659 2010 et
690 1971 879 2021 excipitur
909 1983 932 2008 a
966 1969 1192 2021 synaloephe
1222 1974 1230 1990 ‘
1249 1983 1288 2006 re
1318 1968 1385 2006 id.’
1439 1968 1590 2006 Rursus
1610 1969 1779 2007 ibidem:

334 2043 344 2060 ⁶
362 2038 436 2082 Qui
457 2043 662 2088 postquam
682 2034 857 2072 audierat
878 2047 954 2071 non
974 2033 1105 2070 datum
1126 2032 1195 2079 iri:
1214 2036 1287 2070 διο.
1332 2031 1440 2070 Prior
1461 2032 1621 2069 dimeter
1638 2031 1782 2069 desinit

333 2104 370 2139 in
402 2106 411 2122 ⁶
429 2102 466 2147 i,'
495 2099 667 2138 admixta
690 2097 931 2148 synaloephe.
987 2098 1133 2134 Turbat
1150 2105 1186 2133 et
1207 2095 1304 2133 illud
1324 2096 1508 2133 lectorem
1526 2097 1652 2133 minus
1672 2109 1780 2135 exer-

333 2164 506 2208 citatum,
535 2161 640 2212 quod
675 2160 869 2198 interdum
897 2167 1056 2210 repente
1081 2159 1218 2196 miscet
1247 2158 1412 2196 iambica
1440 2171 1527 2196 cum
1560 2158 1779 2205 trochaicis,

331 2228 505 2265 trimetra
522 2224 715 2262 interdum
731 2232 770 2262 et
789 2223 952 2261 dimetra
971 2230 1039 2261 aut
1057 2231 1297 2261 monometra
1317 2236 1405 2261 cum
1425 2224 1670 2270 tetrametris‚
1691 2235 1779 2261 aca-

331 2291 513 2329 talectica
532 2302 620 2327 curn
635 2288 886 2334 catalecticis,
906 2288 1050 2326 cretica
1064 2301 1153 2325 cum
1174 2287 1347 2324 iambicis
1365 2299 1409 2324 ac
1425 2286 1628 2325 trochaicis
1643 2299 1652 2324 ε
1673 2287 1778 2338 quod

332 2355 426 2392 locis
458 2353 605 2402 aliquot
637 2351 908 2388 annotavimus
941 2350 979 2387 in
1012 2350 1200 2400 margine.
1258 2350 1315 2387 Ea
1343 2349 1510 2387 mixtura
1539 2350 1703 2388 maxime
1722 2351 1777 2397 fit,

332 2417 397 2455 ubi
425 2429 484 2454 res
507 2421 598 2452 sunt
617 2415 929 2452 turbulentiores.
987 2415 1049 2452 Fit
1068 2414 1276 2459 interdum,
1307 2419 1350 2450 ut
1370 2425 1488 2451 scena
1506 2413 1608 2464 prior
1625 2412 1780 2451 desinat

332 2482 370 2518 in
391 2478 688 2524 hemistichium,
708 2485 746 2515 et
766 2478 813 2515 ab
832 2477 946 2528 hujus
967 2477 1144 2515 clausula
1164 2476 1322 2527 incipiat
1341 2488 1461 2513 scena
1479 2476 1674 2526 proxima:
1698 2477 1778 2514 vel-

331 2551 376 2582 ut
394 2544 431 2581 in
454 2541 611 2579 Andriae
632 2547 742 2578 actus
776 2541 877 2580 tertii
908 2554 1025 2579 scena
1044 2542 1170 2587 tertia,
1202 2545 1211 2562 ⁴
1231 2541 1307 2577 Sed
1337 2552 1472 2578 eccum
1504 2539 1617 2578 video
1649 2540 1776 2592 ipsum

331 2608 434 2645 foras
455 2604 583 2643 exire?
640 2604 813 2642 Dimeter
832 2611 892 2642 est
918 2604 1056 2655 plenus
1076 2618 1163 2642 cum
1185 2602 1429 2654 sesquipede.
1485 2602 1686 2641 Perficitur
1704 2604 1777 2641 ini-

332 2671 386 2707 tio
407 2681 535 2707 scenae
557 2668 753 2717 sequentis
772 2680 781 2704 z
812 2666 897 2704 ‘Ad
918 2673 955 2704 te
977 2667 1104 2710 ibam;
1135 2667 1320 2717 quidnam
1351 2672 1410 2703 est
1426 2664 1453 2701 ’.θ’
1479 2672 1522 2703 ut
1552 2667 1603 2704 sit
1633 2679 1774 2704 scazon

331 2737 550 2771 tetrameter
569 2730 831 2768 catalecticus.
870 2729 1157 2780 Nonnunquam
1175 2730 1307 2775 dictio,
1328 2741 1414 2778 quae
1434 2728 1597 2779 pertinet
1618 2729 1667 2767 ad
1688 2742 1775 2768 sen·
