<?xml version="1.0" encoding="UTF-8"?>
<!DOCTYPE html PUBLIC "-//W3C//DTD XHTML 1.0 Transitional//EN"
    "http://www.w3.org/TR/xhtml1/DTD/xhtml1-transitional.dtd">
<html xmlns="http://www.w3.org/1999/xhtml" xml:lang="en" lang="en">
 <head>
  <title>
</title>
<meta http-equiv="Content-Type" content="text/html;charset=utf-8" />
  <meta name='ocr-system' content='tesseract 3.04.00' />
  <meta name='ocr-capabilities' content='ocr_page ocr_carea ocr_par ocr_line ocrx_word'/>
</head>
<body>
  <div class='ocr_page' id='page_1' title='image "./pubterentiiafric01tereuoft/pubterentiiafric01tereuoft_0491.png"; bbox 0 0 1903 3306; ppageno 0'>
   <div class='ocr_carea' id='block_1_1' title="bbox 535 199 1583 240">
    <p class='ocr_par' dir='ltr' id='par_1_1' title="bbox 535 199 1583 240">
     <span class='ocr_line' id='line_1_1' title="bbox 535 199 1583 240; baseline 0.004 -4"><span class='ocrx_word' id='word_1_1' title='bbox 535 206 759 237; x_wconf 74' lang='grc' dir='ltr'><strong>ΕυΝυοιιι</strong></span> <span class='ocrx_word' id='word_1_2' title='bbox 794 207 904 237; x_wconf 82' lang='lat' dir='ltr'>ACT.</span> <span class='ocrx_word' id='word_1_3' title='bbox 935 205 999 236; x_wconf 81' lang='lat' dir='ltr'>iv.</span> <span class='ocrx_word' id='word_1_4' title='bbox 1032 208 1097 238; x_wconf 84' lang='lat' dir='ltr'>sc.</span> <span class='ocrx_word' id='word_1_5' title='bbox 1134 210 1197 238; x_wconf 75' lang='grc' dir='ltr'>ιν.</span> <span class='ocrx_word' id='word_1_6' title='bbox 1501 199 1583 240; x_wconf 79' lang='grc'>481</span> 
     </span>
    </p>
   </div>
   <div class='ocr_carea' id='block_1_2' title="bbox 133 301 1429 424">
    <p class='ocr_par' dir='ltr' id='par_1_2' title="bbox 133 301 1429 424">
     <span class='ocr_line' id='line_1_2' title="bbox 135 301 1429 357; baseline 0.002 -13"><span class='ocrx_word' id='word_1_7' title='bbox 135 301 295 344; x_wconf 84' lang='lat' dir='ltr'>Colore</span> <span class='ocrx_word' id='word_1_8' title='bbox 313 301 575 343; x_wconf 86' lang='lat' dir='ltr'>mustellino.</span> <span class='ocrx_word' id='word_1_9' title='bbox 636 302 726 343; x_wconf 77' lang='lat' dir='ltr'>PH.</span> <span class='ocrx_word' id='word_1_10' title='bbox 759 302 894 353; x_wconf 88' lang='lat' dir='ltr'>Hem,</span> <span class='ocrx_word' id='word_1_11' title='bbox 917 316 1016 357; x_wconf 80' lang='lat' dir='ltr'>quae</span> <span class='ocrx_word' id='word_1_12' title='bbox 1036 303 1133 346; x_wconf 83' lang='lat' dir='ltr'>haec</span> <span class='ocrx_word' id='word_1_13' title='bbox 1154 307 1223 344; x_wconf 87' lang='lat' dir='ltr'>est</span> <span class='ocrx_word' id='word_1_14' title='bbox 1242 304 1429 346; x_wconf 68' lang='lat' dir='ltr'>fabula?</span> 
     </span>
     <span class='ocr_line' id='line_1_3' title="bbox 133 369 1319 424; baseline 0.001 -12"><span class='ocrx_word' id='word_1_15' title='bbox 133 369 200 411; x_wconf 93' lang='lat' dir='ltr'>Eo</span> <span class='ocrx_word' id='word_1_16' title='bbox 219 369 378 423; x_wconf 86' lang='lat' dir='ltr'>redigis</span> <span class='ocrx_word' id='word_1_17' title='bbox 399 382 484 419; x_wconf 84' lang='lat' dir='ltr'>me,</span> <span class='ocrx_word' id='word_1_18' title='bbox 505 374 569 420; x_wconf 83' lang='lat' dir='ltr'>ut,</span> <span class='ocrx_word' id='word_1_19' title='bbox 591 370 697 423; x_wconf 89' lang='lat' dir='ltr'>quid</span> <span class='ocrx_word' id='word_1_20' title='bbox 716 372 893 423; x_wconf 82' lang='lat' dir='ltr'><strong>egerim,</strong></span> <span class='ocrx_word' id='word_1_21' title='bbox 915 376 1089 424; x_wconf 80' lang='lat' dir='ltr'><strong>egomet</strong></span> <span class='ocrx_word' id='word_1_22' title='bbox 1108 372 1319 413; x_wconf 83' lang='lat' dir='ltr'>nesciam.</span> 
     </span>
    </p>
   </div>
   <div class='ocr_carea' id='block_1_3' title="bbox 131 498 1587 543">
    <p class='ocr_par' dir='ltr' id='par_1_3' title="bbox 131 498 1587 543">
     <span class='ocr_line' id='line_1_4' title="bbox 131 498 1587 543; baseline 0.002 -14"><span class='ocrx_word' id='word_1_23' title='bbox 131 500 273 532; x_wconf 73' lang='lat' dir='ltr'>mustela,</span> <span class='ocrx_word' id='word_1_24' title='bbox 297 498 369 532; x_wconf 81' lang='grc' dir='ltr'>ΡΗ.</span> <span class='ocrx_word' id='word_1_25' title='bbox 383 498 488 531; x_wconf 85' lang='lat' dir='ltr'><em>Hem!</em></span> <span class='ocrx_word' id='word_1_26' title='bbox 501 510 567 541; x_wconf 85' lang='lat' dir='ltr'>quae</span> <span class='ocrx_word' id='word_1_27' title='bbox 581 500 647 532; x_wconf 79' lang='lat' dir='ltr'>haec</span> <span class='ocrx_word' id='word_1_28' title='bbox 655 500 835 540; x_wconf 82' lang='lat' dir='ltr'>estsabula?</span> <span class='ocrx_word' id='word_1_29' title='bbox 850 502 898 532; x_wconf 92' lang='lat' dir='ltr'>Eo</span> <span class='ocrx_word' id='word_1_30' title='bbox 910 511 957 533; x_wconf 85' lang='lat' dir='ltr'>me</span> <span class='ocrx_word' id='word_1_31' title='bbox 966 501 1093 543; x_wconf 79' lang='lat' dir='ltr'><em>redigis,</em></span> <span class='ocrx_word' id='word_1_32' title='bbox 1104 504 1137 533; x_wconf 87' lang='lat' dir='ltr'>ut</span> <span class='ocrx_word' id='word_1_33' title='bbox 1147 501 1587 542; x_wconf 76' lang='lat' dir='ltr'>egometnesciam,emerimne</span> 
     </span>
    </p>
   </div>
   <div class='ocr_carea' id='block_1_4' title="bbox 728 599 968 613">
    <p class='ocr_par' dir='ltr' id='par_1_4' title="bbox 728 599 968 613">
     <span class='ocr_line' id='line_1_5' title="bbox 728 599 968 613; baseline 0 0"><span class='ocrx_word' id='word_1_34' title='bbox 728 602 866 613; x_wconf 67' lang='lat' dir='ltr'>eeeeeee</span> <span class='ocrx_word' id='word_1_35' title='bbox 868 599 968 613; x_wconf 60' lang='lat' dir='ltr'>Nm</span> 
     </span>
    </p>
   </div>
   <div class='ocr_carea' id='block_1_5' title="bbox 128 675 1596 2434">
    <p class='ocr_par' dir='ltr' id='par_1_5' title="bbox 130 675 1590 1231">
     <span class='ocr_line' id='line_1_6' title="bbox 131 675 1585 710; baseline 0.001 -3"><span class='ocrx_word' id='word_1_36' title='bbox 131 676 234 708; x_wconf 84' lang='lat' dir='ltr'>Both.</span> <span class='ocrx_word' id='word_1_37' title='bbox 247 675 430 708; x_wconf 64' lang='lat' dir='ltr'>Fert—22</span> <span class='ocrx_word' id='word_1_38' title='bbox 447 677 488 708; x_wconf 90' lang='lat' dir='ltr'>In</span> <span class='ocrx_word' id='word_1_39' title='bbox 505 678 545 708; x_wconf 88' lang='lat' dir='ltr'>R.</span> <span class='ocrx_word' id='word_1_40' title='bbox 561 680 605 708; x_wconf 84' lang='lat' dir='ltr'>est</span> <span class='ocrx_word' id='word_1_41' title='bbox 618 677 845 709; x_wconf 87' lang='lat' dir='ltr'>desideratur.</span> <span class='ocrx_word' id='word_1_42' title='bbox 864 678 958 709; x_wconf 77' lang='lat' dir='ltr'>Lind.</span> <span class='ocrx_word' id='word_1_43' title='bbox 988 678 1019 710; x_wconf 92' lang='lat' dir='ltr'><strong>A</strong></span> <span class='ocrx_word' id='word_1_44' title='bbox 1036 679 1175 709; x_wconf 87' lang='lat' dir='ltr'>Donato</span> <span class='ocrx_word' id='word_1_45' title='bbox 1187 678 1347 709; x_wconf 81' lang='lat' dir='ltr'><strong>discimus</strong></span> <span class='ocrx_word' id='word_1_46' title='bbox 1360 678 1585 709; x_wconf 82' lang='lat' dir='ltr'><strong>Menandrum</strong></span> 
     </span>
     <span class='ocr_line' id='line_1_7' title="bbox 131 719 1587 761; baseline 0.001 -12"><span class='ocrx_word' id='word_1_47' title='bbox 131 719 188 750; x_wconf 90' lang='lat' dir='ltr'>hic</span> <span class='ocrx_word' id='word_1_48' title='bbox 204 719 329 750; x_wconf 78' lang='lat' dir='ltr'>dixisse</span> <span class='ocrx_word' id='word_1_49' title='bbox 340 720 527 751; x_wconf 82' lang='lat' dir='ltr'>stellionem:</span> <span class='ocrx_word' id='word_1_50' title='bbox 543 721 737 752; x_wconf 77' lang='lat' dir='ltr'>Terentium</span> <span class='ocrx_word' id='word_1_51' title='bbox 751 731 831 751; x_wconf 85' lang='lat' dir='ltr'>vero</span> <span class='ocrx_word' id='word_1_52' title='bbox 848 722 919 751; x_wconf 86' lang='lat' dir='ltr'>sive</span> <span class='ocrx_word' id='word_1_53' title='bbox 935 727 1104 752; x_wconf 80' lang='lat' dir='ltr'>errantem</span> <span class='ocrx_word' id='word_1_54' title='bbox 1123 722 1192 752; x_wconf 84' lang='lat' dir='ltr'>sive</span> <span class='ocrx_word' id='word_1_55' title='bbox 1207 721 1408 761; x_wconf 82' lang='lat' dir='ltr'>prudentem</span> <span class='ocrx_word' id='word_1_56' title='bbox 1424 722 1587 752; x_wconf 83' lang='lat' dir='ltr'>scientem</span> 
     </span>
     <span class='ocr_line' id='line_1_8' title="bbox 132 761 1588 805; baseline 0.001 -13"><span class='ocrx_word' id='word_1_57' title='bbox 132 761 257 793; x_wconf 82' lang='lat' dir='ltr'>dixisse</span> <span class='ocrx_word' id='word_1_58' title='bbox 272 763 451 795; x_wconf 80' lang='lat' dir='ltr'><em>mustelam:</em></span> <span class='ocrx_word' id='word_1_59' title='bbox 474 763 561 794; x_wconf 90' lang='lat' dir='ltr'>hanc</span> <span class='ocrx_word' id='word_1_60' title='bbox 579 763 703 794; x_wconf 87' lang='lat' dir='ltr'>Graece</span> <span class='ocrx_word' id='word_1_61' title='bbox 719 765 823 801; x_wconf 73' lang='grc' dir='ltr'>’γαλῆν</span> <span class='ocrx_word' id='word_1_62' title='bbox 839 764 921 802; x_wconf 88' lang='lat' dir='ltr'>dici,</span> <span class='ocrx_word' id='word_1_63' title='bbox 936 764 1028 795; x_wconf 89' lang='lat' dir='ltr'>illum</span> <span class='ocrx_word' id='word_1_64' title='bbox 1052 764 1227 802; x_wconf 76' lang='grc' dir='ltr'>γαλεώτην.</span> <span class='ocrx_word' id='word_1_65' title='bbox 1271 765 1367 796; x_wconf 84' lang='lat' dir='ltr'>Bene</span> <span class='ocrx_word' id='word_1_66' title='bbox 1385 765 1427 795; x_wconf 82' lang='lat' dir='ltr'>sit</span> <span class='ocrx_word' id='word_1_67' title='bbox 1449 764 1497 795; x_wconf 90' lang='lat' dir='ltr'>illi</span> <span class='ocrx_word' id='word_1_68' title='bbox 1515 765 1588 805; x_wconf 90' lang='lat' dir='ltr'>qui-</span> 
     </span>
     <span class='ocr_line' id='line_1_9' title="bbox 131 804 1588 846; baseline 0.001 -11"><span class='ocrx_word' id='word_1_69' title='bbox 131 804 223 844; x_wconf 87' lang='lat' dir='ltr'>dem,</span> <span class='ocrx_word' id='word_1_70' title='bbox 248 805 338 846; x_wconf 86' lang='lat' dir='ltr'>quod</span> <span class='ocrx_word' id='word_1_71' title='bbox 354 805 599 836; x_wconf 86' lang='lat' dir='ltr'>Menandreum</span> <span class='ocrx_word' id='word_1_72' title='bbox 616 806 699 837; x_wconf 88' lang='lat' dir='ltr'>illud</span> <span class='ocrx_word' id='word_1_73' title='bbox 717 807 812 837; x_wconf 85' lang='lat' dir='ltr'>nobis</span> <span class='ocrx_word' id='word_1_74' title='bbox 827 807 995 845; x_wconf 82' lang='lat' dir='ltr'>servavit3</span> <span class='ocrx_word' id='word_1_75' title='bbox 1019 808 1113 846; x_wconf 88' lang='lat' dir='ltr'>cnjus</span> <span class='ocrx_word' id='word_1_76' title='bbox 1137 807 1243 838; x_wconf 91' lang='lat' dir='ltr'>ductu</span> <span class='ocrx_word' id='word_1_77' title='bbox 1265 812 1300 838; x_wconf 88' lang='lat' dir='ltr'>et</span> <span class='ocrx_word' id='word_1_78' title='bbox 1322 806 1449 838; x_wconf 88' lang='lat' dir='ltr'>indicio</span> <span class='ocrx_word' id='word_1_79' title='bbox 1462 807 1588 838; x_wconf 87' lang='lat' dir='ltr'>Teren·</span> 
     </span>
     <span class='ocr_line' id='line_1_10' title="bbox 132 847 1588 890; baseline 0.002 -13"><span class='ocrx_word' id='word_1_80' title='bbox 132 847 240 878; x_wconf 83' lang='lat' dir='ltr'>tianos</span> <span class='ocrx_word' id='word_1_81' title='bbox 256 847 394 879; x_wconf 86' lang='lat' dir='ltr'>codices</span> <span class='ocrx_word' id='word_1_82' title='bbox 420 858 439 879; x_wconf 88' lang='lat' dir='ltr'>a</span> <span class='ocrx_word' id='word_1_83' title='bbox 465 849 665 887; x_wconf 74' lang='lat' dir='ltr'>gravissimo</span> <span class='ocrx_word' id='word_1_84' title='bbox 693 855 805 881; x_wconf 87' lang='lat' dir='ltr'>errato</span> <span class='ocrx_word' id='word_1_85' title='bbox 826 849 898 889; x_wconf 84' lang='lat' dir='ltr'>jam</span> <span class='ocrx_word' id='word_1_86' title='bbox 926 850 1156 880; x_wconf 83' lang='lat' dir='ltr'>liberabimus.</span> <span class='ocrx_word' id='word_1_87' title='bbox 1202 850 1302 890; x_wconf 84' lang='lat' dir='ltr'>Nego</span> <span class='ocrx_word' id='word_1_88' title='bbox 1319 850 1406 881; x_wconf 89' lang='lat' dir='ltr'>enim</span> <span class='ocrx_word' id='word_1_89' title='bbox 1425 849 1588 881; x_wconf 89' lang='lat' dir='ltr'>Nostrum</span> 
     </span>
     <span class='ocr_line' id='line_1_11' title="bbox 133 889 1588 933; baseline 0.002 -13"><span class='ocrx_word' id='word_1_90' title='bbox 133 889 259 922; x_wconf 82' lang='lat' dir='ltr'>dixisse</span> <span class='ocrx_word' id='word_1_91' title='bbox 284 891 392 922; x_wconf 83' lang='lat' dir='ltr'>Colore</span> <span class='ocrx_word' id='word_1_92' title='bbox 416 893 600 922; x_wconf 79' lang='lat' dir='ltr'>mustelino.-</span> <span class='ocrx_word' id='word_1_93' title='bbox 623 901 711 931; x_wconf 81' lang='lat' dir='ltr'>nego</span> <span class='ocrx_word' id='word_1_94' title='bbox 737 893 840 923; x_wconf 87' lang='lat' dir='ltr'>ullum</span> <span class='ocrx_word' id='word_1_95' title='bbox 865 893 964 923; x_wconf 85' lang='lat' dir='ltr'>alium</span> <span class='ocrx_word' id='word_1_96' title='bbox 989 893 1038 923; x_wconf 89' lang='lat' dir='ltr'>sic</span> <span class='ocrx_word' id='word_1_97' title='bbox 1061 892 1186 923; x_wconf 81' lang='lat' dir='ltr'>dixisse</span> <span class='ocrx_word' id='word_1_98' title='bbox 1203 897 1262 923; x_wconf 90' lang='lat' dir='ltr'>aut</span> <span class='ocrx_word' id='word_1_99' title='bbox 1278 892 1392 923; x_wconf 84' lang='lat' dir='ltr'>dicere</span> <span class='ocrx_word' id='word_1_100' title='bbox 1410 893 1588 933; x_wconf 88' lang='lat' dir='ltr'>potuisse;</span> 
     </span>
     <span class='ocr_line' id='line_1_12' title="bbox 130 933 1589 976; baseline 0.002 -13"><span class='ocrx_word' id='word_1_101' title='bbox 130 941 198 964; x_wconf 86' lang='lat' dir='ltr'>non</span> <span class='ocrx_word' id='word_1_102' title='bbox 212 933 320 973; x_wconf 85' lang='lat' dir='ltr'>magis</span> <span class='ocrx_word' id='word_1_103' title='bbox 335 943 434 975; x_wconf 88' lang='lat' dir='ltr'>quam</span> <span class='ocrx_word' id='word_1_104' title='bbox 457 935 466 951; x_wconf 89' lang='lat'>‘</span> <span class='ocrx_word' id='word_1_105' title='bbox 480 935 601 965; x_wconf 82' lang='lat' dir='ltr'>Colore</span> <span class='ocrx_word' id='word_1_106' title='bbox 618 935 768 975; x_wconf 89' lang='lat' dir='ltr'>equino‚&#39;</span> <span class='ocrx_word' id='word_1_107' title='bbox 790 936 799 952; x_wconf 87' lang='lat'>‘</span> <span class='ocrx_word' id='word_1_108' title='bbox 814 935 936 966; x_wconf 94' lang='lat' dir='ltr'>Colore</span> <span class='ocrx_word' id='word_1_109' title='bbox 953 935 1098 966; x_wconf 89' lang='lat' dir='ltr'>canino.’</span> <span class='ocrx_word' id='word_1_110' title='bbox 1134 935 1203 966; x_wconf 92' lang='lat' dir='ltr'>Cur</span> <span class='ocrx_word' id='word_1_111' title='bbox 1219 936 1306 967; x_wconf 83' lang='lat' dir='ltr'>hoc?</span> <span class='ocrx_word' id='word_1_112' title='bbox 1329 936 1419 976; x_wconf 87' lang='lat' dir='ltr'>quia,</span> <span class='ocrx_word' id='word_1_113' title='bbox 1437 940 1474 966; x_wconf 91' lang='lat' dir='ltr'>ut</span> <span class='ocrx_word' id='word_1_114' title='bbox 1491 936 1589 976; x_wconf 87' lang='lat' dir='ltr'>Equo</span> 
     </span>
     <span class='ocr_line' id='line_1_13' title="bbox 131 976 1588 1019; baseline 0.001 -12"><span class='ocrx_word' id='word_1_115' title='bbox 131 979 190 1007; x_wconf 80' lang='lat' dir='ltr'>aut</span> <span class='ocrx_word' id='word_1_116' title='bbox 207 976 289 1007; x_wconf 89' lang='lat' dir='ltr'>Cani</span> <span class='ocrx_word' id='word_1_117' title='bbox 305 986 370 1007; x_wconf 91' lang='lat' dir='ltr'>non</span> <span class='ocrx_word' id='word_1_118' title='bbox 387 986 471 1007; x_wconf 90' lang='lat' dir='ltr'>unus</span> <span class='ocrx_word' id='word_1_119' title='bbox 483 981 518 1008; x_wconf 90' lang='lat' dir='ltr'>et</span> <span class='ocrx_word' id='word_1_120' title='bbox 535 978 691 1018; x_wconf 89' lang='lat' dir='ltr'>proprius</span> <span class='ocrx_word' id='word_1_121' title='bbox 708 983 759 1009; x_wconf 88' lang='lat' dir='ltr'>est</span> <span class='ocrx_word' id='word_1_122' title='bbox 775 978 879 1016; x_wconf 90' lang='lat' dir='ltr'>color,</span> <span class='ocrx_word' id='word_1_123' title='bbox 902 979 951 1008; x_wconf 85' lang='lat' dir='ltr'>ita</span> <span class='ocrx_word' id='word_1_124' title='bbox 967 988 1076 1019; x_wconf 87' lang='lat' dir='ltr'>neque</span> <span class='ocrx_word' id='word_1_125' title='bbox 1095 978 1265 1009; x_wconf 61' lang='lat' dir='ltr'>Mustelae.</span> <span class='ocrx_word' id='word_1_126' title='bbox 1311 978 1473 1017; x_wconf 85' lang='lat' dir='ltr'>Mustela,</span> <span class='ocrx_word' id='word_1_127' title='bbox 1492 978 1588 1009; x_wconf 81' lang='lat' dir='ltr'>testi-</span> 
     </span>
     <span class='ocr_line' id='line_1_14' title="bbox 130 1018 1589 1061; baseline 0.002 -12"><span class='ocrx_word' id='word_1_128' title='bbox 130 1018 194 1049; x_wconf 90' lang='lat' dir='ltr'>bus</span> <span class='ocrx_word' id='word_1_129' title='bbox 211 1019 365 1050; x_wconf 88' lang='lat' dir='ltr'>Gesnero</span> <span class='ocrx_word' id='word_1_130' title='bbox 381 1024 416 1050; x_wconf 87' lang='lat' dir='ltr'>et</span> <span class='ocrx_word' id='word_1_131' title='bbox 433 1019 604 1060; x_wconf 80' lang='lat' dir='ltr'>Agricola,</span> <span class='ocrx_word' id='word_1_132' title='bbox 628 1020 826 1061; x_wconf 87' lang='lat' dir='ltr'>plerumque</span> <span class='ocrx_word' id='word_1_133' title='bbox 853 1026 907 1052; x_wconf 90' lang='lat' dir='ltr'>est</span> <span class='ocrx_word' id='word_1_134' title='bbox 932 1021 966 1050; x_wconf 88' lang='lat' dir='ltr'>in</span> <span class='ocrx_word' id='word_1_135' title='bbox 992 1021 1093 1052; x_wconf 91' lang='lat' dir='ltr'>dorso</span> <span class='ocrx_word' id='word_1_136' title='bbox 1120 1025 1155 1052; x_wconf 90' lang='lat' dir='ltr'>et</span> <span class='ocrx_word' id='word_1_137' title='bbox 1180 1021 1346 1052; x_wconf 87' lang='lat' dir='ltr'>lateribus</span> <span class='ocrx_word' id='word_1_138' title='bbox 1372 1021 1486 1060; x_wconf 87' lang='lat' dir='ltr'>rutila,</span> <span class='ocrx_word' id='word_1_139' title='bbox 1512 1030 1589 1053; x_wconf 86' lang='lat' dir='ltr'>raro</span> 
     </span>
     <span class='ocr_line' id='line_1_15' title="bbox 131 1060 1590 1104; baseline 0.002 -13"><span class='ocrx_word' id='word_1_140' title='bbox 131 1060 315 1093; x_wconf 81' lang='lat' dir='ltr'>subfulva:</span> <span class='ocrx_word' id='word_1_141' title='bbox 340 1062 374 1094; x_wconf 90' lang='lat' dir='ltr'>in</span> <span class='ocrx_word' id='word_1_142' title='bbox 400 1067 540 1102; x_wconf 84' lang='lat' dir='ltr'>gutture</span> <span class='ocrx_word' id='word_1_143' title='bbox 568 1072 705 1103; x_wconf 82' lang='lat' dir='ltr'>semper</span> <span class='ocrx_word' id='word_1_144' title='bbox 730 1063 893 1102; x_wconf 75' lang='lat' dir='ltr'>candida3</span> <span class='ocrx_word' id='word_1_145' title='bbox 919 1064 998 1104; x_wconf 89' lang='lat' dir='ltr'>quin</span> <span class='ocrx_word' id='word_1_146' title='bbox 1024 1073 1264 1104; x_wconf 88' lang='lat' dir='ltr'>nonnunquam</span> <span class='ocrx_word' id='word_1_147' title='bbox 1283 1069 1354 1095; x_wconf 89' lang='lat' dir='ltr'>tota</span> <span class='ocrx_word' id='word_1_148' title='bbox 1369 1063 1514 1095; x_wconf 87' lang='lat' dir='ltr'>candida</span> <span class='ocrx_word' id='word_1_149' title='bbox 1537 1073 1590 1095; x_wconf 87' lang='lat' dir='ltr'>re-</span> 
     </span>
     <span class='ocr_line' id='line_1_16' title="bbox 132 1104 1590 1147; baseline 0.003 -13"><span class='ocrx_word' id='word_1_150' title='bbox 132 1104 279 1144; x_wconf 83' lang='lat' dir='ltr'>peritur,</span> <span class='ocrx_word' id='word_1_151' title='bbox 302 1114 492 1146; x_wconf 85' lang='lat' dir='ltr'>quanquam</span> <span class='ocrx_word' id='word_1_152' title='bbox 510 1106 629 1136; x_wconf 87' lang='lat' dir='ltr'>rarius.</span> <span class='ocrx_word' id='word_1_153' title='bbox 675 1106 766 1138; x_wconf 84' lang='lat' dir='ltr'>Quid</span> <span class='ocrx_word' id='word_1_154' title='bbox 783 1107 914 1146; x_wconf 84' lang='lat' dir='ltr'>igitur?</span> <span class='ocrx_word' id='word_1_155' title='bbox 939 1108 964 1137; x_wconf 92' lang='lat' dir='ltr'>si</span> <span class='ocrx_word' id='word_1_156' title='bbox 983 1107 1076 1137; x_wconf 91' lang='lat' dir='ltr'>color</span> <span class='ocrx_word' id='word_1_157' title='bbox 1092 1107 1269 1147; x_wconf 84' lang='lat' dir='ltr'>quisquam</span> <span class='ocrx_word' id='word_1_158' title='bbox 1283 1107 1462 1138; x_wconf 80' lang='lat' dir='ltr'>mustelinus</span> <span class='ocrx_word' id='word_1_159' title='bbox 1476 1106 1590 1138; x_wconf 87' lang='lat' dir='ltr'>dictus</span> 
     </span>
     <span class='ocr_line' id='line_1_17' title="bbox 133 1148 1590 1189; baseline 0.002 -12"><span class='ocrx_word' id='word_1_160' title='bbox 133 1152 199 1186; x_wconf 90' lang='lat' dir='ltr'>est,</span> <span class='ocrx_word' id='word_1_161' title='bbox 214 1157 232 1178; x_wconf 87' lang='lat' dir='ltr'>a</span> <span class='ocrx_word' id='word_1_162' title='bbox 249 1157 314 1188; x_wconf 88' lang='lat' dir='ltr'>qua</span> <span class='ocrx_word' id='word_1_163' title='bbox 330 1148 484 1188; x_wconf 90' lang='lat' dir='ltr'>corporis</span> <span class='ocrx_word' id='word_1_164' title='bbox 499 1153 598 1188; x_wconf 85' lang='lat' dir='ltr'>parte</span> <span class='ocrx_word' id='word_1_165' title='bbox 615 1148 724 1179; x_wconf 86' lang='lat' dir='ltr'>dictus</span> <span class='ocrx_word' id='word_1_166' title='bbox 740 1153 814 1188; x_wconf 82' lang='lat' dir='ltr'>est3</span> <span class='ocrx_word' id='word_1_167' title='bbox 838 1149 950 1186; x_wconf 88' lang='lat' dir='ltr'>dorso,</span> <span class='ocrx_word' id='word_1_168' title='bbox 968 1159 1008 1179; x_wconf 89' lang='lat' dir='ltr'>an</span> <span class='ocrx_word' id='word_1_169' title='bbox 1026 1150 1190 1189; x_wconf 86' lang='lat' dir='ltr'>gutture?</span> <span class='ocrx_word' id='word_1_170' title='bbox 1212 1149 1248 1180; x_wconf 89' lang='lat' dir='ltr'>Si</span> <span class='ocrx_word' id='word_1_171' title='bbox 1270 1150 1312 1180; x_wconf 87' lang='lat' dir='ltr'>ab</span> <span class='ocrx_word' id='word_1_172' title='bbox 1336 1150 1410 1189; x_wconf 92' lang='lat' dir='ltr'>hoc,</span> <span class='ocrx_word' id='word_1_173' title='bbox 1425 1149 1590 1180; x_wconf 85' lang='lat' dir='ltr'>candidus</span> 
     </span>
     <span class='ocr_line' id='line_1_18' title="bbox 133 1190 1590 1231; baseline 0.002 -11"><span class='ocrx_word' id='word_1_174' title='bbox 133 1194 200 1228; x_wconf 83' lang='lat' dir='ltr'>est,</span> <span class='ocrx_word' id='word_1_175' title='bbox 222 1190 248 1220; x_wconf 85' lang='lat' dir='ltr'>si</span> <span class='ocrx_word' id='word_1_176' title='bbox 263 1190 304 1221; x_wconf 90' lang='lat' dir='ltr'>ab</span> <span class='ocrx_word' id='word_1_177' title='bbox 320 1190 390 1228; x_wconf 85' lang='lat' dir='ltr'>illo,</span> <span class='ocrx_word' id='word_1_178' title='bbox 405 1191 535 1222; x_wconf 85' lang='lat' dir='ltr'>rutilus.</span> <span class='ocrx_word' id='word_1_179' title='bbox 580 1191 663 1223; x_wconf 80' lang='lat' dir='ltr'>Quis</span> <span class='ocrx_word' id='word_1_180' title='bbox 679 1191 784 1231; x_wconf 88' lang='lat' dir='ltr'>igitur</span> <span class='ocrx_word' id='word_1_181' title='bbox 801 1192 870 1222; x_wconf 90' lang='lat' dir='ltr'>tale</span> <span class='ocrx_word' id='word_1_182' title='bbox 887 1202 1008 1222; x_wconf 88' lang='lat' dir='ltr'>nomen</span> <span class='ocrx_word' id='word_1_183' title='bbox 1026 1192 1199 1231; x_wconf 81' lang='lat' dir='ltr'>indiderit,</span> <span class='ocrx_word' id='word_1_184' title='bbox 1224 1197 1291 1223; x_wconf 87' lang='lat' dir='ltr'>tam</span> <span class='ocrx_word' id='word_1_185' title='bbox 1316 1193 1439 1223; x_wconf 81' lang='lat' dir='ltr'>incerti</span> <span class='ocrx_word' id='word_1_186' title='bbox 1462 1196 1498 1223; x_wconf 87' lang='lat' dir='ltr'>et</span> <span class='ocrx_word' id='word_1_187' title='bbox 1521 1202 1590 1223; x_wconf 90' lang='lat' dir='ltr'>am-</span> 
     </span>
    </p>

    <p class='ocr_par' dir='ltr' id='par_1_6' title="bbox 128 1233 1596 2434">
     <span class='ocr_line' id='line_1_19' title="bbox 157 1233 1590 1276; baseline 0.001 -13"><span class='ocrx_word' id='word_1_188' title='bbox 157 1233 228 1272; x_wconf 85' lang='lat' dir='ltr'>igui</span> <span class='ocrx_word' id='word_1_189' title='bbox 243 1233 388 1264; x_wconf 87' lang='lat' dir='ltr'>sensus?</span> <span class='ocrx_word' id='word_1_190' title='bbox 411 1233 438 1264; x_wconf 90' lang='lat' dir='ltr'>si</span> <span class='ocrx_word' id='word_1_191' title='bbox 455 1233 669 1265; x_wconf 80' lang='lat' dir='ltr'>AEdesioneni</span> <span class='ocrx_word' id='word_1_192' title='bbox 688 1234 797 1272; x_wconf 87' lang='lat' dir='ltr'>audis,</span> <span class='ocrx_word' id='word_1_193' title='bbox 812 1235 996 1265; x_wconf 86' lang='lat' dir='ltr'>sublividus</span> <span class='ocrx_word' id='word_1_194' title='bbox 1020 1235 1113 1265; x_wconf 85' lang='lat' dir='ltr'>color</span> <span class='ocrx_word' id='word_1_195' title='bbox 1128 1240 1202 1273; x_wconf 80' lang='lat' dir='ltr'>est3</span> <span class='ocrx_word' id='word_1_196' title='bbox 1228 1236 1256 1266; x_wconf 89' lang='lat' dir='ltr'>si</span> <span class='ocrx_word' id='word_1_197' title='bbox 1279 1235 1524 1276; x_wconf 87' lang='lat' dir='ltr'>Eugraphium,</span> <span class='ocrx_word' id='word_1_198' title='bbox 1541 1235 1590 1265; x_wconf 91' lang='lat' dir='ltr'>ni-</span> 
     </span>
     <span class='ocr_line' id='line_1_20' title="bbox 133 1276 1592 1318; baseline 0.001 -12"><span class='ocrx_word' id='word_1_199' title='bbox 133 1284 216 1315; x_wconf 80' lang='lat' dir='ltr'>ger3</span> <span class='ocrx_word' id='word_1_200' title='bbox 240 1276 267 1306; x_wconf 90' lang='lat' dir='ltr'>si</span> <span class='ocrx_word' id='word_1_201' title='bbox 283 1285 336 1307; x_wconf 88' lang='lat' dir='ltr'>me</span> <span class='ocrx_word' id='word_1_202' title='bbox 353 1276 461 1317; x_wconf 89' lang='lat' dir='ltr'>audis,</span> <span class='ocrx_word' id='word_1_203' title='bbox 484 1277 594 1308; x_wconf 90' lang='lat' dir='ltr'>nullus</span> <span class='ocrx_word' id='word_1_204' title='bbox 610 1287 755 1318; x_wconf 87' lang='lat' dir='ltr'>unquam</span> <span class='ocrx_word' id='word_1_205' title='bbox 772 1287 814 1308; x_wconf 85' lang='lat' dir='ltr'>eo</span> <span class='ocrx_word' id='word_1_206' title='bbox 830 1278 965 1308; x_wconf 87' lang='lat' dir='ltr'>nomine</span> <span class='ocrx_word' id='word_1_207' title='bbox 980 1278 1133 1317; x_wconf 78' lang='lat' dir='ltr'>signatus</span> <span class='ocrx_word' id='word_1_208' title='bbox 1149 1282 1214 1309; x_wconf 87' lang='lat' dir='ltr'>est.</span> <span class='ocrx_word' id='word_1_209' title='bbox 1258 1277 1360 1309; x_wconf 89' lang='lat' dir='ltr'>Aliud</span> <span class='ocrx_word' id='word_1_210' title='bbox 1377 1287 1458 1318; x_wconf 86' lang='lat' dir='ltr'>ergo</span> <span class='ocrx_word' id='word_1_211' title='bbox 1480 1279 1592 1308; x_wconf 88' lang='lat' dir='ltr'>inves-</span> 
     </span>
     <span class='ocr_line' id='line_1_21' title="bbox 131 1319 1590 1361; baseline 0.002 -12"><span class='ocrx_word' id='word_1_212' title='bbox 131 1319 291 1358; x_wconf 86' lang='lat' dir='ltr'>tigemus.</span> <span class='ocrx_word' id='word_1_213' title='bbox 336 1319 539 1358; x_wconf 85' lang='lat' dir='ltr'>Menander,</span> <span class='ocrx_word' id='word_1_214' title='bbox 555 1329 629 1351; x_wconf 88' lang='lat' dir='ltr'>cum</span> <span class='ocrx_word' id='word_1_215' title='bbox 651 1321 850 1351; x_wconf 83' lang='lat' dir='ltr'>Eunuchum</span> <span class='ocrx_word' id='word_1_216' title='bbox 875 1321 961 1351; x_wconf 88' lang='lat' dir='ltr'>hunc</span> <span class='ocrx_word' id='word_1_217' title='bbox 976 1319 1152 1359; x_wconf 72' lang='grc' dir='ltr'>Ὑαλεώτην,</span> <span class='ocrx_word' id='word_1_218' title='bbox 1168 1320 1373 1359; x_wconf 82' lang='lat' dir='ltr'>stellionem,</span> <span class='ocrx_word' id='word_1_219' title='bbox 1389 1321 1539 1361; x_wconf 82' lang='lat' dir='ltr'>vocavit,</span> <span class='ocrx_word' id='word_1_220' title='bbox 1555 1320 1590 1352; x_wconf 85' lang='lat' dir='ltr'>id</span> 
     </span>
     <span class='ocr_line' id='line_1_22' title="bbox 131 1360 1591 1403; baseline 0.003 -13"><span class='ocrx_word' id='word_1_221' title='bbox 131 1361 253 1401; x_wconf 83' lang='lat' dir='ltr'>voluit,</span> <span class='ocrx_word' id='word_1_222' title='bbox 276 1360 366 1393; x_wconf 86' lang='lat' dir='ltr'>facie</span> <span class='ocrx_word' id='word_1_223' title='bbox 384 1371 460 1393; x_wconf 81' lang='lat' dir='ltr'>euru</span> <span class='ocrx_word' id='word_1_224' title='bbox 478 1362 582 1394; x_wconf 88' lang='lat' dir='ltr'>fuisse</span> <span class='ocrx_word' id='word_1_225' title='bbox 598 1364 782 1400; x_wconf 88' lang='lat' dir='ltr'>maculosa,</span> <span class='ocrx_word' id='word_1_226' title='bbox 796 1363 1022 1403; x_wconf 81' lang='lat' dir='ltr'>lentiginosa3</span> <span class='ocrx_word' id='word_1_227' title='bbox 1048 1364 1123 1394; x_wconf 83' lang='lat' dir='ltr'>talis</span> <span class='ocrx_word' id='word_1_228' title='bbox 1147 1364 1236 1394; x_wconf 89' lang='lat' dir='ltr'>enim</span> <span class='ocrx_word' id='word_1_229' title='bbox 1253 1364 1399 1395; x_wconf 85' lang='lat' dir='ltr'>stellioni</span> <span class='ocrx_word' id='word_1_230' title='bbox 1416 1364 1510 1395; x_wconf 87' lang='lat' dir='ltr'>color</span> <span class='ocrx_word' id='word_1_231' title='bbox 1526 1368 1591 1395; x_wconf 70' lang='lat' dir='ltr'>est.</span> 
     </span>
     <span class='ocr_line' id='line_1_23' title="bbox 132 1404 1589 1446; baseline 0.002 -11"><span class='ocrx_word' id='word_1_232' title='bbox 132 1404 239 1444; x_wconf 76' lang='lat' dir='ltr'>Ergo.</span> <span class='ocrx_word' id='word_1_233' title='bbox 255 1410 289 1435; x_wconf 88' lang='lat' dir='ltr'>et</span> <span class='ocrx_word' id='word_1_234' title='bbox 305 1414 374 1436; x_wconf 88' lang='lat' dir='ltr'>rem</span> <span class='ocrx_word' id='word_1_235' title='bbox 391 1405 498 1446; x_wconf 81' lang='lat' dir='ltr'>ipsam</span> <span class='ocrx_word' id='word_1_236' title='bbox 522 1410 557 1436; x_wconf 88' lang='lat' dir='ltr'>et</span> <span class='ocrx_word' id='word_1_237' title='bbox 573 1411 747 1436; x_wconf 81' lang='lat' dir='ltr'>auctorem</span> <span class='ocrx_word' id='word_1_238' title='bbox 764 1410 915 1443; x_wconf 80' lang='lat' dir='ltr'>secutus,</span> <span class='ocrx_word' id='word_1_239' title='bbox 931 1406 1113 1437; x_wconf 80' lang='lat' dir='ltr'>Terentius</span> <span class='ocrx_word' id='word_1_240' title='bbox 1129 1406 1177 1437; x_wconf 84' lang='lat' dir='ltr'>sic</span> <span class='ocrx_word' id='word_1_241' title='bbox 1194 1406 1357 1438; x_wconf 79' lang='lat' dir='ltr'>dederat:</span> <span class='ocrx_word' id='word_1_242' title='bbox 1383 1407 1450 1438; x_wconf 78' lang='lat' dir='ltr'>Hic</span> <span class='ocrx_word' id='word_1_243' title='bbox 1464 1410 1509 1437; x_wconf 83' lang='lat' dir='ltr'>est</span> <span class='ocrx_word' id='word_1_244' title='bbox 1525 1408 1589 1438; x_wconf 74' lang='lat' dir='ltr'>vie-</span> 
     </span>
     <span class='ocr_line' id='line_1_24' title="bbox 132 1448 1591 1489; baseline 0.003 -12"><span class='ocrx_word' id='word_1_245' title='bbox 132 1450 195 1486; x_wconf 78' lang='lat' dir='ltr'>tus,</span> <span class='ocrx_word' id='word_1_246' title='bbox 212 1451 310 1488; x_wconf 77' lang='lat' dir='ltr'>vetus,</span> <span class='ocrx_word' id='word_1_247' title='bbox 323 1451 510 1486; x_wconf 75' lang='lat' dir='ltr'>veternosus,</span> <span class='ocrx_word' id='word_1_248' title='bbox 524 1458 630 1487; x_wconf 78' lang='lat' dir='ltr'>senex,</span> <span class='ocrx_word' id='word_1_249' title='bbox 650 1449 759 1479; x_wconf 86' lang='lat' dir='ltr'>Colore</span> <span class='ocrx_word' id='word_1_250' title='bbox 774 1449 958 1480; x_wconf 74' lang='lat' dir='ltr'>stellionino.</span> <span class='ocrx_word' id='word_1_251' title='bbox 1003 1449 1074 1480; x_wconf 70' lang='lat' dir='ltr'>PH.</span> <span class='ocrx_word' id='word_1_252' title='bbox 1099 1449 1195 1489; x_wconf 87' lang='lat' dir='ltr'>Hem,</span> <span class='ocrx_word' id='word_1_253' title='bbox 1216 1459 1286 1489; x_wconf 81' lang='lat' dir='ltr'>quae</span> <span class='ocrx_word' id='word_1_254' title='bbox 1304 1450 1368 1481; x_wconf 79' lang='lat' dir='ltr'>lzaec</span> <span class='ocrx_word' id='word_1_255' title='bbox 1390 1453 1434 1480; x_wconf 82' lang='lat' dir='ltr'>est</span> <span class='ocrx_word' id='word_1_256' title='bbox 1451 1448 1591 1488; x_wconf 79' lang='lat' dir='ltr'>fabula?</span> 
     </span>
     <span class='ocr_line' id='line_1_25' title="bbox 133 1489 1592 1533; baseline 0.001 -12"><span class='ocrx_word' id='word_1_257' title='bbox 133 1489 310 1529; x_wconf 75' lang='lat' dir='ltr'>Ceterum,</span> <span class='ocrx_word' id='word_1_258' title='bbox 323 1490 398 1532; x_wconf 79' lang='lat' dir='ltr'>quae</span> <span class='ocrx_word' id='word_1_259' title='bbox 415 1492 464 1522; x_wconf 87' lang='lat' dir='ltr'>vir</span> <span class='ocrx_word' id='word_1_260' title='bbox 481 1491 639 1522; x_wconf 88' lang='lat' dir='ltr'>eruditus</span> <span class='ocrx_word' id='word_1_261' title='bbox 655 1492 770 1522; x_wconf 82' lang='lat' dir='ltr'>multis</span> <span class='ocrx_word' id='word_1_262' title='bbox 789 1492 899 1521; x_wconf 87' lang='lat' dir='ltr'>verbis</span> <span class='ocrx_word' id='word_1_263' title='bbox 916 1491 959 1522; x_wconf 84' lang='lat' dir='ltr'>ad</span> <span class='ocrx_word' id='word_1_264' title='bbox 977 1492 1064 1523; x_wconf 91' lang='lat' dir='ltr'>hunc</span> <span class='ocrx_word' id='word_1_265' title='bbox 1087 1491 1197 1523; x_wconf 89' lang='lat' dir='ltr'>locum</span> <span class='ocrx_word' id='word_1_266' title='bbox 1213 1493 1401 1532; x_wconf 82' lang='lat' dir='ltr'>contexuit,</span> <span class='ocrx_word' id='word_1_267' title='bbox 1423 1494 1519 1533; x_wconf 84' lang='lat' dir='ltr'>piget</span> <span class='ocrx_word' id='word_1_268' title='bbox 1534 1502 1592 1522; x_wconf 84' lang='lat' dir='ltr'>ex-</span> 
     </span>
     <span class='ocr_line' id='line_1_26' title="bbox 133 1533 1592 1576; baseline 0.001 -13"><span class='ocrx_word' id='word_1_269' title='bbox 133 1538 262 1564; x_wconf 82' lang='lat' dir='ltr'>cutere.</span> <span class='ocrx_word' id='word_1_270' title='bbox 292 1533 333 1564; x_wconf 89' lang='lat' dir='ltr'>In</span> <span class='ocrx_word' id='word_1_271' title='bbox 349 1533 539 1565; x_wconf 84' lang='lat' dir='ltr'>Menandro</span> <span class='ocrx_word' id='word_1_272' title='bbox 552 1535 671 1565; x_wconf 82' lang='lat' dir='ltr'>scribit</span> <span class='ocrx_word' id='word_1_273' title='bbox 682 1533 841 1573; x_wconf 65' lang='grc' dir='ltr'>’γαλεώδης</span> <span class='ocrx_word' id='word_1_274' title='bbox 854 1533 961 1574; x_wconf 74' lang='grc' dir='ltr'><em>γέρων,</em></span> <span class='ocrx_word' id='word_1_275' title='bbox 975 1535 1038 1566; x_wconf 90' lang='lat' dir='ltr'>hoc</span> <span class='ocrx_word' id='word_1_276' title='bbox 1053 1539 1116 1575; x_wconf 84' lang='lat' dir='ltr'>est,</span> <span class='ocrx_word' id='word_1_277' title='bbox 1130 1535 1322 1574; x_wconf 77' lang='grc' dir='ltr'>γαλεοειδὴς,</span> <span class='ocrx_word' id='word_1_278' title='bbox 1339 1545 1358 1566; x_wconf 89' lang='lat' dir='ltr'>a</span> <span class='ocrx_word' id='word_1_279' title='bbox 1371 1536 1462 1576; x_wconf 86' lang='lat' dir='ltr'>pisce</span> <span class='ocrx_word' id='word_1_280' title='bbox 1472 1536 1592 1574; x_wconf 77' lang='grc' dir='ltr'><strong>γαλεῷ,</strong></span> 
     </span>
     <span class='ocr_line' id='line_1_27' title="bbox 132 1576 1591 1618; baseline 0.002 -12"><span class='ocrx_word' id='word_1_281' title='bbox 132 1576 300 1607; x_wconf 78' lang='lat' dir='ltr'>mustela:</span> <span class='ocrx_word' id='word_1_282' title='bbox 324 1580 361 1607; x_wconf 88' lang='lat' dir='ltr'>et</span> <span class='ocrx_word' id='word_1_283' title='bbox 375 1576 439 1608; x_wconf 91' lang='lat' dir='ltr'>hoc</span> <span class='ocrx_word' id='word_1_284' title='bbox 458 1582 557 1616; x_wconf 87' lang='lat' dir='ltr'>pacto</span> <span class='ocrx_word' id='word_1_285' title='bbox 581 1587 616 1608; x_wconf 89' lang='lat' dir='ltr'>se</span> <span class='ocrx_word' id='word_1_286' title='bbox 639 1582 738 1618; x_wconf 82' lang='lat' dir='ltr'>putat</span> <span class='ocrx_word' id='word_1_287' title='bbox 753 1578 955 1608; x_wconf 86' lang='lat' dir='ltr'>Terentium</span> <span class='ocrx_word' id='word_1_288' title='bbox 972 1578 1015 1608; x_wconf 86' lang='lat' dir='ltr'>ab</span> <span class='ocrx_word' id='word_1_289' title='bbox 1038 1578 1126 1609; x_wconf 90' lang='lat' dir='ltr'>omni</span> <span class='ocrx_word' id='word_1_290' title='bbox 1146 1587 1262 1609; x_wconf 84' lang='lat' dir='ltr'>errore</span> <span class='ocrx_word' id='word_1_291' title='bbox 1280 1579 1437 1610; x_wconf 86' lang='lat' dir='ltr'>liberare.</span> <span class='ocrx_word' id='word_1_292' title='bbox 1483 1579 1591 1609; x_wconf 86' lang='lat' dir='ltr'>Immo</span> 
     </span>
     <span class='ocr_line' id='line_1_28' title="bbox 133 1618 1592 1661; baseline 0.002 -13"><span class='ocrx_word' id='word_1_293' title='bbox 133 1622 169 1648; x_wconf 88' lang='lat' dir='ltr'>et</span> <span class='ocrx_word' id='word_1_294' title='bbox 183 1618 380 1650; x_wconf 86' lang='lat' dir='ltr'>Terentium</span> <span class='ocrx_word' id='word_1_295' title='bbox 397 1624 432 1651; x_wconf 88' lang='lat' dir='ltr'>et</span> <span class='ocrx_word' id='word_1_296' title='bbox 447 1619 675 1651; x_wconf 81' lang='lat' dir='ltr'>Menandrum</span> <span class='ocrx_word' id='word_1_297' title='bbox 699 1621 806 1661; x_wconf 87' lang='lat' dir='ltr'>ipsum</span> <span class='ocrx_word' id='word_1_298' title='bbox 824 1629 939 1651; x_wconf 77' lang='lat' dir='ltr'>errore</span> <span class='ocrx_word' id='word_1_299' title='bbox 956 1622 1126 1659; x_wconf 84' lang='lat' dir='ltr'>cumulat;</span> <span class='ocrx_word' id='word_1_300' title='bbox 1149 1621 1176 1651; x_wconf 87' lang='lat' dir='ltr'>si</span> <span class='ocrx_word' id='word_1_301' title='bbox 1193 1622 1385 1652; x_wconf 86' lang='lat' dir='ltr'>eunuchum</span> <span class='ocrx_word' id='word_1_302' title='bbox 1401 1621 1489 1652; x_wconf 88' lang='lat' dir='ltr'>hunc</span> <span class='ocrx_word' id='word_1_303' title='bbox 1506 1621 1592 1661; x_wconf 82' lang='lat' dir='ltr'>pisci</span> 
     </span>
     <span class='ocr_line' id='line_1_29' title="bbox 132 1662 1592 1704; baseline 0.002 -13"><span class='ocrx_word' id='word_1_304' title='bbox 132 1662 430 1701; x_wconf 81' lang='lat' dir='ltr'>comparaverint:</span> <span class='ocrx_word' id='word_1_305' title='bbox 455 1672 600 1704; x_wconf 87' lang='lat' dir='ltr'>quanam</span> <span class='ocrx_word' id='word_1_306' title='bbox 625 1663 768 1694; x_wconf 88' lang='lat' dir='ltr'>obsecro</span> <span class='ocrx_word' id='word_1_307' title='bbox 794 1663 1038 1695; x_wconf 86' lang='lat' dir='ltr'>similitudine?</span> <span class='ocrx_word' id='word_1_308' title='bbox 1067 1664 1167 1694; x_wconf 78' lang='lat' dir='ltr'>Pisce</span> <span class='ocrx_word' id='word_1_309' title='bbox 1193 1665 1318 1694; x_wconf 87' lang='lat' dir='ltr'>mutior</span> <span class='ocrx_word' id='word_1_310' title='bbox 1342 1673 1417 1695; x_wconf 89' lang='lat' dir='ltr'>esse</span> <span class='ocrx_word' id='word_1_311' title='bbox 1446 1664 1592 1703; x_wconf 85' lang='lat' dir='ltr'>mallem,</span> 
     </span>
     <span class='ocr_line' id='line_1_30' title="bbox 132 1704 1592 1746; baseline 0.003 -12"><span class='ocrx_word' id='word_1_312' title='bbox 132 1713 232 1745; x_wconf 86' lang='lat' dir='ltr'>quam</span> <span class='ocrx_word' id='word_1_313' title='bbox 250 1704 332 1735; x_wconf 89' lang='lat' dir='ltr'>talia</span> <span class='ocrx_word' id='word_1_314' title='bbox 349 1705 452 1746; x_wconf 90' lang='lat' dir='ltr'>loqui.</span> <span class='ocrx_word' id='word_1_315' title='bbox 475 1706 573 1737; x_wconf 82' lang='lat' dir='ltr'>Bent.</span> <span class='ocrx_word' id='word_1_316' title='bbox 620 1706 760 1745; x_wconf 88' lang='lat' dir='ltr'>Mirum,</span> <span class='ocrx_word' id='word_1_317' title='bbox 786 1706 980 1737; x_wconf 88' lang='lat' dir='ltr'>Bentleium</span> <span class='ocrx_word' id='word_1_318' title='bbox 998 1706 1124 1737; x_wconf 88' lang='lat' dir='ltr'>Donati</span> <span class='ocrx_word' id='word_1_319' title='bbox 1145 1707 1312 1737; x_wconf 85' lang='lat' dir='ltr'>incertam</span> <span class='ocrx_word' id='word_1_320' title='bbox 1329 1708 1592 1746; x_wconf 81' lang='lat' dir='ltr'>correctionem,</span> 
     </span>
     <span class='ocr_line' id='line_1_31' title="bbox 133 1747 1592 1790; baseline 0.002 -13"><span class='ocrx_word' id='word_1_321' title='bbox 133 1752 234 1787; x_wconf 62' lang='lat' dir='ltr'>«fliam</span> <span class='ocrx_word' id='word_1_322' title='bbox 251 1747 403 1778; x_wconf 76' lang='lat' dir='ltr'>Terentii</span> <span class='ocrx_word' id='word_1_323' title='bbox 424 1748 630 1788; x_wconf 78' lang='lat' dir='ltr'>scripturam</span> <span class='ocrx_word' id='word_1_324' title='bbox 647 1749 680 1779; x_wconf 92' lang='lat' dir='ltr'>in</span> <span class='ocrx_word' id='word_1_325' title='bbox 697 1753 896 1780; x_wconf 86' lang='lat' dir='ltr'>contextum</span> <span class='ocrx_word' id='word_1_326' title='bbox 914 1749 1069 1790; x_wconf 85' lang='lat' dir='ltr'>recipere</span> <span class='ocrx_word' id='word_1_327' title='bbox 1092 1754 1315 1790; x_wconf 66' lang='lat' dir='ltr'>praeoptasse.</span> <span class='ocrx_word' id='word_1_328' title='bbox 1346 1750 1446 1782; x_wconf 80' lang='lat' dir='ltr'>West.</span> <span class='ocrx_word' id='word_1_329' title='bbox 1490 1750 1592 1780; x_wconf 81' lang='lat' dir='ltr'>Bent-</span> 
     </span>
     <span class='ocr_line' id='line_1_32' title="bbox 133 1789 1591 1830; baseline 0.003 -11"><span class='ocrx_word' id='word_1_330' title='bbox 133 1789 269 1820; x_wconf 86' lang='lat' dir='ltr'>erudite</span> <span class='ocrx_word' id='word_1_331' title='bbox 295 1790 379 1830; x_wconf 86' lang='lat' dir='ltr'>legit</span> <span class='ocrx_word' id='word_1_332' title='bbox 402 1791 588 1822; x_wconf 81' lang='lat' dir='ltr'>stellionino.</span> <span class='ocrx_word' id='word_1_333' title='bbox 631 1792 672 1823; x_wconf 84' lang='lat' dir='ltr'>R.</span> <span class='ocrx_word' id='word_1_334' title='bbox 692 1793 738 1822; x_wconf 88' lang='lat' dir='ltr'>D.</span> <span class='ocrx_word' id='word_1_335' title='bbox 772 1792 951 1823; x_wconf 86' lang='lat' dir='ltr'>Bentleins</span> <span class='ocrx_word' id='word_1_336' title='bbox 976 1801 1019 1823; x_wconf 86' lang='lat' dir='ltr'>ex</span> <span class='ocrx_word' id='word_1_337' title='bbox 1045 1792 1239 1823; x_wconf 84' lang='lat' dir='ltr'>Menandro</span> <span class='ocrx_word' id='word_1_338' title='bbox 1261 1797 1296 1824; x_wconf 90' lang='lat' dir='ltr'>et</span> <span class='ocrx_word' id='word_1_339' title='bbox 1317 1792 1446 1824; x_wconf 80' lang='lat' dir='ltr'>Donati</span> <span class='ocrx_word' id='word_1_340' title='bbox 1475 1798 1591 1824; x_wconf 83' lang='lat' dir='ltr'>mente</span> 
     </span>
     <span class='ocr_line' id='line_1_33' title="bbox 132 1832 1592 1876; baseline 0.003 -14"><span class='ocrx_word' id='word_1_341' title='bbox 132 1832 271 1871; x_wconf 85' lang='lat' dir='ltr'>reponit</span> <span class='ocrx_word' id='word_1_342' title='bbox 288 1833 481 1865; x_wconf 81' lang='lat' dir='ltr'>stellionino:</span> <span class='ocrx_word' id='word_1_343' title='bbox 507 1840 541 1865; x_wconf 92' lang='lat' dir='ltr'>et</span> <span class='ocrx_word' id='word_1_344' title='bbox 566 1835 632 1866; x_wconf 88' lang='lat' dir='ltr'>Do.</span> <span class='ocrx_word' id='word_1_345' title='bbox 650 1834 765 1874; x_wconf 81' lang='lat' dir='ltr'>arguit</span> <span class='ocrx_word' id='word_1_346' title='bbox 779 1835 989 1874; x_wconf 89' lang='lat' dir='ltr'>Terentium,</span> <span class='ocrx_word' id='word_1_347' title='bbox 1014 1836 1070 1876; x_wconf 92' lang='lat' dir='ltr'>qui</span> <span class='ocrx_word' id='word_1_348' title='bbox 1088 1845 1106 1866; x_wconf 87' lang='lat' dir='ltr'>a</span> <span class='ocrx_word' id='word_1_349' title='bbox 1122 1836 1315 1866; x_wconf 78' lang='lat' dir='ltr'>Menandro</span> <span class='ocrx_word' id='word_1_350' title='bbox 1332 1836 1514 1874; x_wconf 81' lang='lat' dir='ltr'>aberrarit,</span> <span class='ocrx_word' id='word_1_351' title='bbox 1534 1847 1592 1875; x_wconf 74' lang='grc' dir='ltr'>γα-</span> 
     </span>
     <span class='ocr_line' id='line_1_34' title="bbox 130 1874 1591 1919; baseline 0.003 -14"><span class='ocrx_word' id='word_1_352' title='bbox 130 1874 252 1912; x_wconf 79' lang='grc' dir='ltr'>λεώτην</span> <span class='ocrx_word' id='word_1_353' title='bbox 266 1884 380 1906; x_wconf 82' lang='lat' dir='ltr'>senem</span> <span class='ocrx_word' id='word_1_354' title='bbox 396 1877 553 1916; x_wconf 81' lang='lat' dir='ltr'>dicente3</span> <span class='ocrx_word' id='word_1_355' title='bbox 569 1878 626 1908; x_wconf 87' lang='lat' dir='ltr'>sed</span> <span class='ocrx_word' id='word_1_356' title='bbox 643 1878 699 1908; x_wconf 90' lang='lat' dir='ltr'>alii</span> <span class='ocrx_word' id='word_1_357' title='bbox 713 1876 912 1909; x_wconf 85' lang='lat' dir='ltr'>defendunt.</span> <span class='ocrx_word' id='word_1_358' title='bbox 944 1878 1110 1909; x_wconf 82' lang='lat' dir='ltr'>Putamus</span> <span class='ocrx_word' id='word_1_359' title='bbox 1123 1877 1285 1918; x_wconf 76' lang='grc' dir='ltr'>Ὑαλεώδης</span> <span class='ocrx_word' id='word_1_360' title='bbox 1301 1879 1464 1919; x_wconf 86' lang='lat' dir='ltr'>scriptum</span> <span class='ocrx_word' id='word_1_361' title='bbox 1477 1877 1591 1910; x_wconf 83' lang='lat' dir='ltr'>fuisse.</span> 
     </span>
     <span class='ocr_line' id='line_1_35' title="bbox 132 1917 1594 1961; baseline 0.003 -13"><span class='ocrx_word' id='word_1_362' title='bbox 132 1917 210 1958; x_wconf 82' lang='lat' dir='ltr'>Rip.</span> <span class='ocrx_word' id='word_1_363' title='bbox 255 1918 431 1950; x_wconf 89' lang='lat' dir='ltr'>Donatum</span> <span class='ocrx_word' id='word_1_364' title='bbox 446 1920 542 1960; x_wconf 89' lang='lat' dir='ltr'>sequi</span> <span class='ocrx_word' id='word_1_365' title='bbox 559 1920 679 1952; x_wconf 89' lang='lat' dir='ltr'>debuit</span> <span class='ocrx_word' id='word_1_366' title='bbox 696 1921 800 1951; x_wconf 88' lang='lat' dir='ltr'>Bent.</span> <span class='ocrx_word' id='word_1_367' title='bbox 834 1930 897 1951; x_wconf 85' lang='lat' dir='ltr'>nec</span> <span class='ocrx_word' id='word_1_368' title='bbox 924 1921 1139 1952; x_wconf 83' lang='lat' dir='ltr'>committere</span> <span class='ocrx_word' id='word_1_369' title='bbox 1157 1922 1243 1952; x_wconf 89' lang='lat' dir='ltr'>utin</span> <span class='ocrx_word' id='word_1_370' title='bbox 1265 1921 1418 1952; x_wconf 85' lang='lat' dir='ltr'>fraudem</span> <span class='ocrx_word' id='word_1_371' title='bbox 1436 1921 1510 1961; x_wconf 89' lang='lat' dir='ltr'>ipse</span> <span class='ocrx_word' id='word_1_372' title='bbox 1528 1922 1594 1952; x_wconf 89' lang='lat' dir='ltr'>illi-</span> 
     </span>
     <span class='ocr_line' id='line_1_36' title="bbox 133 1961 1593 2005; baseline 0.003 -14"><span class='ocrx_word' id='word_1_373' title='bbox 133 1963 271 1992; x_wconf 85' lang='lat' dir='ltr'>ceretur</span> <span class='ocrx_word' id='word_1_374' title='bbox 294 1961 336 1992; x_wconf 91' lang='lat' dir='ltr'>ab</span> <span class='ocrx_word' id='word_1_375' title='bbox 356 1962 429 1993; x_wconf 84' lang='lat' dir='ltr'>istis</span> <span class='ocrx_word' id='word_1_376' title='bbox 456 1963 699 2002; x_wconf 80' lang='lat' dir='ltr'>grammaticis,</span> <span class='ocrx_word' id='word_1_377' title='bbox 723 1964 792 2004; x_wconf 85' lang='lat' dir='ltr'>qui,</span> <span class='ocrx_word' id='word_1_378' title='bbox 816 1964 939 1994; x_wconf 82' lang='lat' dir='ltr'>Latina</span> <span class='ocrx_word' id='word_1_379' title='bbox 960 1963 1001 1994; x_wconf 91' lang='lat' dir='ltr'>ad</span> <span class='ocrx_word' id='word_1_380' title='bbox 1019 1964 1144 1995; x_wconf 69' lang='lat' dir='ltr'>Graeca</span> <span class='ocrx_word' id='word_1_381' title='bbox 1166 1964 1312 1995; x_wconf 90' lang='lat' dir='ltr'>obscura</span> <span class='ocrx_word' id='word_1_382' title='bbox 1332 1964 1509 2005; x_wconf 82' lang='lat' dir='ltr'>diligentia</span> <span class='ocrx_word' id='word_1_383' title='bbox 1522 1965 1593 1995; x_wconf 83' lang='lat' dir='ltr'>exi-</span> 
     </span>
     <span class='ocr_line' id='line_1_37' title="bbox 132 2004 1592 2045; baseline 0.003 -12"><span class='ocrx_word' id='word_1_384' title='bbox 132 2008 265 2043; x_wconf 85' lang='lat' dir='ltr'>gentes,</span> <span class='ocrx_word' id='word_1_385' title='bbox 287 2013 353 2034; x_wconf 92' lang='lat' dir='ltr'>non</span> <span class='ocrx_word' id='word_1_386' title='bbox 371 2004 508 2045; x_wconf 74' lang='lat' dir='ltr'>poetam</span> <span class='ocrx_word' id='word_1_387' title='bbox 525 2006 711 2045; x_wconf 79' lang='lat' dir='ltr'>cupiebant</span> <span class='ocrx_word' id='word_1_388' title='bbox 727 2007 903 2045; x_wconf 84' lang='lat' dir='ltr'>Nostrum,</span> <span class='ocrx_word' id='word_1_389' title='bbox 916 2007 975 2037; x_wconf 89' lang='lat' dir='ltr'>sed</span> <span class='ocrx_word' id='word_1_390' title='bbox 994 2007 1134 2038; x_wconf 89' lang='lat' dir='ltr'>verbum</span> <span class='ocrx_word' id='word_1_391' title='bbox 1151 2007 1194 2037; x_wconf 90' lang='lat' dir='ltr'>de</span> <span class='ocrx_word' id='word_1_392' title='bbox 1213 2007 1316 2038; x_wconf 86' lang='lat' dir='ltr'>verbo</span> <span class='ocrx_word' id='word_1_393' title='bbox 1334 2011 1592 2039; x_wconf 87' lang='lat' dir='ltr'>convertentem</span> 
     </span>
     <span class='ocr_line' id='line_1_38' title="bbox 132 2046 1593 2091; baseline 0.004 -15"><span class='ocrx_word' id='word_1_394' title='bbox 132 2046 370 2087; x_wconf 87' lang='lat' dir='ltr'>interpretem.</span> <span class='ocrx_word' id='word_1_395' title='bbox 415 2048 499 2080; x_wconf 83' lang='lat' dir='ltr'>Quis</span> <span class='ocrx_word' id='word_1_396' title='bbox 526 2049 613 2079; x_wconf 86' lang='lat' dir='ltr'>enim</span> <span class='ocrx_word' id='word_1_397' title='bbox 640 2048 757 2080; x_wconf 82' lang='lat' dir='ltr'>audiat</span> <span class='ocrx_word' id='word_1_398' title='bbox 781 2049 874 2079; x_wconf 89' lang='lat' dir='ltr'>illum</span> <span class='ocrx_word' id='word_1_399' title='bbox 897 2050 1073 2080; x_wconf 80' lang='lat' dir='ltr'>stellionino</span> <span class='ocrx_word' id='word_1_400' title='bbox 1104 2055 1339 2090; x_wconf 76' lang='lat' dir='ltr'>reponentem,</span> <span class='ocrx_word' id='word_1_401' title='bbox 1373 2051 1469 2091; x_wconf 86' lang='lat' dir='ltr'>quasi</span> <span class='ocrx_word' id='word_1_402' title='bbox 1498 2051 1593 2082; x_wconf 84' lang='lat' dir='ltr'>color</span> 
     </span>
     <span class='ocr_line' id='line_1_39' title="bbox 132 2090 1594 2133; baseline 0.003 -14"><span class='ocrx_word' id='word_1_403' title='bbox 132 2090 351 2120; x_wconf 79' lang='lat' dir='ltr'>mustelarum</span> <span class='ocrx_word' id='word_1_404' title='bbox 369 2100 467 2131; x_wconf 80' lang='lat' dir='ltr'>aeque</span> <span class='ocrx_word' id='word_1_405' title='bbox 489 2090 638 2122; x_wconf 86' lang='lat' dir='ltr'>incertus</span> <span class='ocrx_word' id='word_1_406' title='bbox 655 2092 699 2122; x_wconf 84' lang='lat' dir='ltr'>sit</span> <span class='ocrx_word' id='word_1_407' title='bbox 714 2096 814 2132; x_wconf 85' lang='lat' dir='ltr'>atque</span> <span class='ocrx_word' id='word_1_408' title='bbox 829 2101 992 2133; x_wconf 84' lang='lat' dir='ltr'>equorum</span> <span class='ocrx_word' id='word_1_409' title='bbox 1010 2097 1045 2122; x_wconf 90' lang='lat' dir='ltr'>et</span> <span class='ocrx_word' id='word_1_410' title='bbox 1062 2093 1205 2123; x_wconf 82' lang='lat' dir='ltr'>canum?</span> <span class='ocrx_word' id='word_1_411' title='bbox 1229 2093 1336 2124; x_wconf 87' lang='lat' dir='ltr'>Immo</span> <span class='ocrx_word' id='word_1_412' title='bbox 1352 2093 1504 2124; x_wconf 77' lang='lat' dir='ltr'>mustelae</span> <span class='ocrx_word' id='word_1_413' title='bbox 1521 2094 1594 2133; x_wconf 88' lang='lat' dir='ltr'>ple-</span> 
     </span>
     <span class='ocr_line' id='line_1_40' title="bbox 133 2133 1593 2175; baseline 0.003 -13"><span class='ocrx_word' id='word_1_414' title='bbox 133 2140 249 2173; x_wconf 82' lang='lat' dir='ltr'>raeque</span> <span class='ocrx_word' id='word_1_415' title='bbox 261 2142 390 2173; x_wconf 81' lang='lat' dir='ltr'>omneS‚</span> <span class='ocrx_word' id='word_1_416' title='bbox 412 2133 557 2165; x_wconf 86' lang='lat' dir='ltr'>testibus</span> <span class='ocrx_word' id='word_1_417' title='bbox 570 2144 653 2175; x_wconf 89' lang='lat' dir='ltr'>quos</span> <span class='ocrx_word' id='word_1_418' title='bbox 670 2134 801 2174; x_wconf 79' lang='lat' dir='ltr'>Angliis</span> <span class='ocrx_word' id='word_1_419' title='bbox 822 2135 952 2175; x_wconf 85' lang='lat' dir='ltr'>laudat,</span> <span class='ocrx_word' id='word_1_420' title='bbox 977 2135 1009 2165; x_wconf 92' lang='lat' dir='ltr'>in</span> <span class='ocrx_word' id='word_1_421' title='bbox 1026 2135 1127 2166; x_wconf 86' lang='lat' dir='ltr'>dorso</span> <span class='ocrx_word' id='word_1_422' title='bbox 1144 2140 1178 2166; x_wconf 84' lang='lat' dir='ltr'>et</span> <span class='ocrx_word' id='word_1_423' title='bbox 1195 2136 1357 2167; x_wconf 86' lang='lat' dir='ltr'>lateribus</span> <span class='ocrx_word' id='word_1_424' title='bbox 1375 2137 1485 2167; x_wconf 87' lang='lat' dir='ltr'>rutilae</span> <span class='ocrx_word' id='word_1_425' title='bbox 1502 2140 1593 2175; x_wconf 87' lang='lat' dir='ltr'>sunt,</span> 
     </span>
     <span class='ocr_line' id='line_1_41' title="bbox 132 2174 1594 2220; baseline 0.003 -15"><span class='ocrx_word' id='word_1_426' title='bbox 132 2183 209 2205; x_wconf 85' lang='lat' dir='ltr'>raro</span> <span class='ocrx_word' id='word_1_427' title='bbox 226 2174 406 2214; x_wconf 75' lang='lat' dir='ltr'>subfnlvae‚</span> <span class='ocrx_word' id='word_1_428' title='bbox 429 2177 537 2207; x_wconf 84' lang='lat' dir='ltr'>rarius</span> <span class='ocrx_word' id='word_1_429' title='bbox 563 2177 665 2208; x_wconf 87' lang='lat' dir='ltr'>etiam</span> <span class='ocrx_word' id='word_1_430' title='bbox 694 2182 775 2208; x_wconf 83' lang='lat' dir='ltr'>totae</span> <span class='ocrx_word' id='word_1_431' title='bbox 803 2177 970 2216; x_wconf 84' lang='lat' dir='ltr'>candidae,</span> <span class='ocrx_word' id='word_1_432' title='bbox 993 2183 1028 2209; x_wconf 87' lang='lat' dir='ltr'>et</span> <span class='ocrx_word' id='word_1_433' title='bbox 1053 2178 1345 2219; x_wconf 85' lang='lat' dir='ltr'>frequentissimas</span> <span class='ocrx_word' id='word_1_434' title='bbox 1365 2179 1419 2210; x_wconf 90' lang='lat' dir='ltr'>hic</span> <span class='ocrx_word' id='word_1_435' title='bbox 1436 2179 1594 2220; x_wconf 85' lang='lat' dir='ltr'>intelligi,</span> 
     </span>
     <span class='ocr_line' id='line_1_42' title="bbox 132 2220 1594 2264; baseline 0.003 -16"><span class='ocrx_word' id='word_1_436' title='bbox 132 2223 396 2249; x_wconf 88' lang='lat' dir='ltr'>consentaneum</span> <span class='ocrx_word' id='word_1_437' title='bbox 415 2224 477 2250; x_wconf 87' lang='lat' dir='ltr'>est.</span> <span class='ocrx_word' id='word_1_438' title='bbox 500 2220 598 2252; x_wconf 82' lang='lat' dir='ltr'>Both.</span> <span class='ocrx_word' id='word_1_439' title='bbox 627 2220 683 2261; x_wconf 89' lang='lat' dir='ltr'>qui</span> <span class='ocrx_word' id='word_1_440' title='bbox 700 2220 758 2251; x_wconf 85' lang='lat' dir='ltr'>dat</span> <span class='ocrx_word' id='word_1_441' title='bbox 775 2221 1034 2252; x_wconf 49' lang='lat' dir='ltr'>madenam—23</span> <span class='ocrx_word' id='word_1_442' title='bbox 1060 2222 1157 2254; x_wconf 84' lang='lat' dir='ltr'>Quod</span> <span class='ocrx_word' id='word_1_443' title='bbox 1175 2222 1208 2252; x_wconf 93' lang='lat' dir='ltr'>in</span> <span class='ocrx_word' id='word_1_444' title='bbox 1226 2221 1374 2262; x_wconf 83' lang='lat' dir='ltr'>antiquis</span> <span class='ocrx_word' id='word_1_445' title='bbox 1391 2222 1594 2264; x_wconf 82' lang='lat' dir='ltr'>quibusdam</span> 
     </span>
     <span class='ocr_line' id='line_1_43' title="bbox 128 2259 1592 2306; baseline 0.004 -16"><span class='ocrx_word' id='word_1_446' title='bbox 128 2259 227 2292; x_wconf 88' lang='lat' dir='ltr'>libris</span> <span class='ocrx_word' id='word_1_447' title='bbox 253 2265 318 2301; x_wconf 89' lang='lat' dir='ltr'>est,</span> <span class='ocrx_word' id='word_1_448' title='bbox 339 2262 476 2302; x_wconf 83' lang='lat' dir='ltr'>emerim,</span> <span class='ocrx_word' id='word_1_449' title='bbox 500 2268 736 2302; x_wconf 87' lang='lat' dir='ltr'>pervetustum</span> <span class='ocrx_word' id='word_1_450' title='bbox 762 2262 910 2299; x_wconf 80' lang='lat' dir='ltr'>videtur,</span> <span class='ocrx_word' id='word_1_451' title='bbox 932 2268 967 2294; x_wconf 91' lang='lat' dir='ltr'>et</span> <span class='ocrx_word' id='word_1_452' title='bbox 989 2264 1060 2304; x_wconf 90' lang='lat' dir='ltr'>jam</span> <span class='ocrx_word' id='word_1_453' title='bbox 1079 2275 1097 2295; x_wconf 90' lang='lat' dir='ltr'>a</span> <span class='ocrx_word' id='word_1_454' title='bbox 1114 2264 1285 2296; x_wconf 86' lang='lat' dir='ltr'>Ciceronis</span> <span class='ocrx_word' id='word_1_455' title='bbox 1301 2274 1395 2304; x_wconf 60' lang='grc' dir='ltr'>ξενος</span> <span class='ocrx_word' id='word_1_456' title='bbox 1422 2266 1479 2306; x_wconf 88' lang='lat' dir='ltr'>qui</span> <span class='ocrx_word' id='word_1_457' title='bbox 1503 2265 1592 2296; x_wconf 84' lang='lat' dir='ltr'>hand</span> 
     </span>
     <span class='ocr_line' id='line_1_44' title="bbox 133 2303 1596 2349; baseline 0.004 -16"><span class='ocrx_word' id='word_1_458' title='bbox 133 2303 216 2343; x_wconf 80' lang='lat' dir='ltr'>scio,</span> <span class='ocrx_word' id='word_1_459' title='bbox 238 2313 280 2334; x_wconf 90' lang='lat' dir='ltr'>au</span> <span class='ocrx_word' id='word_1_460' title='bbox 297 2304 362 2335; x_wconf 90' lang='lat' dir='ltr'>huc</span> <span class='ocrx_word' id='word_1_461' title='bbox 377 2306 583 2346; x_wconf 88' lang='lat' dir='ltr'>respexerit,</span> <span class='ocrx_word' id='word_1_462' title='bbox 599 2306 751 2337; x_wconf 88' lang='lat' dir='ltr'>scribens</span> <span class='ocrx_word' id='word_1_463' title='bbox 763 2305 838 2337; x_wconf 88' lang='lat' dir='ltr'>Att.</span> <span class='ocrx_word' id='word_1_464' title='bbox 853 2315 879 2337; x_wconf 94' lang='lat'>1.</span> <span class='ocrx_word' id='word_1_465' title='bbox 897 2309 950 2337; x_wconf 88' lang='grc'>19.</span> <span class='ocrx_word' id='word_1_466' title='bbox 974 2307 983 2322; x_wconf 90' lang='lat'>‘</span> <span class='ocrx_word' id='word_1_467' title='bbox 997 2307 1061 2337; x_wconf 92' lang='lat' dir='ltr'>Ille</span> <span class='ocrx_word' id='word_1_468' title='bbox 1079 2307 1167 2338; x_wconf 84' lang='lat' dir='ltr'>alter</span> <span class='ocrx_word' id='word_1_469' title='bbox 1181 2307 1229 2338; x_wconf 85' lang='lat' dir='ltr'>ita</span> <span class='ocrx_word' id='word_1_470' title='bbox 1252 2308 1334 2338; x_wconf 91' lang='lat' dir='ltr'>nihil</span> <span class='ocrx_word' id='word_1_471' title='bbox 1350 2312 1414 2348; x_wconf 87' lang='lat' dir='ltr'>est,</span> <span class='ocrx_word' id='word_1_472' title='bbox 1428 2313 1467 2339; x_wconf 89' lang='lat' dir='ltr'>ut</span> <span class='ocrx_word' id='word_1_473' title='bbox 1483 2308 1596 2349; x_wconf 84' lang='lat' dir='ltr'>plane,</span> 
     </span>
     <span class='ocr_line' id='line_1_45' title="bbox 133 2346 1595 2389; baseline 0.005 -13"><span class='ocrx_word' id='word_1_474' title='bbox 133 2346 215 2386; x_wconf 88' lang='lat' dir='ltr'>quid</span> <span class='ocrx_word' id='word_1_475' title='bbox 231 2347 365 2388; x_wconf 87' lang='lat' dir='ltr'>emerit,</span> <span class='ocrx_word' id='word_1_476' title='bbox 388 2348 543 2379; x_wconf 61' lang='lat' dir='ltr'>nesciat!</span> <span class='ocrx_word' id='word_1_477' title='bbox 585 2349 652 2380; x_wconf 90' lang='lat' dir='ltr'>Sed</span> <span class='ocrx_word' id='word_1_478' title='bbox 676 2353 711 2380; x_wconf 86' lang='lat' dir='ltr'>et</span> <span class='ocrx_word' id='word_1_479' title='bbox 735 2349 863 2380; x_wconf 78' lang='lat' dir='ltr'>emerim</span> <span class='ocrx_word' id='word_1_480' title='bbox 889 2349 1014 2389; x_wconf 83' lang='lat' dir='ltr'>legisse</span> <span class='ocrx_word' id='word_1_481' title='bbox 1042 2350 1175 2380; x_wconf 88' lang='lat' dir='ltr'>videtur</span> <span class='ocrx_word' id='word_1_482' title='bbox 1201 2350 1371 2382; x_wconf 88' lang='lat' dir='ltr'>Donatus.</span> <span class='ocrx_word' id='word_1_483' title='bbox 1418 2351 1474 2382; x_wconf 91' lang='lat' dir='ltr'>An</span> <span class='ocrx_word' id='word_1_484' title='bbox 1500 2352 1595 2383; x_wconf 82' lang='lat' dir='ltr'>locus</span> 
     </span>
     <span class='ocr_line' id='line_1_46' title="bbox 133 2391 1592 2434; baseline 0.005 -15"><span class='ocrx_word' id='word_1_485' title='bbox 133 2397 316 2429; x_wconf 88' lang='lat' dir='ltr'>expressus</span> <span class='ocrx_word' id='word_1_486' title='bbox 332 2399 351 2421; x_wconf 86' lang='lat' dir='ltr'>e</span> <span class='ocrx_word' id='word_1_487' title='bbox 369 2391 519 2422; x_wconf 87' lang='lat' dir='ltr'>Plauto?</span> <span class='ocrx_word' id='word_1_488' title='bbox 543 2391 624 2424; x_wconf 89' lang='lat' dir='ltr'>Vid.</span> <span class='ocrx_word' id='word_1_489' title='bbox 644 2391 748 2432; x_wconf 89' lang='lat' dir='ltr'>Epid.</span> <span class='ocrx_word' id='word_1_490' title='bbox 774 2401 830 2423; x_wconf 85' lang='lat'>111.</span> <span class='ocrx_word' id='word_1_491' title='bbox 851 2394 882 2423; x_wconf 87' lang='grc'>4.</span> <span class='ocrx_word' id='word_1_492' title='bbox 905 2395 959 2423; x_wconf 82' lang='grc'>40.</span> <span class='ocrx_word' id='word_1_493' title='bbox 984 2392 1202 2424; x_wconf 64' lang='lat' dir='ltr'>Praetulerim</span> <span class='ocrx_word' id='word_1_494' title='bbox 1221 2398 1334 2425; x_wconf 85' lang='lat' dir='ltr'>tamen</span> <span class='ocrx_word' id='word_1_495' title='bbox 1351 2394 1479 2434; x_wconf 85' lang='lat' dir='ltr'>egerim.</span> <span class='ocrx_word' id='word_1_496' title='bbox 1525 2395 1592 2426; x_wconf 89' lang='lat' dir='ltr'>Ms.</span> 
     </span>
    </p>
   </div>
   <div class='ocr_carea' id='block_1_6' title="bbox 793 2488 934 2520">
    <p class='ocr_par' dir='ltr' id='par_1_7' title="bbox 793 2488 934 2520">
     <span class='ocr_line' id='line_1_47' title="bbox 793 2488 934 2520; baseline 0 0"><span class='ocrx_word' id='word_1_497' title='bbox 793 2488 823 2520; x_wconf 96' lang='lat' dir='ltr'>N</span> <span class='ocrx_word' id='word_1_498' title='bbox 830 2488 934 2520; x_wconf 83' lang='lat' dir='ltr'>OTAE</span> 
     </span>
    </p>
   </div>
   <div class='ocr_carea' id='block_1_7' title="bbox 130 2561 1596 2859">
    <p class='ocr_par' dir='ltr' id='par_1_8' title="bbox 130 2561 1596 2807">
     <span class='ocr_line' id='line_1_48' title="bbox 176 2561 1594 2607; baseline 0.004 -15"><span class='ocrx_word' id='word_1_499' title='bbox 176 2563 220 2592; x_wconf 80' lang='lat'>22</span> <span class='ocrx_word' id='word_1_500' title='bbox 246 2561 357 2593; x_wconf 87' lang='lat' dir='ltr'>Colore</span> <span class='ocrx_word' id='word_1_501' title='bbox 386 2562 576 2603; x_wconf 74' lang='lat' dir='ltr'>mustellino]</span> <span class='ocrx_word' id='word_1_502' title='bbox 612 2563 680 2595; x_wconf 92' lang='lat' dir='ltr'>Hic</span> <span class='ocrx_word' id='word_1_503' title='bbox 709 2564 836 2596; x_wconf 87' lang='lat' dir='ltr'>erravit</span> <span class='ocrx_word' id='word_1_504' title='bbox 891 2564 1004 2596; x_wconf 86' lang='lat' dir='ltr'>dinem</span> <span class='ocrx_word' id='word_1_505' title='bbox 1021 2566 1186 2597; x_wconf 86' lang='lat' dir='ltr'>stellionis</span> <span class='ocrx_word' id='word_1_506' title='bbox 1201 2566 1258 2607; x_wconf 89' lang='lat' dir='ltr'>qui</span> <span class='ocrx_word' id='word_1_507' title='bbox 1273 2566 1362 2607; x_wconf 89' lang='lat' dir='ltr'>pelle</span> <span class='ocrx_word' id='word_1_508' title='bbox 1377 2569 1430 2598; x_wconf 85' lang='lat' dir='ltr'>est</span> <span class='ocrx_word' id='word_1_509' title='bbox 1446 2567 1594 2598; x_wconf 82' lang='lat' dir='ltr'>maculo-</span> 
     </span>
     <span class='ocr_line' id='line_1_49' title="bbox 134 2611 1592 2657; baseline 0.003 -15"><span class='ocrx_word' id='word_1_510' title='bbox 134 2611 340 2643; x_wconf 80' lang='lat' dir='ltr'>Terentius:</span> <span class='ocrx_word' id='word_1_511' title='bbox 369 2622 458 2652; x_wconf 86' lang='lat' dir='ltr'>narn,</span> <span class='ocrx_word' id='word_1_512' title='bbox 479 2623 555 2645; x_wconf 88' lang='lat' dir='ltr'>cum</span> <span class='ocrx_word' id='word_1_513' title='bbox 583 2615 721 2655; x_wconf 81' lang='lat' dir='ltr'>legisset</span> <span class='ocrx_word' id='word_1_514' title='bbox 744 2615 834 2655; x_wconf 90' lang='lat' dir='ltr'>apud</span> <span class='ocrx_word' id='word_1_515' title='bbox 891 2626 940 2652; x_wconf 90' lang='lat' dir='ltr'>sa,</span> <span class='ocrx_word' id='word_1_516' title='bbox 959 2621 995 2647; x_wconf 92' lang='lat' dir='ltr'>ut</span> <span class='ocrx_word' id='word_1_517' title='bbox 1014 2616 1196 2647; x_wconf 85' lang='lat' dir='ltr'>Eunuchus</span> <span class='ocrx_word' id='word_1_518' title='bbox 1213 2617 1270 2647; x_wconf 84' lang='lat' dir='ltr'>ille</span> <span class='ocrx_word' id='word_1_519' title='bbox 1294 2621 1369 2648; x_wconf 85' lang='lat' dir='ltr'>erat</span> <span class='ocrx_word' id='word_1_520' title='bbox 1385 2627 1443 2648; x_wconf 90' lang='lat' dir='ltr'>ore</span> <span class='ocrx_word' id='word_1_521' title='bbox 1458 2626 1592 2657; x_wconf 85' lang='lat' dir='ltr'>sparso;</span> 
     </span>
     <span class='ocr_line' id='line_1_50' title="bbox 133 2662 1596 2706; baseline 0.003 -13"><span class='ocrx_word' id='word_1_522' title='bbox 133 2662 384 2694; x_wconf 87' lang='lat' dir='ltr'>Menandrum:</span> <span class='ocrx_word' id='word_1_523' title='bbox 421 2664 584 2702; x_wconf 73' lang='grc' dir='ltr'>’γαλεώτης</span> <span class='ocrx_word' id='word_1_524' title='bbox 612 2664 722 2706; x_wconf 69' lang='grc' dir='ltr'><em>γέρων,</em></span> <span class='ocrx_word' id='word_1_525' title='bbox 745 2666 835 2706; x_wconf 90' lang='lat' dir='ltr'>quod</span> <span class='ocrx_word' id='word_1_526' title='bbox 891 2666 1004 2697; x_wconf 84' lang='lat' dir='ltr'>stellio</span> <span class='ocrx_word' id='word_1_527' title='bbox 1030 2670 1144 2697; x_wconf 85' lang='lat' dir='ltr'>autem</span> <span class='ocrx_word' id='word_1_528' title='bbox 1177 2671 1230 2698; x_wconf 80' lang='lat' dir='ltr'>est</span> <span class='ocrx_word' id='word_1_529' title='bbox 1252 2666 1425 2706; x_wconf 70' lang='grc' dir='ltr'>γαλεώτης,</span> <span class='ocrx_word' id='word_1_530' title='bbox 1449 2668 1596 2698; x_wconf 85' lang='lat' dir='ltr'>mustela</span> 
     </span>
     <span class='ocr_line' id='line_1_51' title="bbox 130 2712 1593 2758; baseline 0.003 -15"><span class='ocrx_word' id='word_1_531' title='bbox 130 2712 373 2754; x_wconf 83' lang='lat' dir='ltr'>lentiginosum</span> <span class='ocrx_word' id='word_1_532' title='bbox 396 2724 511 2746; x_wconf 81' lang='lat' dir='ltr'>senem</span> <span class='ocrx_word' id='word_1_533' title='bbox 529 2716 713 2756; x_wconf 76' lang='lat' dir='ltr'>significat,</span> <span class='ocrx_word' id='word_1_534' title='bbox 728 2718 835 2757; x_wconf 88' lang='lat' dir='ltr'>cujus·</span> <span class='ocrx_word' id='word_1_535' title='bbox 892 2726 972 2747; x_wconf 88' lang='lat' dir='ltr'>vero</span> <span class='ocrx_word' id='word_1_536' title='bbox 987 2720 1038 2747; x_wconf 85' lang='lat' dir='ltr'>est</span> <span class='ocrx_word' id='word_1_537' title='bbox 1050 2718 1157 2754; x_wconf 72' lang='grc' dir='ltr'><strong>’γαλῆς</strong></span> <span class='ocrx_word' id='word_1_538' title='bbox 1182 2717 1256 2748; x_wconf 79' lang='lat' dir='ltr'>haec</span> <span class='ocrx_word' id='word_1_539' title='bbox 1269 2727 1451 2758; x_wconf 83' lang='lat' dir='ltr'>perperam</span> <span class='ocrx_word' id='word_1_540' title='bbox 1467 2718 1593 2748; x_wconf 89' lang='lat' dir='ltr'>Teren-</span> 
     </span>
     <span class='ocr_line' id='line_1_52' title="bbox 134 2763 1164 2807; baseline 0.003 -12"><span class='ocrx_word' id='word_1_541' title='bbox 134 2764 226 2796; x_wconf 88' lang='lat' dir='ltr'>modi</span> <span class='ocrx_word' id='word_1_542' title='bbox 246 2763 319 2796; x_wconf 89' lang='lat' dir='ltr'>fere</span> <span class='ocrx_word' id='word_1_543' title='bbox 342 2769 421 2796; x_wconf 91' lang='lat' dir='ltr'>sunt</span> <span class='ocrx_word' id='word_1_544' title='bbox 437 2766 602 2807; x_wconf 85' lang='lat' dir='ltr'>Eunuchi,</span> <span class='ocrx_word' id='word_1_545' title='bbox 625 2767 666 2798; x_wconf 89' lang='lat' dir='ltr'>ad</span> <span class='ocrx_word' id='word_1_546' title='bbox 682 2767 836 2798; x_wconf 82' lang='lat' dir='ltr'>similitu·</span> <span class='ocrx_word' id='word_1_547' title='bbox 892 2767 959 2798; x_wconf 81' lang='lat' dir='ltr'>tius</span> <span class='ocrx_word' id='word_1_548' title='bbox 973 2766 1164 2798; x_wconf 84' lang='lat' dir='ltr'>confundit.</span> 
     </span>
    </p>

    <p class='ocr_par' dir='ltr' id='par_1_9' title="bbox 221 2817 1507 2859">
     <span class='ocr_line' id='line_1_53' title="bbox 221 2817 1507 2859; baseline 0.002 -11"><span class='ocrx_word' id='word_1_549' title='bbox 221 2817 336 2859; x_wconf 79' lang='lat' dir='ltr'>Delph.</span> <span class='ocrx_word' id='word_1_550' title='bbox 352 2822 381 2850; x_wconf 75' lang='lat' dir='ltr'>et</span> <span class='ocrx_word' id='word_1_551' title='bbox 400 2819 475 2851; x_wconf 78' lang='lat' dir='ltr'>Var.</span> <span class='ocrx_word' id='word_1_552' title='bbox 490 2820 574 2851; x_wconf 82' lang='lat' dir='ltr'>Clas.</span> <span class='ocrx_word' id='word_1_553' title='bbox 812 2820 936 2851; x_wconf 74' lang='lat' dir='ltr'>Terent.</span> <span class='ocrx_word' id='word_1_554' title='bbox 1431 2825 1449 2851; x_wconf 77' lang='lat'><strong>2</strong></span> <span class='ocrx_word' id='word_1_555' title='bbox 1476 2821 1507 2851; x_wconf 71' lang='lat' dir='ltr'>ti</span> 
     </span>
    </p>
   </div>
  </div>
 </body>
</html>
