1903 3306
298 223 383 264 328
796 238 833 265 P.
866 236 1106 267 ΤΕκΕ-Ντιι
1143 239 1260 268 AFR!

298 328 364 368 St.
397 328 588 371 Hiccine
611 343 678 370 me
702 331 739 371 si
760 331 1021 386 imparatum
1043 333 1086 372 in
1109 332 1223 373 veris
1245 333 1411 386 nuptiis
1692 336 1749 376 20

297 395 493 457 Adortus
515 402 642 448 esset,
665 411 777 451 quos
799 399 901 440 mihi
922 399 1052 440 ludos
1072 399 1293 461 reygeret!

298 463 427 505 Nunc
448 465 576 520 hujus
597 466 759 519 periclo
781 466 842 507 fit.
904 467 998 520 Ego
1018 468 1063 508 in
1085 472 1216 520 portu
1238 469 1414 522 navigo.

295 565 422 595 minime
449 564 604 604 intelligo,
628 565 701 605 quid
730 565 824 596 dicas.
877 566 926 596 81.
951 565 989 597 Si
1019 577 1065 597 me
1088 567 1138 598 hic
1162 567 1366 607 improvidum
1381 566 1583 604 fallaciarum
1607 578 1748 607 suarum,

293 610 456 646 parantem
472 617 562 638 veras
583 608 708 648 nuptias
724 608 812 649 filie,
833 617 1000 647 aggressus
1026 613 1116 649 esset,
1140 615 1214 650 quot
1229 610 1327 641 modis
1349 618 1395 640 me
1413 609 1527 647 fuisset
1543 611 1748 653 Ιηάξρεαιαεὲ

295 660 374 681 nnnc
388 650 450 688 ejus
462 651 595 690 periculo
612 650 675 681 hoec
691 661 709 681 a
725 660 771 681 me
785 650 972 682 simulantur
982 661 993 683 .-
1014 661 1064 683 res
1078 662 1148 683 vero
1163 662 1238 683 meae
1253 653 1284 683 in
1301 656 1368 684 tuto
1382 655 1453 684 sunt
1466 653 1590 693 positae.

906 742 1142 754 eeeeeeeeeeee

298 812 338 834 co
365 813 468 836 more.
500 805 597 837 Both.
615 806 671 846 qui
696 805 789 837 delet
805 806 877 846 Ego
899 811 934 838 et
963 807 1046 847 legit
1068 810 1274 839 narrum—21
1301 808 1418 840 Minus
1444 809 1558 849 placet
1587 809 1748 841 emenda-

298 847 346 877 tio
370 847 513 888 Guyefi,
535 849 694 889 legentiS‚
717 850 830 880 ederet.
854 850 960 882 West.
1005 850 1154 889 Corrigit
1169 851 1286 883 Bentl.
1301 851 1440 892 egregie
1463 861 1536 893 quos
1550 862 1598 884 me
1610 853 1631 884 1.
1644 853 1682 884 R.
1700 852 1745 884 D.

298 889 355 920 Me
369 889 429 922 dat
445 891 541 923 Both.
557 891 609 931 qui
625 891 701 922 hanc
718 891 850 923 Scenam
866 902 942 924 cum
960 894 1116 935 sequenti
1133 893 1320 925 continuat.

952 978 982 1010 N
989 978 1095 1010 OTAE

301 1040 346 1071 Hi
363 1039 624 1080 discipulisunt,
646 1040 858 1081 Pamphilus,
874 1041 996 1082 Mysis,
1050 1041 1203 1082 magistri
1228 1046 1405 1082 praecepta
1427 1042 1665 1083 imprudenter
1689 1043 1750 1075 ob-

299 1096 333 1121 et
351 1090 488 1128 Lesbia,
515 1100 598 1131 quos
615 1091 707 1122 Simo
732 1091 778 1122 ait
801 1091 994 1131 magistrum
1050 1101 1186 1124 servare
1204 1096 1306 1133 atque
1323 1092 1459 1133 exequi.

298 1141 421 1173 habere
438 1142 570 1173 Davum
588 1143 619 1173 in
637 1142 813 1174 nectendis
837 1142 935 1183 dolis,
959 1147 994 1175 et

679 1426 882 1469 ACTUS
915 1426 1005 1468 III.
1066 1427 1271 1470 SCENA
1303 1430 1367 1471 II.

741 1540 932 1570 LESBIA.
965 1540 1098 1570 SlMO.
1132 1541 1312 1571 DAVUS.

300 1619 382 1660 LE.
412 1618 610 1669 Ammo,
633 1618 842 1669 Archilis,
865 1631 966 1672 quae
988 1619 1194 1668 assolent,
1217 1633 1405 1675 quaeque
1427 1625 1601 1675 oportet

300 1686 435 1739 Signa
457 1699 557 1727 esse
578 1686 632 1727 ad
656 1687 858 1737 salutem,
880 1686 1025 1727 omnia
1045 1687 1146 1728 huic
1168 1700 1264 1728 esse
1286 1688 1429 1729 video.

300 1753 432 1794 Nunc
452 1755 638 1807 primum
659 1754 742 1804 fao,
765 1755 916 1796 isthaec
939 1760 987 1796 ut
1004 1755 1144 1796 lavet:
1165 1759 1268 1809 post
1288 1756 1457 1806 deinde,

301 1820 434 1872 Quod
449 1822 566 1876 jussi
588 1822 629 1862 ei
652 1822 755 1862 dare
774 1823 942 1872 bibere,
964 1826 1008 1863 et
1031 1828 1244 1876 quantum
1265 1823 1496 1876 imperavi,

344 1933 403 1964 LE.
427 1933 548 1972 Adhuc,
565 1932 726 1972 Art-hillis,
739 1933 841 1964 omnia
855 1933 957 1972 signa,
979 1942 1045 1973 quoe
1067 1933 1175 1971 solent,
1196 1942 1320 1972 quoeque
1335 1935 1454 1972 oportet
1467 1932 1606 1964 indicare
1621 1933 1753 1964 salutem

298 1975 541 2006 decumbentium
556 1985 596 2006 ex
608 1980 714 2016 partu,
729 1976 802 2006 huic
821 1985 980 2016 puerperae
1003 1976 1107 2005 adesse
1128 1975 1228 2006 video.
1276 1975 1369 2006 Nunc
1390 1975 1525 2015 primum
1542 1975 1610 2014 fac,
1631 1979 1664 2006 ue
1688 1977 1752 2006 ista

298 2020 397 2049 lavet.-
422 2018 532 2050 deinde
545 2019 616 2050 date
636 2019 665 2050 εἰ
688 2018 803 2059 bibere,
826 2020 905 2059 quod
926 2017 1118 2059 praescripsi,
1141 2020 1172 2049 et
1197 2021 1343 2058 quantum
1364 2018 1534 2058 inperavi:
1556 2019 1664 2066 statim
1680 2021 1752 2060 post

907 2118 1141 2130 eeeeeeeeeeee

346 2189 362 2216 1
387 2186 473 2217 Sunt
489 2186 545 2226 qui
569 2186 721 2226 ἀρχαϊκῶς
736 2188 877 2225 oportent
903 2185 1034 2225 legunt.
1056 2185 1156 2216 lVest.
1206 2182 1297 2214 Alios
1324 2183 1440 2224 legere
1469 2187 1608 2224 oportent
1637 2188 1752 2216 monet

302 2229 411 2268 glossa
429 2229 461 2259 in
480 2229 604 2259 Ena-2
628 2228 700 2267 sig.
723 2229 762 2258 acl
778 2229 835 2258 sal.
853 2237 926 2258 esse.
972 2227 1016 2258 O.
1034 2227 1056 2258 l.
1070 2238 1096 2257 s.
1111 2232 1145 2258 et
1162 2227 1319 2257 Donatus
1336 2226 1405 2264 sig.
1433 2235 1496 2257 esse
1516 2227 1556 2257 ad
1579 2227 1637 2257 sal.
1649 2226 1753 2258 Faer-

300 2281 373 2302 nus.
412 2271 466 2302 lta
487 2276 522 2303 et
548 2271 656 2302 nostri
682 2280 808 2302 omnes.
828 2270 989 2301 Bent.——3
1025 2270 1160 2301 Laretur
1178 2269 1210 2300 in
1233 2269 1389 2309 quibusd.
1413 2269 1496 2300 libb.
1516 2269 1615 2301 Wesl.
1637 2270 1751 2302 Deleo

299 2317 346 2349 ut,
363 2317 400 2344 ut
415 2324 475 2354 pes
492 2313 638 2345 creticus
653 2319 829 2350 serveturz,
855 2319 926 2350 aut,
940 2313 967 2343 si
981 2313 1055 2354 quis
1072 2316 1105 2343 ut
1123 2313 1269 2343 retinere
1282 2312 1388 2350 malit,
1405 2312 1495 2351 legat
1515 2321 1590 2342 cum
1608 2313 1750 2343 veterri-

301 2366 355 2387 mo
372 2356 513 2395 cod.sac
528 2357 589 2387 ista
605 2359 649 2387 nt.
673 2356 776 2387 Bent.
823 2355 948 2386 Omnia
964 2355 1037 2385 haec
1063 2355 1180 2386 turbat
1207 2354 1292 2386 Gov.
1320 2359 1355 2384 et
1372 2355 1474 2392 facite
1499 2364 1559 2394 pro
1574 2354 1633 2394 fac
1655 2355 1751 2396 legit,

300 2400 401 2430 metri
419 2399 469 2430 sui
483 2399 602 2440 gratia.
654 2399 696 2430 Ut
712 2398 826 2430 delent
843 2398 934 2430 Perl.
961 2398 1124 2429 Bothe—4
1148 2397 1229 2436 Alii,
1251 2398 1341 2428 dari.-
1367 2395 1513 2428 fortasse
1537 2397 1750 2429 emendatius

301 2443 390 2473 date:
413 2442 507 2482 cujus
525 2441 685 2480 repetitio
702 2441 893 2482 emphatica
910 2445 973 2472 est.
1020 2440 1160 2479 Legitur
1177 2443 1291 2470 autem
1318 2440 1389 2470 date
1416 2439 1447 2469 in
1475 2439 1559 2470 Mss.
1581 2441 1750 2472 nonnullis

301 2490 335 2514 et
352 2484 404 2515 ed.
420 2485 507 2515 Ven.
526 2487 618 2516 1490.
660 2484 803 2516 Jnntina
818 2483 988 2524 posterius
1004 2484 1075 2514 date
1091 2492 1156 2513 non
1177 2482 1342 2523 agnoscit.
1372 2482 1474 2513 Wese.
1523 2482 1623 2514 Dare.
1663 2482 1751 2514 Rec-

302 2527 381 2567 tius,
405 2527 492 2568 quod
510 2528 544 2559 in
562 2527 628 2558 Ms-
641 2528 721 2557 dari.
747 2527 845 2558 Liud.
887 2527 1006 2559 Lectio
1022 2525 1103 2563 dari,
1127 2535 1226 2567 quam
1243 2525 1277 2555 in
1291 2525 1334 2556 V.
1359 2529 1394 2556 et
1412 2525 1604 2556 Decurtato
1621 2525 1750 2567 reperit

951 2616 1093 2649 NOTAE

346 2685 364 2713 3
391 2682 467 2720 Fac,
482 2680 589 2711 isthaec
603 2683 635 2711 ut
651 2679 747 2719 lavet]
787 2679 796 2696 ‘
812 2678 938 2710 Lavet’
957 2680 998 2710 de
1052 2679 1280 2733 Tgffulento:
1306 2678 1339 2713 in
1362 2677 1520 2719 Epidico,
1538 2677 1626 2709 Actu
1643 2686 1678 2710 v,
1694 2678 1750 2710 Sc.

304 2732 421 2762 balneo
435 2730 691 2770 intelligendum
712 2737 775 2760 est.
823 2729 997 2760 Lavabaut
1054 2732 1083 2760 l.
1120 2730 1164 2760 Et
1187 2727 1568 2760 ‘lavatrina'balueum
1592 2727 1752 2760 domesti-

304 2781 394 2821 lassi,
428 2789 569 2822 peregre
599 2780 786 2811 venientes,
823 2778 936 2810 Plaut.
963 2780 996 2810 in
1053 2790 1140 2811 cum.
