1903 3306
570 246 794 276 EUNucni
830 247 937 276 ACT.
964 247 1016 276 11.
1049 248 1115 277 se.
1141 249 1169 277 1.
1503 241 1587 281 417

535 411 737 453 ACTUS
772 412 836 453 II.
896 411 1101 453 SCENA
1135 413 1170 452 Ι.

593 545 847 576 PHAEDRlA.
900 547 1154 576 PARMENO.

140 618 229 660 PH.
279 620 396 671 FAC,
434 622 498 663 ita
536 627 584 663 ut
617 623 758 676 jussi3
812 623 1081 665 deducantur
1117 625 1206 665 isti.
1269 624 1354 665 ΡΛ.
1388 626 1585 667 Faciam.

310 688 399 729 PH.
431 689 488 729 A*
514 690 762 743 diligenter.

136 755 226 796 PA.
262 755 373 796 Fiet.
434 750 627 798 P14÷.·‘5At
656 762 842 799 mature.
907 759 993 799 ΡΑ.
1039 759 1151 800 Fiet.
1214 759 1302 799 PH.
1337 759 1471 801 Satin’
1505 761 1586 801 hoc

306 824 563 866 mandatum
585 824 642 867 'st
664 827 778 867 tibi?
838 827 926 868 PA.
958 827 1057 868 Ah!

136 890 371 943 Rogitare?
403 894 532 944 quasi
553 892 728 934 difficile
749 894 820 935 sit.

135 957 311 999 Utinam
334 965 424 1000 tam
444 960 614 1013 aliquid
635 961 829 1001 invenire
848 961 982 1002 facile
1005 963 1168 1015 possis,
1192 962 1415 1013 Phaedria,

137 1024 284 1076 Quam
306 1026 388 1067 hoc
409 1028 592 1080 peribit!
654 1029 746 1070 ΡΗ.
779 1029 873 1082 Ego
895 1042 1073 1082 quoque
1092 1043 1175 1070 una
1189 1044 1336 1083 pereo,
1351 1032 1470 1084 quod
1486 1033 1588 1073 mihi

304 1100 370 1135 est
391 1095 552 1135 carius.
1561 1102 1589 1141 5

137 1159 209 1201 Ne
242 1161 358 1201 istuc
392 1167 485 1202 tam
516 1163 670 1217 iniquo
706 1164 876 1217 patiare
896 1165 1058 1206 animo.
1123 1166 1211 1206 ΡΑ.
1246 1167 1452 1208 Minime:
1486 1168 1590 1220 quin

307 1228 508 1269 effectum
530 1230 661 1271 dabo.

135 1295 221 1336 Sed
245 1296 453 1350 numquid
476 1297 596 1337 aliud
616 1297 843 1351 imperas?

177 1442 247 1473 Pu.
272 1443 382 1473 Facito
397 1443 456 1483 ita,
472 1446 507 1473 ut
523 1444 684 1484 imperavi.
731 1445 848 1475 Ducite
861 1445 937 1476 istos
951 1446 1157 1486 (Eunuchum
1173 1450 1203 1477 et
1210 1446 1374 1483 foemimim
1390 1447 1566 1487 AEthiopem
1574 1449 1592 1484 )

132 1487 163 1514 et
189 1487 279 1516 trade
307 1486 432 1521 Thaidi,
458 1496 523 1516 men
548 1488 680 1518 nomine.
727 1488 792 1518 ΡΑ.
818 1489 957 1519 Faciam.
1015 1489 1084 1520 ΡΗ.
1121 1490 1165 1519 At
1185 1490 1365 1528 diligenter.
1414 1491 1478 1520 ΡΑ.
1506 1490 1591 1520 Fiet.

134 1527 205 1558 ΡΗ.
227 1528 274 1558 At
289 1528 362 1559 cito.
411 1529 474 1560 ΡΑ.
499 1529 584 1560 Fiet.
621 1530 693 1561 Pu.
718 1530 845 1561 Satisne
860 1532 914 1561 hoc
929 1532 987 1562 tibi
1007 1534 1184 1562 mandatum
1200 1530 1402 1563 memineris?
1448 1533 1514 1563 ΡΑ.
1540 1532 1593 1561 Ah

133 1579 222 1609 quam
238 1571 330 1601 toties
353 1571 548 1610 interrog-are
573 1573 729 1603 molestum
746 1577 790 1603 est
808 1585 818 1604 .-
848 1574 937 1613 quasi
951 1575 994 1604 sit
1020 1575 1158 1616 drfficile,
1182 1576 1214 1605 id
1242 1575 1364 1614 exequi,
1390 1577 1470 1615 quod
1487 1574 1590 1612 jubes.

138 1612 267 1643 Utinam
293 1617 358 1644 tam
375 1613 475 1650 facile
500 1614 574 1654 quid
597 1617 744 1655 reperias,
769 1626 861 1656 quam
887 1618 942 1647 hoc
967 1619 1086 1656 perdes.
1136 1619 1203 1648 PH.
1234 1618 1278 1648 Ut
1305 1619 1398 1649 etiam
1422 1617 1592 1658 patientius

126 1653 218 1691 ferus
231 1655 295 1686 lloec
308 1658 388 1687 dona
403 1657 481 1687 mihi
495 1657 609 1696 perire,
623 1659 701 1688 scito
715 1669 762 1689 me
777 1669 838 1689 ima
854 1670 969 1699 quoque
985 1670 1052 1689 cum
1067 1660 1116 1691 his
1132 1661 1191 1690 mei
1198 1660 1358 1698 jacturam
1370 1660 1491 1698 fucere,
1514 1661 1593 1700 quod

133 1697 184 1727 his
199 1698 288 1729 donis
303 1699 380 1729 mihi
392 1699 561 1739 pretiosius
576 1703 633 1732 est.
678 1701 744 1733 ΡΑ.
769 1702 906 1733 Minime
929 1703 1127 1743 impatienter
1145 1703 1218 1740 sero
1234 1703 1298 1733 hoec
1313 1706 1367 1734 tua
1383 1705 1529 1734 mandata
1538 1702 1592 1740 fa-

744 1810 979 1822 aeaeaeaeaeaeaeae

178 1896 193 1923 l
222 1892 286 1923 Fac
301 1893 360 1933 ita,
381 1896 415 1924 ut
432 1892 531 1932 jussi,
547 1894 615 1924 ded.
630 1893 686 1924 isti
709 1894 768 1925 ΒΓ.
784 1894 926 1935 Bip.—2
951 1895 1023 1926 Fiat
1042 1895 1091 1926 M.
1121 1895 1218 1925 tVest.
1256 1896 1329 1927 Fiat
1345 1897 1379 1929 J.
1404 1896 1492 1927 Peri.
1540 1896 1591 1927 Ah

131 1935 278 1966 collocat
294 1936 327 1965 in
346 1946 395 1967 vs.
408 1936 567 1976 sequenti
583 1936 656 1977 Bip.
690 1937 834 1968 Bothius
850 1938 921 1968 haec
933 1943 969 1968 et
979 1948 1073 1979 seqq.
1087 1939 1137 1968 sic
1153 1938 1252 1978 legit:

219 1979 286 2009 PA.
306 1978 380 2010 Ah!
394 1978 554 2017 rogitare!

223 2021 349 2051 Utinam
365 2024 428 2052 tam
444 2022 564 2061 aliquid
577 2021 716 2052 invenire
727 2021 828 2059 facile
840 2023 951 2062 possis,
973 2033 1062 2062 quam
1079 2023 1134 2053 hoc
1145 2023 1262 2062 peribit
1276 2023 1292 2055 !

220 2063 294 2094 ΡΗ.
317 2064 387 2102 Ego
403 2073 520 2103 quoque
536 2074 597 2094 mia
612 2074 714 2103 pereo,
737 2066 815 2104 quod
830 2066 872 2095 mi
887 2069 933 2096 est
949 2067 1062 2101 carius,
1086 2075 1123 2095 ne
1136 2066 1215 2096 istuc
1228 2070 1290 2096 tam
1306 2066 1410 2106 iniquo

219 2105 352 2136 Patiare
367 2107 478 2137 animo.
511 2106 577 2137 ΡΑ.
597 2107 750 2138 Minume.
776 2107 862 2142 Quin
876 2107 1019 2147 zff'ectum
1034 2108 1121 2139 dubo.
1145 2108 1208 2139 Sed
1220 2110 1366 2149 numquid
1378 2118 1425 2140 me
1440 2109 1548 2143 aliud?

218 2147 293 2179 ΡΗ.
317 2149 369 2180 M.
384 2158 415 2178 n.
430 2159 457 2179 o.
471 2149 586 2189 verbis,
600 2159 692 2190 quam
707 2153 791 2190 pote,
815 2154 844 2181 et
859 2151 954 2181 istum
967 2151 1074 2191 pellito
1089 2151 1127 2181 ab
1143 2161 1190 2183 ea.

219 2190 300 2222 PA.·
309 2191 456 2230 Memini,
470 2193 523 2230 ὅγε.

133 2233 190 2264 De
207 2233 327 2274 quibus
343 2239 461 2264 notat:
485 2235 493 2250 ‘
510 2233 610 2269 Quasi
623 2234 750 2275 difficile
762 2235 804 2265 sit
821 2245 884 2266 nec
901 2236 968 2266 Do.
983 2235 1105 2275 legisse
1120 2235 1270 2267 videtur.
1308 2237 1465 2268 AEmulum
1481 2246 1590 2278 neque.

132 2277 202 2308 Do.
227 2276 392 2316 agnoscit,
414 2286 476 2307 nec
502 2286 616 2307 versus
643 2279 722 2308 fert.
769 2278 928 2319 Denique
955 2279 1036 2308 illud
1061 2279 1125 2317 Ah,
1154 2279 1205 2308 vel
1236 2279 1348 2318 potins
1366 2280 1416 2310 Au
1430 2280 1524 2320 (nam
1541 2281 1591 2311 sic

133 2317 207 2349 fere
231 2319 366 2358 scripti,
388 2320 440 2349 vel
467 2319 555 2355 Hau,
583 2324 620 2351 nt
644 2319 740 2360 Hel.)
765 2326 876 2351 metro
903 2320 1093 2351 nocet.'—-3
1121 2322 1157 2351 Iu
1176 2320 1258 2352 edit.
1283 2322 1435 2363 Sandby.
1453 2328 1488 2353 et
1506 2323 1590 2354 Dae.

132 2370 267 2392 versum
280 2371 381 2392 unum
398 2362 607 2393 constituunt
623 2363 713 2393 haec:
737 2363 801 2399 Ah,
818 2363 977 2402 rogitare?
993 2365 1081 2403 quasi
1095 2364 1219 2405 difficile
1231 2364 1310 2395 siet:
1326 2365 1458 2396 utinam.
1482 2366 1589 2397 Zeun.

134 2403 301 2443 Rogitare‚
316 2405 406 2444 quasi
420 2405 478 2435 ΒΓ.
494 2405 662 2436 Bent.-6
677 2405 744 2436 Hic
762 2415 877 2436 versus
893 2406 1031 2446 Guyeto
1048 2417 1182 2446 spurius
1198 2412 1266 2445 θεῖς
1286 2407 1464 2439 immerito.
1492 2408 1592 2440 West.

134 2446 239 2477 Hunc
256 2455 387 2476 versum
404 2447 453 2477 ita
469 2448 663 2478 ordinamus
679 2459 686 2478 :
714 2449 764 2478 Ne
778 2449 861 2479 istnc
877 2452 940 2479 tam
956 2449 1060 2488 iniquo
1074 2449 1197 2489 patiare
1212 2450 1325 2481 animo.
1362 2451 1428 2482 ΡΑ.
1447 2451 1592 2491 ΙΠίηἰηιε,

132 2489 208 2528 quin
221 2488 365 2530 effectum
380 2489 468 2520 dabo.
514 2490 576 2521 Sed
591 2491 736 2530 numquid
755 2492 840 2522 uliud
862 2491 1024 2531 imperas?
1070 2492 1162 2522 Duos
1189 2502 1268 2523 vero
1296 2502 1423 2532 versus,
1450 2495 1507 2534 qui
1532 2494 1591 2524 hos

131 2537 334 2572 sequnntur,
358 2532 407 2562 ita
422 2531 617 2563 ordinamus
631 2543 639 2563 ς
664 2534 783 2564 Munus
800 2538 937 2565 nostrum
951 2538 1059 2564 ornato
1075 2535 1178 2565 verbis
1190 2537 1270 2574 quod
1288 2536 1430 2575 poteris,·
1452 2540 1482 2567 et
1498 2537 1592 2567 istum

133 2573 288 2612 (emulum,
305 2575 395 2609 Quod
417 2575 547 2614 poteris,
561 2574 599 2605 ab
614 2585 649 2606 ea
663 2576 782 2615 pellito.
808 2577 970 2607 Faernus.
1016 2578 1123 2608 Recte
1142 2579 1276 2618 quidem
1294 2588 1411 2609 versus
1426 2579 1485 2610 hos
1501 2579 1592 2610 ordi-

122 2617 227 2647 ·navit
244 2617 417 2655 Faernns;
441 2622 476 2648 et
503 2618 575 2648 sine
602 2618 706 2649 dubio
731 2628 773 2649 ex
801 2620 896 2650 libris
923 2620 1012 2651 suis:
1038 2620 1070 2650 in
1092 2631 1132 2651 eo
1151 2625 1281 2651 tantum
1298 2622 1479 2662 deceptus,
1501 2622 1590 2663 quod

132 2659 354 2691 Trochaicum
372 2664 609 2691 tetrametrum
630 2662 991 2701 hypercatalectieum,
1014 2663 1121 2703 qualis
1146 2673 1310 2704 nusquam
1338 2666 1490 2704 gentium
1514 2664 1591 2699 fnit,

133 2701 222 2733 hunc
240 2711 313 2733 esse
331 2704 486 2733 somniat.
535 2702 609 2733 Nec
625 2703 757 2734 felicius
775 2714 844 2735 rem
862 2706 951 2745 gerit
967 2706 1062 2743 alius,
1086 2706 1140 2745 qui
1158 2706 1353 2745 sublimidc,
1379 2712 1414 2738 ut
1433 2709 1493 2746 ait,
1517 2717 1590 2737 coi--

133 2745 319 2776 rectionem
337 2746 423 2776 hane
441 2744 554 2784 offert,
572 2746 671 2786 Men‚'
701 2757 761 2786 pro
789 2748 931 2779 Minime.
964 2749 1166 2779 Trochaicus
1191 2754 1255 2788 est,
1281 2756 1316 2780 ut
1340 2751 1431 2780 circa
1460 2760 1494 2779 se
1524 2752 1591 2786 alii,

135 2787 202 2818 levi
229 2787 366 2818 brachio
390 2788 630 2828 corrigendus:
659 2790 710 2820 Ne
737 2791 817 2821 istuc
843 2794 908 2820 tam
934 2791 1037 2833 iniquo
1061 2792 1183 2831 patiare
1198 2793 1311 2823 animo.
1357 2794 1501 2827 Minime,
1518 2794 1589 2832 quin

221 2841 334 2881 Delph.
347 2845 376 2871 et
395 2841 469 2872 Var.
485 2841 570 2872 Clus-
803 2843 927 2874 Terent.
1428 2850 1446 2876 2
1473 2846 1504 2876 l)
