1903 3306
695 250 1027 281 ARGUMENTA.
1499 239 1583 280 397

131 348 289 388 tenendi
320 347 546 399 spectatoris
576 358 699 383 causa
717 345 800 383 vult
819 344 942 382 Poe'ta
961 349 1094 381 noster
1113 354 1248 379 omnes
1268 343 1438 392 quinque
1460 343 1583 380 Actus

132 412 241 451 velut
259 424 378 450 unum
399 410 493 455 fieri,
522 421 571 447 ne
596 409 757 459 respiret
788 406 1105 458 quodammodo:
1136 412 1267 455 atque,
1301 404 1485 442 distincta
1516 406 1586 442 ali-

131 475 221 514 cubi
240 474 531 514 continuatione
553 471 846 509 succedentium
873 483 1012 514 rerum,
1041 475 1131 506 ante
1155 469 1281 505 aulaea
1302 468 1456 505 sublata
1476 468 1585 505 fasti-

129 538 261 576 diosus
283 544 479 589 spectator
500 542 699 584 exsurgat.
756 534 857 571 Acta
889 533 1005 584 plane
1041 540 1100 570 est
1136 531 1254 569 Ludis
1276 531 1584 581 Megalensibus,

132 603 175 640 L.
195 601 411 645 Postumio,
443 601 485 638 L.
509 598 692 636 Cornelio
714 597 906 634 AEdilibus
929 595 1166 633 Curulibus:
1197 596 1312 633 etiam
1336 602 1426 632 tunc
1454 608 1586 645 perso-

130 665 233 704 natis
262 666 305 703 L.
327 664 511 702 Numidio
543 662 760 705 Postumio,
794 661 836 698 L.
870 659 1047 697 Ambivio
1077 659 1301 710 Turpione:
1332 658 1423 695 item
1448 658 1586 695 modu-

129 731 234 768 lante
256 728 398 766 Flacco
417 726 582 764 Claudio
599 725 702 762 tibiis
725 724 863 762 dextra
890 730 929 761 et
959 723 1117 761 sinistra
1151 724 1200 760 ob
1228 722 1432 773 jocularia,
1463 722 1585 759 multa

129 792 319 844 permixta
338 791 540 842 gravitate.
595 789 646 826 Et
666 795 755 826 acta
774 794 835 825 est
862 794 971 825 tanto
1002 799 1189 824 successu
1221 798 1267 823 ac
1295 784 1435 835 plausu
1470 791 1585 835 atque

129 854 329 906 suffragio,
359 860 403 891 ut
435 865 568 891 rursus
600 858 705 890 esset
737 850 910 896 vendita,
940 856 979 888 et
1011 856 1191 900 ageretur
1210 849 1349 887 iterum
1371 861 1439 898 pro
1460 861 1584 886 nova:

129 931 276 969 proque
297 931 343 956 ea
367 917 547 969 pretium,
578 916 683 967 quod
705 915 801 952 nulli
822 921 911 952 ante
933 914 1055 965 ipsam
1079 913 1267 950 Fabulam
1287 912 1465 963 contigit,
1495 920 1585 950 octo

128 983 298 1021 millibus
319 981 537 1020 sestertium
570 985 818 1018 numerarent
847 978 995 1015 Poe‘tae.
1053 976 1288 1014 Proverbia¹
1325 976 1448 1013 multa
1479 989 1585 1026 saepe

128 1047 392 1097 pronuntiata,
421 1053 459 1084 et
489 1045 643 1083 cantica
675 1056 780 1094 saepe
800 1042 958 1079 mutatis
979 1040 1104 1078 modis
1124 1040 1294 1078 exhibita
1326 1045 1431 1078 sunt.
1486 1040 1586 1087 Προ-

128 1111 276 1148 τατικὸν
293 1111 488 1159 πρόσωπον
508 1120 701 1158 nusquam
721 1106 861 1143 habet:
893 1104 962 1142 sed
985 1104 1064 1142 suis
1086 1109 1236 1141 tantum
1256 1103 1433 1154 personis
1452 1104 1584 1141 utitur.

130 1175 176 1213 In
195 1174 268 1212 hac
287 1173 489 1212 Terentius
511 1171 681 1209 delectat
700 1169 850 1207 facetiis
869 1181 877 1205 :
907 1167 1070 1219 prodest
1097 1167 1283 1219 exemplis
1302 1180 1311 1205 :
1343 1173 1381 1205 et
1400 1168 1494 1205 vitia
1512 1167 1585 1206 ho-

127 1237 273 1276 minum
291 1236 411 1287 paulo
431 1235 665 1280 mordacius,
695 1245 812 1283 quam
832 1231 871 1268 in
891 1231 1030 1268 ceteris
1051 1231 1189 1281 carpit.
1245 1231 1435 1281 Exempla
1455 1238 1584 1268 autem

127 1313 276 1338 morum
295 1300 359 1337 hic
379 1300 452 1337 tria
470 1299 669 1349 praecipua
688 1302 970 1348 proponuntur,
991 1296 1128 1333 urbani
1145 1295 1308 1341 scilicet,
1329 1295 1501 1345 parasiti,
1521 1293 1586 1333 et²

125 1363 312 1402 militaris.
342 1363 442 1401 Haec
463 1363 568 1401 edita
587 1362 741 1400 tertium
761 1367 834 1407 est,
855 1367 895 1398 et
912 1360 1177 1412 pronuntiata,
1192 1359 1414 1397 TERENTH
1434 1359 1585 1396 EUNU-

129 1438 269 1465 cntrs:
299 1427 443 1478 quippe
467 1426 549 1477 jam
581 1426 715 1463 adulta
744 1422 1082 1463 commendatione
1112 1422 1259 1468 Poetae,
1292 1436 1338 1460 ac
1360 1423 1505 1460 meritis
1526 1423 1585 1459 in-

127 1491 231 1541 genii
264 1491 478 1529 notioribus
498 1491 654 1541 populo.
715 1490 837 1526 Facta
858 1494 987 1525 autem
1008 1500 1054 1525 ex
1073 1486 1225 1524 duabus
1247 1486 1395 1524 Graecis
1417 1499 1495 1524 una
1525 1493 1586 1524 est

127 1554 280 1592 Latina.
335 1554 437 1592 Nam
458 1567 505 1591 ex
525 1554 744 1591 EUNucno
766 1559 805 1590 et
832 1553 1022 1597 COLACE‚
1056 1550 1264 1588 Menandri
1297 1550 1469 1597 Fabulis,
1497 1550 1584 1588 haec

128 1617 374 1656 EUNUCHUS
395 1618 630 1655 Terentiana
650 1618 796 1668 scripta
816 1623 890 1662 est,
920 1629 999 1653 non
1032 1615 1116 1652 sine
1136 1615 1308 1660 crimine,
1338 1614 1442 1664 quod
1463 1614 1586 1652 multa

124 1682 163 1718 in
184 1681 286 1719 hanc
305 1682 496 1719 translata
515 1682 592 1719 sint
612 1694 658 1718 ex
678 1681 808 1718 multis
835 1679 967 1717 Poe'tis
1000 1679 1172 1717 Latinis:
1203 1678 1309 1729 quod
1343 1685 1483 1724 totum,
1515 1691 1583 1729 per

123 1744 335 1796 Prologum
356 1753 498 1798 purgat
518 1752 633 1795 atque
655 1744 843 1783 defendit.

341 1857 358 1886 1
385 1853 539 1895 Legend.
555 1853 706 1886 arbitror
720 1853 884 1885 Diverbia.
901 1852 1001 1884 Lind.
1075 1856 1095 1884 2
1124 1853 1166 1884 Et
1181 1853 1311 1885 omittit
1328 1852 1369 1885 Z.

278 2149 394 2180 AEml
432 2148 621 2179 DONATI
656 2146 1013 2178 ARGUMENTUM
1048 2146 1100 2175 ΙΝ
1139 2145 1440 2176 EUNUCHUM·

125 2247 257 2279 RAPTA
273 2247 429 2288 quaedam
445 2257 489 2279 ex
506 2247 625 2278 Attica
648 2246 742 2286 virgo
759 2245 896 2284 nobilis,
919 2250 1022 2285 atque
1045 2243 1214 2275 abducta¹
1241 2248 1294 2274 est
1319 2243 1497 2282 Rhodum;
1522 2243 1582 2275 ibi-

167 2311 233 2342 que
249 2301 351 2332 matri
365 2301 504 2331 Thaidis
520 2300 711 2331 meretricis
729 2300 770 2330 ab
787 2299 897 2329 amico
914 2299 1003 2329 dono
1022 2297 1102 2328 data
1119 2302 1182 2338 est,
1205 2302 1240 2329 et
1264 2297 1411 2328 educata
1428 2297 1521 2328 velut
1537 2307 1587 2327 so-

167 2363 236 2392 ror,
251 2363 318 2384 una
333 2363 410 2385 cum
425 2353 495 2384 filia
512 2353 657 2384 Thaide.
700 2352 767 2383 Sed
785 2352 898 2391 Thais,
912 2352 1036 2382 relicta
1056 2356 1178 2390 matre,
1195 2350 1314 2381 Rhodo
1331 2360 1406 2381 cnm
1435 2353 1583 2381 amatore

165 2407 309 2447 quodam
326 2406 480 2438 Athenas
497 2417 532 2437 se
548 2406 716 2437 contulit:
742 2406 784 2436 ab
802 2415 908 2446 eoque
926 2405 1032 2435 haeres
1050 2405 1209 2435 instituta
1224 2409 1371 2443 mortuo,
1395 2412 1472 2434 mox
1489 2413 1506 2433 a
1525 2404 1584 2433 mi-

165 2461 226 2491 lite
251 2460 424 2491 Thrasone
454 2460 661 2500 diligebatur
690 2460 800 2490 nimis.
857 2459 926 2491 Qui
953 2468 1029 2489 cum
1058 2457 1202 2490 Athenis
1234 2455 1413 2498 profectus
1440 2462 1585 2487 matrem

165 2513 302 2544 Thaidis
314 2519 482 2544 mortuam
503 2513 610 2544 Rhodi
629 2512 865 2553 comperisset,
891 2516 924 2542 et
949 2521 1024 2542 eam
1050 2511 1227 2551 virginem,
1242 2520 1340 2551 quam
1359 2509 1517 2549 diximus,
1540 2510 1582 2540 ab

163 2566 356 2598 haeredihus
374 2571 515 2597 mortuae
534 2566 830 2596 animadvertisset
847 2574 968 2595 venum
984 2574 1057 2595 esse
1076 2564 1305 2605 propositam3
1322 2563 1474 2605 quamvis
1491 2564 1582 2603 igna-

165 2629 222 2650 rus
238 2629 350 2650 rerum
379 2619 539 2655 omnium,
565 2619 647 2650 emit
672 2624 801 2656 tamen,
826 2622 861 2649 et
888 2618 977 2648 dono
1004 2623 1124 2649 amatae
1151 2617 1270 2649 Thaidi
1293 2618 1387 2649 vexit
1414 2616 1582 2648 Athenas.

165 2674 306 2710 Verum,
333 2679 513 2715 postquam
540 2673 725 2704 adveniens
752 2672 892 2703 rivalem
920 2672 1115 2704 Phaedriam
1149 2672 1240 2713 apud
1273 2673 1415 2704 amicam
1443 2673 1581 2713 reperit,

693 2783 708 2812 1
736 2779 880 2811 Adducta
894 2779 1004 2813 West·
