1903 3306
342 252 426 294 132
831 257 957 288 mvn
991 256 1297 288 CAs‘rroArlo.

343 358 462 395 micos
483 370 500 394 s
521 355 669 394 literam
689 359 968 392 consonantem
987 351 1092 388 baud
1112 363 1225 388 secus
1245 349 1385 388 elidere
1406 348 1556 396 solitos,
1588 362 1634 388 ac
1670 351 1702 388 si
1720 364 1788 390 vo-

343 420 438 458 calis
459 426 575 463 esset,
605 418 719 468 idque
751 414 1087 465 frequentissime:
1118 413 1220 463 quod
1241 420 1279 451 et
1299 410 1466 450 Ennium
1486 413 1523 451 in
1544 413 1722 460 heroicis,
1749 421 1789 452 et

342 482 625 521 vetustissimos
638 491 814 530 quosque
834 478 958 515 facere
979 476 1296 522 consuevisse,ut
1308 482 1347 514 et
1358 474 1561 525 Virgilium
1581 476 1789 523 interdum,

344 546 449 584 docti
470 549 726 586 annotarunt;
757 542 863 580 velut
882 541 919 578 in
941 540 1103 585 Andria,
1128 544 1137 560 ‘
1155 538 1283 577 Herus
1303 553 1362 578 me
1381 539 1523 577 relictis
1541 541 1657 578 rebus
1671 540 1792 591 jussit

343 608 588 660 Pamphilum
603 606 625 645 ε’
649 606 711 644 hic
732 606 853 656 prima
871 604 1028 655 regione
1050 610 1273 654 anapaestus
1294 610 1367 649 est,
1388 616 1406 642 s
1424 604 1531 641 eliso.
1590 604 1636 641 In
1656 603 1789 641 Eunu-

343 673 439 710 cho:
470 670 705 721 ‘Jugularas
735 668 952 706 hominem:
983 665 1077 716 quid
1096 665 1192 703 ille?
1247 667 1326 704 ΤΗ.
1356 667 1492 705 Mutus
1526 667 1656 705 illico!
1713 667 1789 705 Hic

343 735 380 772 in
401 735 516 772 verbo
545 730 797 783 ‘jugularas’
831 743 848 767 s
877 729 1056 767 eliditur:
1089 735 1132 766 ut
1166 728 1216 767 sit
1246 729 1419 767 seeundo
1444 730 1530 768 loco
1551 738 1789 781 anapaestus,

342 798 454 836 tertio
472 797 635 834 iambus.
682 794 767 831 Nisi
787 793 873 844 quis
894 792 1019 830 dicere
1040 792 1140 829 ausit
1160 805 1372 842 pronomen
1393 798 1403 814 ‘
1421 793 1511 840 ille}
1533 793 1638 832 velut
1658 795 1789 832 ablato

342 862 464 899 altero
483 861 508 906 l,
529 858 680 909 corripi,
700 870 805 895 more
825 856 1116 906 imitationeque
1137 855 1377 903 Graecorum,
1403 856 1510 907 quod
1529 860 1590 908 (ut
1608 870 1681 908 ego
1702 870 1790 895 sen-

342 926 412 973 tio)
440 924 556 975 paulo
585 923 701 960 fuerit
728 921 914 959 coactius.
970 920 1156 963 Quamvis
1191 920 1294 972 apud
1329 920 1448 959 hosce
1476 921 1598 959 fateor
1630 921 1790 960 alteram

342 999 621 1038 nonnunquam
643 985 691 1023 de
711 984 916 1035 geminatis
932 984 1238 1022 consonantibus
1259 985 1297 1021 in
1315 997 1427 1022 versu
1445 983 1527 1021 tolli
1548 986 1638 1023 κατὰ
1652 989 1789 1033 παρέλ-

343 1055 484 1102 λειψιν,
514 1064 591 1102 quo
624 1049 774 1100 syllaba
807 1049 935 1099 positu
964 1047 1081 1098 longa
1101 1047 1238 1098 corripi
1259 1054 1389 1098 queat.
1447 1048 1498 1085 Et
1518 1047 1645 1085 solent
1665 1047 1791 1085 Latini

343 1120 380 1155 in
402 1115 532 1154 multis
552 1117 611 1163 (ut
630 1113 835 1164 diligenter
854 1111 1052 1149 annotavit
1074 1110 1313 1159 Priscianus)
1339 1110 1487 1149 initium
1510 1111 1668 1162 aliquod
1689 1111 1792 1150 acci·

344 1181 493 1232 pientes
514 1191 536 1216 a
556 1177 721 1221 Graecis,
756 1176 803 1213 ab
835 1182 1003 1226 angusto
1023 1175 1061 1212 in
1082 1174 1248 1212 effusum
1267 1174 1434 1212 licentiae
1455 1175 1622 1226 spatium
1639 1175 1713 1213 hoc
1735 1175 1792 1213 di-

342 1245 477 1282 latare.
524 1242 601 1281 Sed
618 1242 691 1279 hoc
714 1254 795 1279 suae
816 1240 1004 1291 cujusque
1024 1239 1258 1290 conjecturae
1277 1239 1465 1289 relinquo.
1513 1239 1614 1276 Illud
1633 1239 1792 1290 quidem

345 1321 422 1346 non
444 1314 504 1346 est
531 1313 575 1344 ut
603 1305 763 1343 inficiari
793 1317 943 1355 queam,
978 1302 1099 1341 videri
1119 1302 1311 1340 interdum
1333 1301 1344 1339 l
1365 1301 1456 1340 elidi
1478 1301 1582 1352 apud
1602 1302 1792 1340 comicum

345 1377 534 1416 nostrum,
563 1369 716 1420 quoties
748 1367 862 1405 adest
894 1379 1106 1418 pronomen
1135 1371 1144 1388 ‘
1162 1366 1225 1404 ille
1242 1366 1266 1404 :’
1293 1373 1337 1403 ut
1365 1365 1405 1402 in
1440 1366 1654 1404 Eunucho:
1685 1366 1796 1404 ‘Ma-

344 1434 516 1472 nendum
536 1440 596 1472 est
616 1432 689 1469 soli
709 1431 791 1469 sine
811 1429 906 1467 illa?
935 1429 1028 1480 quid
1049 1436 1132 1467 tum
1151 1435 1288 1480 postea
1304 1428 1332 1466 2‘
1385 1430 1428 1466 In
1452 1429 1650 1468 Heauton.
1679 1433 1690 1450 ‘
1709 1429 1792 1466 Nec

343 1498 412 1535 tibi
442 1496 507 1534 ille
539 1504 598 1533 est
627 1494 783 1532 credere
805 1506 939 1537 ausus,
968 1505 1056 1542 quae
1077 1499 1137 1529 est
1156 1505 1310 1542 aequom
1330 1492 1457 1543 patri.'
1510 1493 1553 1529 In
1576 1492 1792 1543 Adelphis:

345 1566 354 1582 ‘
373 1560 477 1605 Quid
511 1560 544 1597 is
578 1558 695 1596 fecit?
752 1558 830 1594 DE.
861 1555 965 1600 Quid
986 1555 1051 1593 ille
1071 1555 1234 1594 fecerit?
1263 1569 1377 1607 quem
1399 1569 1523 1606 neque
1543 1555 1691 1606 pudet.'
1747 1557 1793 1594 In

347 1626 528 1676 Hecyra:
559 1628 568 1644 ‘
588 1623 676 1659 Non
697 1621 766 1660 tibi
785 1620 881 1658 illud
903 1621 1049 1658 factum
1068 1620 1195 1657 minus
1214 1619 1344 1670 placet
1373 1632 1489 1670 quam
1511 1619 1617 1665 mihi,
1640 1619 1795 1657 Lache!

347 1690 389 1726 In
412 1686 671 1725 Phormione:
702 1684 798 1722 ‘Ille
829 1684 895 1735 qui
926 1683 1033 1720 illam
1067 1683 1223 1720 amabat
1254 1683 1465 1728 fidicinam,
1499 1682 1796 1729 tantumm0d0,'

345 1755 418 1790 διο.
464 1751 563 1788 Sunt
582 1749 621 1786 id
643 1761 766 1800 genus
788 1754 972 1785 sexcenta
992 1747 1095 1798 apud
1115 1747 1351 1785 Terentium.
1400 1746 1536 1785 Fuisse
1555 1755 1684 1784 autem
1704 1759 1794 1784 curn

345 1828 424 1853 non
455 1814 714 1865 geminaretur
747 1812 760 1849 l
790 1812 829 1849 in
861 1811 936 1848 hoc
965 1810 1205 1860 pronomine,
1238 1809 1371 1848 videor
1403 1823 1451 1847 ex
1485 1811 1575 1849 Sex.
1607 1809 1794 1861 Pompeio

346 1876 650 1929 deprehendisse
671 1876 768 1914 libro
790 1889 820 1913 1.
850 1874 1110 1923 Παρελλείψει
1131 1875 1324 1913 contraria
1343 1875 1469 1924 figura
1489 1881 1550 1912 est
1569 1873 1796 1913 διπλασιασ-

345 1944 424 1993 μὸς,
454 1954 532 1992 qua
561 1941 647 1991 ipsa.
679 1939 899 1990 frequenter
927 1938 1051 1975 Poeta
1081 1938 1202 1976 utitur
1221 1937 1271 1975 ad
1291 1937 1583 1989 producendam
1605 1938 1795 1989 syllabam

346 2004 490 2055 alioqui
509 2005 663 2042 brevem
681 2016 690 2040 t
719 2009 763 2040 ut
782 2002 820 2039 in
841 2000 1031 2051 Adelphis
1051 2005 1061 2022 ‘
1074 2001 1298 2052 relliquum'
1319 2013 1403 2052 pro,
1423 2000 1626 2050 reliquum,
1647 2007 1687 2038 et
1705 1999 1795 2038 alibi

346 2073 355 2088 ‘
374 2067 530 2113 rettuli‚'
558 2071 567 2088 ‘
584 2066 760 2118 repperi,'
781 2073 898 2116 atque
918 2064 957 2102 id
978 2078 1100 2116 genus
1120 2065 1208 2102 alia.
1266 2064 1344 2102 Sed
1365 2076 1588 2115 pergamus.
1646 2064 1680 2099 V
1698 2076 1796 2114 quo..

348 2143 422 2181 que
455 2137 737 2168 consonantem
768 2128 915 2166 Comici
947 2127 1108 2178 perinde
1138 2141 1183 2165 ac
1217 2127 1391 2166 vocalem
1419 2126 1458 2164 in
1478 2126 1607 2164 media
1624 2126 1795 2166 dictione

347 2194 524 2231 elidunt:
554 2193 659 2244 quod
676 2192 780 2243 apud
799 2192 1019 2230 Terentium
1040 2192 1079 2228 in
1099 2191 1330 2230 dictionibus
1359 2195 1369 2212 ‘
1386 2190 1553 2228 invidia'
1581 2197 1622 2228 et
1649 2195 1658 2211 ‘
1675 2191 1797 2228 enim-

348 2257 461 2295 vero’
487 2257 568 2294 fieri
600 2257 803 2295 videmus:
833 2255 937 2306 apud
966 2268 1082 2306 quern
1114 2255 1242 2306 ipsum
1271 2260 1280 2276 ‘
1299 2254 1436 2306 cujus,'
1462 2253 1630 2305 ‘hujus‚'
1659 2258 1669 2275 ‘
1687 2254 1798 2305 ejus,'

349 2321 570 2372 similesque
589 2319 792 2371 particulae
814 2319 1094 2370 monosyllabae
1115 2319 1193 2357 fere
1215 2325 1329 2357 suut:
1349 2318 1455 2370 quod
1474 2319 1529 2356 ita
1548 2317 1704 2356 demum
1721 2319 1798 2355 fre-

349 2398 473 2436 quens
488 2374 491 2377 ¹
507 2392 579 2430 est,
608 2392 652 2422 ut
670 2397 748 2422 non
768 2391 899 2435 putem
922 2383 970 2421 de
991 2396 1036 2422 eo
1057 2382 1296 2434 subjicienda
1315 2382 1504 2432 exempla.
1562 2380 1665 2419 Illud
1697 2394 1797 2431 prae-

350 2456 454 2486 terea
475 2460 739 2498 saepenumero
759 2461 832 2485 usu
850 2446 968 2493 venit,
997 2454 1040 2484 ut
1064 2446 1187 2497 prima
1214 2458 1347 2483 versus
1369 2443 1580 2494 sequentis,
1600 2445 1666 2494 qui
1687 2457 1709 2482 a
1732 2457 1798 2482 vo-

351 2510 424 2549 cali
444 2510 617 2560 incipiat,
650 2511 698 2548 ab
719 2509 855 2548 ultima
874 2509 1078 2560 superioris
1099 2509 1375 2550 absorbeatur;
1406 2506 1512 2544 velut
1529 2506 1568 2544 in
1587 2507 1681 2545 illo:
1710 2512 1720 2529 ‘
1739 2508 1798 2545 Ex

353 2573 502 2611 Graecis
522 2573 634 2610 bonis
657 2574 813 2610 Latinas
844 2573 935 2610 fecit
966 2586 1044 2610 non
1077 2573 1199 2610 bonas
1217 2573 1240 2610 ε’
1267 2571 1333 2610 ubi
1361 2577 1370 2592 ‘
1386 2570 1468 2608 Ex’
1496 2571 1724 2608 absorbetur
1749 2572 1797 2609 ab

352 2636 514 2674 adverso
544 2641 552 2656 ‘
571 2635 697 2681 male,’
726 2649 804 2686 quo
826 2649 955 2674 versus
975 2636 1202 2688 praecedens
1222 2635 1430 2673 clauditur.
1488 2633 1537 2670 Et
1562 2634 1600 2670 in
1628 2633 1797 2685 Prologo

353 2701 517 2750 Hecyrae
535 2712 543 2735 :
575 2703 583 2719 ‘
604 2699 687 2749 Ego
707 2699 854 2737 interea
872 2712 998 2736 meum
1018 2712 1095 2736 non
1116 2699 1222 2748 potui
1243 2697 1356 2735 tutari
1378 2696 1534 2734 locum.'
1591 2696 1699 2734 Prior
1719 2697 1798 2748 syl-

354 2763 444 2800 laba
475 2763 513 2799 in
540 2763 764 2814 pronomine
794 2767 802 2783 ‘
822 2762 905 2812 Ego
923 2761 932 2776 '
961 2763 1128 2811 pertinet
1149 2761 1197 2798 ad
1217 2773 1369 2799 versum
1391 2759 1638 2810 superiorem.
1694 2761 1799 2798 Con-
