1903 3306
561 229 624 261 DE
656 230 856 262 coMrc1s
889 231 1144 263 vnnslssus.
1495 224 1578 267 183

289 322 460 361 Similem
479 335 558 361 rem
577 322 659 373 ipse
678 322 717 360 in
737 323 864 374 legem
877 323 997 374 jussit
1016 337 1102 362 esse
1121 323 1272 376 Jupiter
1290 339 1299 364 ε

126 388 206 426 Aut
224 387 436 438 corripitur,
469 399 582 425 esse:
613 393 680 424 aut
699 392 759 425 est
778 389 853 425 κατ’
873 388 1176 439 ἑπισυναλοιφὴν,
1210 389 1388 436 similem,
1422 390 1575 431 δισσύλ-

124 456 174 490 λα
206 469 261 491 ον.

175 452 206 501 β
284 515 337 551 Ut
354 513 636 564 conquisitores
656 514 791 552 fierent
813 514 1065 552 histrionibus
1082 528 1091 553 :

125 580 401 625 Histrionibus‚
419 581 511 616 κατὰ
527 579 736 624 συνίέησιν.
793 578 878 615 Nisi
899 579 1076 616 maluerit
1095 578 1247 629 aliquis,
1267 589 1573 631 conquaestores.

281 643 371 688 Qui,
392 655 440 679 ne
459 654 536 692 quo
556 640 727 690 placeret
747 640 856 687 alter,
877 641 1039 679 fecisset
1059 643 1183 680 minus
1205 656 1213 680 ε

123 707 200 751 Qui
232 719 281 745 ne
312 718 390 757 quo
423 703 649 756 spondaeus,
683 704 996 754 pronuntiatione
1031 705 1200 743 mediam
1231 706 1419 758 syllabam
1439 710 1571 748 absor-

119 771 250 810 bente.

280 832 357 876 Qui
378 845 466 871 cum
485 832 764 883 Amphitryone
785 832 904 871 abivit
924 831 1014 870 hinc
1034 833 1071 869 in
1093 833 1302 872 exercitum
1320 847 1328 871 :

120 897 171 934 Et
189 909 279 934 mox
294 910 304 935 ε

279 959 394 998 Nunc
418 959 535 998 hodie
558 960 785 1012 Amphitryo
804 959 933 998 veniet
952 959 1027 998 huc
1047 961 1094 997 ab
1115 960 1299 999 exercitu.

118 1024 221 1062 Hinc
239 1023 277 1061 in
298 1037 382 1070 exe,
413 1031 452 1062 et
470 1023 546 1061 huc
567 1025 615 1062 ab
635 1037 716 1071 exe,
738 1024 915 1075 spondaei
937 1032 1028 1061 sunt
1047 1024 1129 1075 pari
1149 1026 1298 1064 ratione
1318 1027 1563 1074 concisionis,

115 1088 154 1125 in
174 1087 361 1126 brevitate
381 1087 531 1139 syllaba
550 1089 661 1138 quasi
680 1094 933 1126 evanescente
949 1101 959 1126 t

222 1152 266 1188 In
286 1151 563 1189 tabernaculo:
593 1150 632 1188 id
652 1151 809 1201 quidem
829 1151 945 1189 hodie
966 1166 1166 1203 nunquam
1186 1153 1329 1205 poterit
1349 1153 1489 1193 dicere.

114 1214 450 1265 Simplicissimum
470 1220 542 1260 est,
563 1220 606 1251 ut
625 1214 791 1264 legatur,
812 1215 1046 1254 tabernaclo.

270 1277 373 1321 Quid
392 1278 431 1315 in
451 1278 674 1316 tabernaclo
692 1278 848 1316 fecisti?
876 1279 999 1316 victus
1020 1292 1117 1324 sum,
1139 1279 1170 1316 si
1193 1279 1346 1318 dixeris.

115 1341 219 1386 Quid
235 1342 273 1380 in
293 1348 346 1387 ta,
366 1342 574 1380 trochaeus.
629 1342 715 1388 Vel,
736 1349 779 1379 ut
798 1344 1030 1391 notavimus,
1053 1343 1158 1386 Quid
1179 1343 1233 1389 in,
1254 1347 1346 1383 κατὰ
1363 1343 1559 1395 διαίρεσιν,

111 1412 350 1456 anapaestus‚
370 1411 409 1442 et
426 1406 598 1451 taberna,
618 1405 844 1456 spondaeus.

270 1468 438 1506 Ridiculi
457 1482 591 1514 causa,
610 1469 672 1506 vel
691 1469 795 1507 hunc
814 1476 950 1521 rogato
971 1471 1145 1509 Sosiam:

115 1531 215 1569 Nam
234 1531 335 1569 hanc
354 1544 484 1569 veram
504 1531 710 1570 lectionem
740 1539 835 1584 puto
852 1546 861 1571 ε
892 1534 965 1580 vel,
998 1534 1116 1581 hunc,
1147 1535 1441 1586 μονοσυλλάβως
1472 1550 1560 1588 pro-

109 1595 379 1634 nuntiandum.

269 1659 387 1706 Quin,
409 1659 440 1697 si
460 1666 501 1698 tu
522 1659 644 1706 voles,
667 1659 771 1698 domi
793 1661 892 1699 servi
908 1661 974 1712 qui
994 1668 1085 1700 sunt
1103 1663 1283 1700 castrabo
1302 1662 1404 1701 viros
1422 1677 1431 1701 :

109 1722 214 1769 Dmi,
232 1722 524 1774 μονοσνλλάβως
542 1725 619 1761 κατ’
637 1725 942 1776 ἑπισυναλοιφὴν.

266 1786 500 1824 Portitorum
522 1786 726 1824 simillimae
747 1795 838 1826 sunt
855 1787 989 1838 januae
1009 1789 1171 1827 lenoniae
1189 1803 1197 1827 :

107 1849 200 1896 Aut,
237 1849 441 1896 Portitum‚
473 1852 564 1888 κατὰ
595 1854 797 1898 συγκοπὴν,
828 1859 895 1889 aut
925 1851 1130 1891 simillimae
1159 1858 1235 1893 κατ’
1266 1857 1556 1907 ἐπισυναλοιφὴν

104 1913 450 1964 pronuntiandum.

265 1978 339 2024 Da,
372 1990 480 2015 meus
501 1978 670 2022 ocellus;
701 1978 765 2025 da,
786 1992 873 2017 mea
892 1992 1006 2023 rosa:
1038 1980 1102 2027 da,
1132 1981 1183 2019 mi
1204 1982 1351 2026 anime;
1386 1983 1448 2030 da,
1467 1996 1553 2020 mea

312 2042 492 2093 voluptas
513 2056 522 2081 :

102 2105 182 2143 Aut
198 2106 267 2153 sic,
287 2106 363 2153 Da,
384 2119 469 2143 mus
488 2106 586 2144 ocel.
643 2106 723 2144 Aut
743 2108 811 2153 sic,
834 2107 909 2153 Da,
927 2120 990 2144 ma
1018 2120 1120 2154 rosa,
1140 2114 1180 2146 et
1207 2121 1295 2147 mea
1315 2109 1507 2160 voluptas,
1528 2122 1550 2146 o

100 2171 207 2208 brevi
226 2170 424 2222 absorpto,
443 2169 704 2218 ὃισσυλλάβως
720 2183 730 2208 :
760 2170 835 2216 vel,
854 2183 917 2207 ma
937 2171 1130 2222 voluptas.

261 2234 424 2273 Lenonis
444 2235 507 2272 hae
528 2240 620 2271 sunt
638 2233 759 2280 aedes,
779 2234 878 2271 male
894 2234 979 2272 istis
1000 2236 1152 2274 eveniat
1169 2248 1178 2273 ε

100 2297 449 2344 Pronuntiandum,
471 2304 622 2344 evenat,
643 2300 717 2335 κατ’
737 2298 905 2346 ἔκθλιψιν
924 2297 1045 2335 literae
1065 2299 1089 2336 i.

260 2361 426 2399 Credam
445 2361 572 2412 pudor
592 2362 623 2399 si
645 2362 810 2412 cuipiam
831 2362 961 2399 lenoni
978 2362 1075 2400 siet:

99 2425 434 2464 pronuntiandum
468 2425 634 2476 cuipiam
657 2425 917 2473 δισσυλλάβως
937 2428 1028 2463 κατὰ
1049 2429 1262 2474 συναίρεσιν
1279 2432 1318 2464 et
1338 2428 1546 2473 nuntientur.

256 2489 435 2527 Voltisne
450 2489 571 2527 olivas
589 2495 656 2526 aut
675 2502 724 2539 pu
745 2495 980 2540 pameutum‚
1002 2496 1069 2526 aut
1086 2489 1312 2539 capparim?

98 2552 232 2591 Olivas
252 2552 525 2600 δισσυλλέιβωε,
545 2559 587 2590 ut
607 2553 839 2599 notavimus,
859 2559 899 2590 et
916 2560 959 2591 ut
979 2553 1017 2590 in
1037 2566 1150 2591 versu
1173 2553 1308 2591 Lucilii
1335 2557 1346 2575 ‘
1360 2553 1547 2592 maluisti’

95 2615 365 2666 τρισυλλάβως,
386 2616 424 2653 in
456 2616 639 2666 prooemio
661 2616 769 2666 primi
788 2615 872 2653 libri
900 2616 948 2654 de
984 2616 1165 2655 Finibus:
1195 2617 1256 2655 vel
1287 2618 1430 2668 potius,
1451 2617 1546 2655 Vol-

95 2679 187 2726 tine,
214 2680 352 2718 extrita
384 2679 496 2718 litera
529 2694 560 2718 s.
617 2680 713 2724 Quis
748 2686 876 2718 autem
897 2681 969 2719 scit
1006 2688 1093 2719 utra
1122 2681 1251 2732 potius
1280 2681 1543 2732 pronuntiatio

96 2743 216 2782 actori
236 2743 432 2783 arriserit?

96 2835 167 2852 -..ss.
175 2844 201 2852 „a
