1903 3306
542 236 766 271 Eunocffl
792 236 901 266 Aer.
923 236 994 267 111.
1027 237 1094 267 so.
1117 239 1148 267 1.
1490 230 1573 269 447

128 325 357 380 Numquid
379 326 460 367 tibi
483 325 609 367 dixi?
669 325 763 368 GN.
795 325 1061 380 Nunquam:
1094 325 1172 368 sed
1204 339 1342 377 narra,
1372 328 1573 370 obsecro.

129 392 242 433 Plus
260 392 419 433 millies
439 393 601 433 audivi.
660 393 751 433 TH.
784 392 886 434 Una
906 393 951 433 in
976 394 1179 434 convivio

128 459 232 506 Erat
251 460 337 509 hic,
358 472 491 513 quem
510 459 626 509 dico,
646 459 853 501 Rhodius
876 461 1250 502 adolescentulus.

130 526 263 568 Forte
281 526 416 567 habui
437 531 658 567 scortum:
689 527 828 580 coepit
850 528 906 568 ad
926 528 971 568 id
994 527 1207 577 alludere,

128 592 188 633 Et
213 605 283 632 me
302 592 491 633 irridere.
550 591 673 643 Quid
696 593 808 644 agis,
827 594 1022 647 inquam,
1044 594 1174 635 homo
1196 594 1461 648 impudens?
1521 594 1578 635 35

129 659 276 713 Lepus
296 663 385 700 tute
406 672 471 709 es,
492 662 535 700 et
557 660 893 713 pulpamentum
914 662 1111 714 quaeris‘l
1173 660 1266 703 GN.
1299 661 1390 710 Ha,
1411 660 1482 709 ha,
1500 661 1579 701 he!

129 724 219 764 ΤΗ.
251 723 372 774 Quid
392 725 489 766 est'?
551 725 644 766 GN.
677 726 859 776 Facete,
880 727 1048 781 lapide,
1070 728 1212 769 laute:
1245 727 1356 768 nihil
1374 741 1521 781 supra.

129 790 344 842 Tuumne,
367 791 553 833 obsecro
573 795 631 842 te,
650 792 733 833 hoc
754 792 917 834 dictum
937 795 1061 836 erat?
1087 798 1212 837 vetus
1231 795 1409 836 credidi.

129 911 277 944 narravi?
320 911 391 943 GN.
417 912 600 953 Nunquam:
622 914 675 945 sed
690 914 782 952 refer,
797 925 909 954 quoeso.
956 916 1035 946 Plus
1050 916 1159 946 millies
1175 915 1245 954 jam
1260 915 1375 946 audivi.
1420 915 1447 945 Τ
1450 923 1487 945 H.
1504 915 1584 955 Hic,

129 963 217 995 quem
230 953 309 992 dico,
324 954 465 986 Rhodius
485 965 545 986 una
559 956 696 996 capiebat
715 957 815 987 cibum
829 957 862 988 iu
877 957 1025 989 convivio.
1072 959 1164 989 Forte
1179 959 1383 998 adjunxeram
1397 958 1473 988 mihi
1489 967 1582 988 mere-

130 997 256 1027 tricem:
278 997 367 1036 coepit
382 997 433 1027 ille
450 997 590 1029 Rhodius
606 1000 845 1030 adolescentulus
869 1000 898 1031 ei
918 1001 1056 1031 alludens
1079 1000 1212 1032 blandiri
1234 1005 1265 1032 et
1286 1011 1333 1031 me
1348 1000 1427 1031 risui
1449 1000 1558 1030 habere
1572 1010 1583 1031 ε

133 1039 217 1074 Quid
229 1039 289 1078 ais,
304 1039 440 1078 inquam,
453 1040 539 1070 homo
561 1040 743 1081 impudens?
768 1043 828 1080 Tu,
849 1052 917 1073 cum
941 1043 1005 1083 ipse
1022 1044 1130 1083 praecla
1154 1044 1208 1082 sis,
1231 1047 1261 1074 et
1285 1043 1368 1074 cibus
1396 1042 1582 1081 exquisitus,

129 1082 264 1112 alienum
276 1085 379 1112 tamen
392 1081 492 1113 cibum
511 1084 638 1115 sectaris
649 1094 661 1120 ;
688 1087 719 1114 et
737 1084 771 1114 in
797 1086 892 1115 altero
906 1085 1029 1125 quoeris,
1044 1087 1123 1125 quod
1137 1086 1216 1117 alius
1230 1085 1263 1116 in
1278 1089 1308 1116 te
1333 1089 1461 1125 quoernt.
1508 1084 1581 1115 GN.

131 1123 199 1163 Ha,
213 1124 264 1161 ha,
276 1124 323 1155 he.
368 1125 435 1155 ΤΗ.
462 1124 546 1160 Quid
558 1126 615 1156 tibi
630 1126 771 1157 videtur?
816 1126 885 1158 GN.
915 1127 1051 1165 Urbane,
1063 1131 1201 1164 venuste,
1214 1129 1388 1168 magnifice,
1398 1128 1478 1158 uilu’l
1488 1136 1581 1166 supra

130 1169 185 1197 est.
233 1166 317 1198 Tune
331 1166 420 1205 hujus
432 1168 539 1207 adagio·
554 1168 784 1207 auctorsuz'sti?
810 1169 905 1201 Vetus
921 1180 984 1201 esse
1005 1171 1131 1201 wedidi.
1176 1172 1245 1202 ΤΗ.
1269 1171 1321 1202 Au
1332 1170 1419 1211 prius
1434 1169 1466 1200 id
1481 1169 1585 1200 audie-

726 1258 966 1270 oum-‘Nm

130 1321 191 1353 sed
218 1325 253 1352 et
280 1320 394 1353 editis.
424 1323 524 1354 West.
569 1323 667 1356 Bem.
694 1330 728 1354 et
755 1335 871 1356 omnes
898 1325 955 1356 alii
982 1325 1125 1367 antiqui,
1151 1326 1336 1365 Nunquam
1361 1324 1450 1365 quod
1479 1324 1585 1364 magis

132 1365 266 1396 videtur
287 1364 468 1404 quadrare.
493 1365 552 1396 Fa.
598 1366 690 1399 Quin
721 1372 756 1398 et
783 1367 890 1399 nostri
918 1377 1046 1408 omnes,
1080 1368 1187 1399 tribus
1216 1366 1384 1407 exceptis,
1409 1368 1586 1407 Nunquam.

132 1407 236 1438 Bent.
284 1406 448 1448 Nunquam
464 1408 614 1447 postulat
631 1419 840 1450 responsum.
866 1410 943 1452 Bip.
989 1410 1045 1441 Sic
1062 1411 1122 1442 Br.
1139 1411 1241 1441 Beut.
1259 1411 1298 1441 Z.
1326 1410 1426 1441 Both.
1452 1410 1589 1441 Peri.—

132 1452 173 1481 32
195 1449 272 1480 Jam
285 1450 357 1480 aud.
382 1449 424 1481 G.
442 1451 512 1482 ΕΤ.
529 1451 609 1483 ΕΜ.
636 1452 730 1484 West.
777 1452 853 1484 Nec
871 1453 903 1483 iu
932 1453 1029 1484 Bem.
1051 1463 1115 1484 nec
1141 1454 1173 1483 in
1199 1454 1268 1483 Do.
1294 1456 1347 1482 est
1362 1451 1450 1490 jam.-
1473 1453 1588 1493 itaque

133 1501 206 1523 eam
233 1491 433 1523 delevimus.
457 1493 515 1525 Fa.
560 1492 667 1534 Atqui
695 1496 798 1525 nostri
823 1505 937 1526 omnes
963 1505 1039 1526 cum
1070 1495 1156 1526 Edd.
1184 1500 1268 1527 vett.
1294 1499 1481 1534 agnoscunt
1498 1495 1589 1532 jum:

133 1533 222 1575 quod
238 1543 300 1566 cur
316 1534 413 1565 unius
429 1535 588 1567 Bembini
605 1546 708 1567 causa
724 1537 895 1577 ejiciatur,
917 1538 1028 1568 nullus
1044 1537 1154 1569 video.
1179 1538 1276 1568 Beut.
1321 1538 1395 1567 Jam
1421 1536 1534 1568 Guelf.
1559 1539 1590 1568 2.

133 1577 263 1607 Miliens
278 1576 332 1608 ed.
351 1577 432 1608 Par.
457 1578 543 1610 Perz.
588 1580 663 1610 Jam
677 1579 778 1610 habet
794 1580 941 1612 Bia—34
964 1582 1016 1611 Ad
1041 1580 1073 1611 id
1099 1581 1202 1611 ludere
1229 1581 1294 1611 Ms.
1322 1580 1415 1620 Lips.
1443 1580 1487 1611 G.
1514 1579 1589 1611 ΕΡ.

133 1620 203 1651 ΕΤ.
221 1619 303 1651 EM.
331 1619 432 1651 West.
478 1620 612 1658 Ludere,
636 1631 700 1652 nou
727 1624 862 1654 alludere
889 1622 1004 1654 Guelf.
1032 1625 1063 1654 2.
1087 1624 1174 1654 Perl.
1220 1622 1276 1652 Sic
1304 1622 1448 1653 Biz—35
1475 1623 1529 1653 Me
1544 1623 1590 1652 ir-

131 1662 234 1694 ridere
250 1666 377 1702 praeter
393 1662 537 1694 Codices
552 1664 749 1695 Priscianus
773 1665 864 1701 clare
888 1665 1042 1705 agnoscit
1064 1676 1097 1705 p.
1116 1668 1211 1696 1187.
1229 1669 1264 1696 et
1281 1667 1376 1695 1201.
1422 1665 1485 1695 Do.
1509 1674 1590 1705 quo-

134 1713 201 1744 que
217 1703 525 1745 iuriderelegebat:
550 1706 559 1723 ⁴
575 1706 686 1746 Vide:
707 1707 828 1748 inquit,
850 1709 858 1724 ‘
878 1707 1162 1748 quemadmodum
1179 1707 1287 1744 miles,
1310 1706 1388 1737 dum
1415 1708 1523 1738 multa
1547 1706 1591 1737 ad

133 1746 265 1777 dictum
281 1756 374 1777 suum
390 1748 566 1787 pervenire
583 1747 744 1785 fateatur,
770 1749 904 1781 interim
923 1760 1020 1790 quam
1036 1754 1229 1781 contemtus
1246 1750 1291 1780 sit
1307 1754 1408 1789 atque
1436 1749 1593 1780 derisus.'

135 1788 205 1819 Ubi
230 1789 427 1828 legendum,
449 1791 520 1820 dum
545 1792 611 1822 vult
637 1793 676 1822 ad
701 1792 817 1823 dictum
845 1802 933 1823 suum
959 1794 1133 1832 pervenire,
1146 1792 1290 1831 fateatur
1315 1791 1453 1824 iuterim.
1498 1793 1591 1823 Pace

134 1835 249 1862 tamen
264 1832 455 1872 utriusque,
477 1832 554 1863 dico
571 1843 590 1863 a
604 1843 702 1864 manu
716 1834 868 1866 Terentii
884 1834 1002 1874 fuisse,
1027 1836 1069 1865 Et
1086 1845 1132 1865 me
1148 1835 1288 1865 irritare.
1314 1834 1416 1865 Bent.
1456 1835 1592 1865 Iri-itare

135 1873 238 1904 Bent.
255 1874 404 1912 eleganti
419 1874 617 1914 conjectura
634 1876 728 1916 legit.
752 1877 792 1908 R.
809 1877 854 1908 D.
899 1877 1002 1908 Bent.
1020 1876 1155 1918 refingit
1171 1876 1320 1908 irritare.-
1341 1876 1401 1907 sed
1425 1881 1460 1906 et
1476 1882 1593 1908 cetera

136 1915 253 1946 turbat
277 1916 437 1948 licentius
464 1926 525 1956 pro
549 1927 655 1958 more,
678 1928 780 1959 quam
803 1929 877 1960 quae
905 1919 1009 1960 digna
1030 1919 1097 1950 sint
1123 1919 1255 1950 referri.
1289 1919 1365 1958 Rip.
1412 1919 1496 1954 Quid
1522 1919 1593 1958 agis

135 1958 287 1998 expressi
302 1968 344 1989 ex
362 1959 561 1999 quibusdam
576 1961 660 1992 Mss.
678 1967 712 1992 et
728 1961 913 2002 impressis.
959 1962 1139 2000 Vulgatum
1156 1961 1241 1997 Quid
1256 1962 1303 1992 ais
1319 1962 1469 2000 languet.
1495 1962 1592 1992 West.

138 2000 222 2035 Quid
237 1999 285 2032 ais
300 2010 413 2032 omnes
430 2002 557 2043 antiqui
574 2003 652 2034 libri
667 2014 674 2034 ε
701 2004 760 2034 sed
778 2005 987 2035 recentiores
1006 2004 1090 2039 Quid
1104 2004 1192 2042 agis.-
1216 2003 1304 2045 quod
1332 2012 1395 2034 non
1419 2004 1591 2043 displicet.

134 2042 224 2073 Saue
241 2043 337 2074 Rem.
357 2053 419 2084 pro
445 2044 545 2083 homo,
569 2045 697 2085 homini,
721 2046 756 2076 in
786 2050 948 2077 contextu
974 2047 1086 2077 habet.
1112 2047 1172 2077 Fa.
1221 2047 1375 2086 Repone,
1400 2046 1484 2081 Quid
1510 2045 1593 2086 agis,

135 2084 253 2116 homini
267 2085 405 2125 inquam,
425 2085 599 2126 inpudens?
641 2089 722 2118 Tres
749 2098 792 2119 ex
820 2089 966 2124 Nostris,
992 2089 1075 2124 Quid
1098 2089 1193 2128 agis?
1237 2089 1347 2119 Recte
1364 2093 1476 2119 autem
1493 2088 1591 2120 Bem.

135 2127 253 2159 homini
266 2127 410 2168 iuquam:
436 2138 502 2169 quo
519 2133 554 2160 et
570 2130 676 2160 nostri
692 2134 862 2170 spectant,
885 2132 941 2171 qui
958 2140 1023 2162 uno
1040 2136 1185 2171 excepto
1211 2140 1327 2161 omnes
1352 2130 1478 2162 habent
1504 2131 1593 2162 homo

135 2169 273 2210 inquam,
296 2179 362 2201 non
377 2171 504 2211 iuquam
517 2171 614 2204 homo.
638 2173 740 2203 Bent.
785 2173 845 2204 Ais
862 2173 922 2204 Br.
939 2173 1067 2205 Z.—36
1092 2173 1252 2213 Qum-m]
1296 2172 1371 2204 Nisi
1395 2183 1470 2204 cum
1487 2173 1594 2204 inter·

137 2211 326 2252 rogationis
355 2218 436 2244 nota
464 2214 684 2254 exprimatur,
715 2215 822 2245 minus
858 2214 1026 2255 ἐμφατικὸν
1052 2215 1128 2247 erit.
1173 2215 1393 2255 Suadentque
1423 2215 1456 2246 id
1488 2216 1594 2246 verba

136 2255 289 2294 proxime
303 2256 552 2295 praecedentia,
565 2257 597 2287 in
612 2257 731 2297 quibus
746 2257 862 2288 itidem
876 2258 1102 2298 interrogatio
1113 2261 1176 2289 est.
1198 2258 1297 2290 West.
1329 2258 1480 2298 Repone,
1492 2258 1594 2298 Lepus

135 2299 264 2329 tutees:
286 2300 317 2328 et
342 2299 531 2337 pulmentum
546 2300 662 2338 quaeris
672 2297 688 2330 ί)
729 2300 786 2330 Ηα
800 2300 840 2330 Ιια
853 2300 912 2330 Ιια».
946 2301 1082 2331 Poteris
1096 2301 1196 2331 etiam
1208 2301 1271 2331 hoc
1285 2300 1396 2337 modo,
1409 2300 1512 2339 Lepus
1527 2304 1594 2331 tute

137 2348 185 2370 es:
207 2342 238 2371 et
249 2340 412 2380 palpamen
425 2341 562 2381 quoeris?
606 2341 661 2372 Ha
676 2342 714 2372 ha
730 2343 799 2374 hae:
823 2343 889 2382 vel,
913 2343 1015 2382 Lepus
1026 2346 1105 2380 tute,
1118 2344 1349 2382 pulpamentum
1361 2343 1497 2382 quoeris?
1536 2342 1593 2373 Ha

137 2381 177 2412 ha
195 2381 253 2413 hae.
298 2383 519 2423 Quocumque
544 2383 643 2415 modo
666 2384 865 2421 constituas,
889 2386 1025 2416 omnino
1048 2386 1165 2416 melius
1189 2391 1253 2423 est,
1275 2390 1312 2415 ut
1329 2385 1592 2425 perinterroga-

138 2423 263 2455 tionem
281 2423 487 2465 proferatur.
506 2425 600 2457 Bene.
631 2427 715 2457 Post
729 2426 738 2444 ⁴
752 2427 875 2466 quaeris
888 2427 897 2441 '
912 2437 978 2458 non
995 2428 1208 2467 interrogant
1220 2428 1278 2458 Br.
1290 2427 1329 2458 Z.
1341 2427 1421 2467 Bip.
1453 2428 1516 2458 11ae
1533 2437 1592 2467 pro

137 2465 175 2497 he
190 2466 268 2507 Rip.
320 2468 362 2498 Es
375 2471 405 2499 et
422 2467 512 2499 delet
531 2468 720 2500 Rom—38
747 2469 845 2500 Tuum
860 2469 980 2501 obsecro
995 2480 1033 2501 ue
1049 2470 1104 2501 Iwc
1120 2470 1240 2501 dictum
1254 2473 1318 2501 erat
1332 2473 1344 2500 2
1388 2470 1433 2501 Ο.
1460 2470 1482 2500 1.
1507 2479 1532 2502 s.
1557 2474 1592 2501 et

795 2554 822 2586 N
832 2553 939 2586 OTAE

181 2617 224 2646 36
244 2615 346 2656 Lepus
361 2619 427 2647 tute
449 2626 492 2654 es,
514 2617 583 2657 ἐξα]
607 2617 617 2635 ‘
633 2617 837 2657 Pulpameu-
892 2618 1029 2659 leporis,
1079 2618 1189 2659 Hujus
1214 2628 1294 2650 vero
1319 2618 1496 2650 Proverbii
1519 2618 1593 2650 haee

139 2664 228 2695 tum’
263 2665 434 2706 significat
460 2676 580 2698 carnes
607 2666 836 2706 delicatiores,
892 2672 944 2699 est
960 2670 1152 2700 sententia:
1178 2670 1230 2700 Tu
1247 2679 1283 2700 es
1301 2669 1334 2700 id
1357 2669 1445 2710 quod
1469 2670 1592 2710 qu‘aeris

139 2720 174 2744 et
190 2714 333 2749 lautiora,
348 2715 498 2747 obsonia.
545 2716 659 2756 Pulpa
681 2720 735 2748 est
758 2727 837 2757 pars
891 2718 926 2749 in
942 2722 1076 2757 scorto;
1093 2719 1183 2760 quod
1198 2719 1232 2750 in
1250 2725 1283 2751 te
1299 2719 1491 2759 habes,hoc
1504 2728 1595 2760 quae-

139 2772 281 2796 carnosa
295 2764 328 2796 in
341 2774 486 2806 corpore
500 2766 665 2807 animalis,
677 2770 715 2798 ut
731 2767 835 2799 lumbi
892 2767 937 2798 ris
954 2769 987 2799 iu
1000 2769 1121 2800 altero.
