1903 3306
263 211 349 255 496
762 221 801 250 P.
834 218 1073 250 TEREN'ru
1104 218 1223 249 Arni

264 318 360 359 GN.
392 316 504 358 Illuc
525 318 593 357 est
611 314 794 369 sapere!
824 318 876 355 ut
907 314 1045 363 hosce
1077 311 1302 364 instruxit,
1334 312 1462 368 ipsus
1490 313 1577 356 sibi
1597 315 1719 357 cavit

435 384 550 425 1000.

263 455 389 495 Tun.
423 452 551 494 Idem
587 451 671 492 hoc
697 450 794 505 jam
828 450 1019 505 Pyrrhus
1046 447 1286 491 factitavit.
1346 447 1435 490 CH.
1464 449 1624 491 Viden'
1654 454 1719 501 tu,

435 519 587 568 Thais,
610 531 742 572 quam
763 519 835 558 hic
858 530 949 559 rem
971 517 1089 570 agit?

265 588 485 630 Nimirum
507 585 745 628 consilium
762 585 873 626 illud
889 589 1056 625 rectum
1076 588 1148 624 est
1163 583 1217 624 de
1233 582 1519 626 occludendis
1535 584 1719 627 aedibus.

264 657 391 698 THA.
434 654 566 704 Sane,
599 653 720 706 quod
751 653 829 693 tibi
859 665 978 694 nunc
1011 651 1077 693 vir
1106 651 1306 693 videatur
1329 665 1427 694 esse
1447 653 1533 704 hic,
1556 652 1719 695 nebulo

436 732 622 773 magnus
653 725 737 761 est.
1379 734 1384 737 ’
1666 718 1742 761 15

265 790 340 833 Ne
360 792 546 830 metuas.
608 786 695 828 CH.
729 786 849 838 Quid
866 787 1074 829 videtur?
1133 785 1260 828 THA.
1294 787 1492 829 Fundam
1509 788 1589 830 tibi
1605 800 1721 828 nunc

437 856 569 897 nimis
590 856 750 897 vellem
771 855 880 906 dari,

265 927 328 968 Ut
347 929 393 967 tu
413 923 516 965 illos
538 923 690 977 procul
710 923 811 964 hinc
827 936 885 963 ex
907 921 1086 963 occulto
1107 920 1327 963 caederes:
1349 921 1546 963 facerent
1556 920 1721 975 fugam.

264 995 391 1036 THR.
423 991 516 1032 Sed
534 1003 684 1032 eccam
703 989 921 1031 Thaidem
944 990 1088 1042 ipsam
1109 988 1256 1031 video.
1318 989 1412 1032 GN.
1445 988 1593 1040 Quam
1614 1002 1723 1031 mox

435 1058 639 1100 irruimus
658 1058 676 1099 ‘l
738 1057 813 1098 ΤΗ
823 1069 866 1099 [z.
902 1056 1054 1098 Mane.

263 1180 384 1211 dentem
398 1190 474 1211 esse.
521 1179 623 1215 Quam
644 1183 727 1211 recte
752 1179 869 1210 milites
894 1177 1069 1219 disposuit!
1102 1188 1193 1218 quam
1215 1179 1377 1220 prospexit
1399 1177 1460 1209 sibi
1483 1180 1549 1208 tuto
1575 1177 1610 1209 in
1638 1173 1726 1207 loco!

264 1224 359 1255 THR.
386 1224 455 1254 Hoc
469 1223 551 1254 idem
566 1222 712 1263 Pyrrhus
727 1222 911 1261 observavit,
927 1223 1006 1252 hunc
1023 1221 1161 1252 ordinem
1174 1222 1284 1252 tenuit.
1323 1222 1391 1253 CH.
1416 1221 1600 1257 Videsnetu,
1618 1219 1728 1256 Thais,

264 1266 339 1306 quid
353 1269 430 1305 agot
447 1266 573 1304 Thraso,
584 1268 618 1296 ‘ut
635 1275 688 1295 nos
702 1264 882 1305 oppugnet?
907 1266 998 1295 Certe
1023 1266 1160 1304 prudens
1174 1265 1333 1295 consilium
1349 1267 1406 1300 est,
1431 1273 1486 1295 nos
1505 1264 1589 1294 intra
1605 1264 1725 1294 domum

262 1310 409 1349 recipere,
427 1309 553 1346 etsores
567 1309 733 1339 occludere.
779 1309 852 1339 ΤΗ,
879 1307 961 1338 Sane
982 1308 1032 1338 hic
1048 1317 1145 1338 varrus
1164 1312 1302 1346 nugator
1318 1310 1380 1338 est:
1403 1316 1459 1337 nec
1484 1309 1530 1338 est
1550 1316 1642 1337 causa
1669 1314 1724 1336 cur

261 1352 321 1382 tibi
333 1352 434 1390 fortis
450 1352 622 1392 Imperator
639 1361 717 1382 nunc
733 1361 796 1381 esse
816 1350 974 1382 videatur.
1019 1351 1114 1382 THR.
1143 1350 1229 1386 Quid
1251 1359 1354 1380 censes
1363 1349 1559 1388 faciendum,
1578 1348 1726 1381 Gnatho?

265 1394 336 1425 GN.
363 1395 393 1426 F
394 1395 506 1426 undam
521 1404 601 1425 nunc
617 1395 723 1425 vellem
737 1394 794 1424 tibi
809 1393 842 1425 in
859 1403 966 1424 manus
981 1393 1062 1430 dari,
1077 1396 1112 1424 ut
1127 1396 1161 1424 tu
1176 1393 1245 1423 illos
1261 1393 1395 1423 obsessos
1401 1392 1521 1431 ferires
1536 1391 1726 1423 clandestino

263 1441 294 1468 et
308 1439 440 1470 latenter
451 1448 463 1475 ;
483 1437 642 1476 infugam
655 1446 687 1468 se
702 1438 824 1468 clarent.
869 1437 963 1468 THR.
988 1436 1050 1467 Sed
1065 1446 1130 1467 ecce
1145 1435 1293 1467 Thaidem
1307 1435 1405 1477 ipsam
1418 1435 1515 1466 video.
1546 1435 1616 1467 GN.
1642 1433 1726 1470 Quin

876 1520 1118 1534 detentet-ee&

266 1589 342 1611 cum
372 1579 451 1610 Pet.
475 1578 572 1609 Bent.
617 1577 724 1609 Delet
753 1577 857 1608 Both.
888 1576 1014 1608 Instrue
1042 1577 1112 1608 hic.-
1143 1586 1200 1615 ego
1221 1585 1293 1606 vero
1322 1578 1390 1616 post
1412 1576 1558 1608 Br.—12
1583 1575 1627 1607 G.
1650 1574 1674 1606 i.
1698 1585 1726 1606 s.

265 1633 292 1653 c.
317 1624 439 1659 locu1n;
474 1626 509 1652 et
535 1630 640 1661 supra
670 1620 835 1661 scriptum
861 1622 969 1650 cautus
994 1620 1099 1658 elegit.
1124 1620 1230 1650 West.
1279 1619 1350 1659 Ipse
1377 1619 1435 1650 Br.
1464 1618 1566 1650 Both.
1612 1617 1729 1650 Locum

266 1664 383 1698 Guelf.
407 1667 523 1696 1.-13
549 1664 636 1695 Idem
665 1663 769 1703 hocce]
808 1664 904 1694 Rem.
934 1663 1015 1694 Bas.
1045 1672 1084 1694 ac
1114 1662 1179 1692 Do.
1206 1662 1294 1693 Idem
1324 1662 1378 1694 hoc
1397 1661 1490 1699 jom;
1525 1661 1580 1692 alii
1610 1660 1728 1702 scripti

264 1709 330 1739 alia
360 1708 497 1749 quidem
523 1707 761 1742 collocatione,
786 1715 902 1736 omnes
930 1710 1041 1736 tamen
1066 1705 1134 1745 jam
1161 1705 1297 1736 liabent.
1321 1705 1382 1736 Fa.
1429 1704 1502 1735 Hoc
1523 1703 1593 1742 jam
1622 1704 1728 1735 etiam

266 1752 386 1783 nostri.
418 1751 479 1781 Vir
497 1750 618 1781 doctus
636 1750 732 1780 malit
747 1749 835 1779 Idem
851 1749 905 1780 hoc
921 1749 1014 1780 etiam
1031 1748 1197 1789 Pyrrhus.-
1223 1752 1360 1788 poterat
1376 1747 1515 1778 meliore
1531 1755 1684 1785 numero,
1698 1750 1729 1778 et

265 1795 421 1835 Pyrrhus.
475 1794 638 1824 Ceterum
674 1794 836 1823 omittunt
864 1792 943 1822 hinc
973 1791 1127 1832 plerique
1157 1791 1278 1831 scripti
1306 1799 1428 1820 nomen
1454 1789 1658 1828 Thrasonis;
1691 1793 1729 1820 ut

266 1843 376 1868 totum
393 1837 455 1867 hoc
472 1836 662 1867 Gnathonis
681 1837 744 1874 sit;
771 1835 826 1875 qui
845 1835 947 1865 mirus
965 1832 1101 1873 artifex,
1125 1834 1235 1874 palam
1260 1834 1339 1863 haec'
1361 1831 1563 1873 eloquendo,
1588 1836 1625 1862 et
1652 1832 1728 1862 irri-

267 1881 347 1911 deat
364 1880 461 1910 simul
478 1883 514 1910 et
530 1879 698 1910 aduletur.
742 1877 805 1909 Sed
823 1878 921 1908 aliter
941 1879 1098 1908 Donatus
1124 1875 1166 1906 ad
1184 1885 1217 1907 v.
1233 1878 1265 1908 8.
1282 1878 1314 1906 3.
1338 1875 1436 1906 Bent.
1481 1875 1626 1905 Temere
1640 1875 1728 1906 Dac-

266 1923 339 1955 vt'lt
365 1922 433 1963 legi
455 1922 600 1960 factitat.
626 1922 735 1953 Zeun.
782 1921 944 1961 Plerique
974 1920 1058 1950 Mss.
1087 1919 1251 1950 omittunt
1277 1927 1399 1948 nomen
1423 1917 1616 1949 Tin-asonis.
1660 1917 1729 1948 Sed

267 1967 475 1997 conveniunt
500 1965 587 1996 bene
612 1965 645 1995 in
668 1963 849 2004 magnifice
880 1963 1046 2003 ineptum.
1072 1962 1148 2001 Βὶμ.
1194 1961 1276 1992 Item
1304 1961 1342 1991 P.
1369 1961 1424 1991 hoc
1442 1959 1511 1998 jam
1538 1959 1730 1991 Boin-15

267 2010 354 2041 Sunt
369 2009 458 2047 libri,
481 2008 514 2038 in
533 2008 654 2049 quibus
673 2012 737 2047 est,
761 2006 853 2043 Sane,
876 2007 928 2046 qui
944 2006 1001 2036 tibi
1017 2014 1098 2036 nunc
1113 2005 1163 2035 vir
1177 2005 1302 2035 videtur
1317 2009 1393 2043 esse,
1415 2003 1466 2033 hic
1481 2002 1587 2035 nebulo
1597 2012 1730 2042 magnus

267 2056 323 2083 est.
370 2052 466 2083 Idem
491 2051 565 2092 jam
592 2051 667 2082 Riv.
697 2049 903 2081 observavit.
929 2049 1029 2081 West.
1078 2048 1219 2088 Repone
1246 2057 1287 2078 ex
1310 2050 1396 2077 vett.
1420 2045 1508 2077 Edd.
1536 2051 1570 2077 et
1593 2045 1730 2077 Donato

268 2096 370 2126 etiam
388 2094 492 2133 msto,
518 2099 553 2125 et
579 2104 639 2125 sex
662 2094 787 2123 nostris
811 2092 997 2131 codicibus,
1021 2090 1105 2122 Sane
1119 2090 1173 2131 qui
1195 2089 1255 2121 tibi
1276 2099 1356 2121 nunc
1380 2089 1430 2119 vir
1450 2089 1575 2120 videtur
1595 2098 1670 2129 esse,
1683 2089 1732 2120 hic

268 2138 373 2169 nebulo
390 2147 519 2176 maguus
534 2140 591 2168 est.
640 2137 708 2167 Hic
734 2136 844 2166 onmia
870 2136 962 2166 clara
987 2139 1064 2165 sunt
1091 2137 1127 2164 et
1154 2133 1354 2173 perspicua:
1386 2131 1493 2163 lectio
1509 2132 1618 2163 altera
1635 2137 1750 2162 tene-‚

270 2181 349 2211 bras
374 2180 502 2211 frustra
529 2179 686 2211 offundit.
713 2179 806 2209 Bent.
852 2178 954 2218 Vulg.
980 2178 1060 2208 lect.
1089 2176 1236 2208 obscura
1261 2180 1298 2206 et
1324 2175 1463 2215 inepta;
1493 2174 1553 2205 sed
1579 2174 1671 2206 clara
1695 2179 1732 2205 et

268 2224 453 2265 perspicua
470 2232 570 2263 quarn
588 2233 606 2254 e
625 2223 709 2253 Mss.
726 2221 904 2252 revocavit
919 2222 1017 2251 Bent.
1043 2220 1084 2250 R.
1107 2220 1148 2250 D.
1194 2219 1297 2250 Bent.
1315 2221 1505 2259 sequuntur
1527 2217 1609 2258 Bip.
1626 2217 1728 2248 Both.

270 2272 306 2298 et
322 2267 414 2298 Perl.
432 2267 490 2308 qui
506 2271 620 2296 monet
645 2265 765 2296 videtur
781 2264 840 2295 tibi
867 2273 941 2294 esse
968 2263 1000 2294 in
1018 2261 1133 2294 Guelf.
1150 2264 1181 2293 2.
1226 2262 1315 2301 Esse,
1337 2261 1387 2292 hic
1403 2260 1512 2292 nebulo
1528 2260 1656 2292 Z.—16
1679 2260 1731 2291 Ne

269 2320 311 2341 m.
344 2310 439 2341 THR.
465 2310 505 2345 Q.
523 2309 665 2340 videtur?
710 2307 780 2339 GN.
806 2307 961 2346 Fundam,
982 2308 1035 2346 35⁶⁶·
1061 2306 1120 2336 Br.
1137 2310 1174 2336 et
1200 2309 1326 2335 nostrae
1354 2313 1470 2335 omne-s
1486 2303 1574 2335 Edd.
1591 2307 1731 2343 praeter-

269 2362 369 2393 quam
385 2353 628 2391 Westerhovii,
654 2351 822 2392 quinotat
840 2350 955 2388 verba,
973 2347 1173 2388 ‘Fundam‚'
1198 2349 1262 2379 &c.
1292 2346 1395 2388 etiam
1427 2345 1554 2377 Donati
1581 2349 1685 2376 aetate
1713 2355 1733 2377 a

269 2395 438 2426 nonnullis
455 2395 586 2426 credita
602 2404 673 2424 esse
689 2393 825 2423 Thaidis
849 2392 891 2423 ad
909 2392 1136 2427 Chremetem,
1160 2394 1195 2421 et
1217 2399 1309 2420 suam
1336 2388 1487 2420 vindicat
1512 2389 1594 2420 lect.
1641 2388 1733 2420 Nunc

271 2438 331 2469 tibi
344 2438 482 2477 fuvzdam
499 2438 685 2470 Both-17
715 2437 758 2467 Ut
773 2437 841 2467 illos
856 2436 916 2467 Tr.
945 2435 1048 2466 iVest.
1097 2434 1140 2465 Ut
1162 2443 1247 2474 proc.
1274 2433 1346 2464 hinc
1358 2442 1398 2464 ex
1409 2432 1526 2464 occulto
1542 2431 1733 2463 Bothe-18

929 2510 1071 2543 NOTAE

316 2581 356 2609 13
381 2576 713 2619 Pyrrhusfactitavit]
737 2577 781 2608 Se
795 2580 870 2616 post
886 2576 977 2616 prin-
1033 2578 1086 2605 tra
1109 2573 1229 2605 metari
1258 2572 1386 2613 primus
1413 2569 1582 2609 docuerit,
1606 2569 1640 2600 id
1669 2573 1733 2607 est,

274 2629 363 2670 cipia
393 2628 517 2669 posuit.
565 2627 732 2667 Pyrrhus,
761 2627 978 2667 Epirotarum
1032 2623 1229 2656 describere
1240 2623 1426 2661 etlocare;
1448 2629 1589 2661 comper:
1613 2618 1734 2650 adhoc

276 2680 363 2710 Rex.
382 2678 515 2718 Pyrrho
532 2678 702 2709 Hannibal
720 2678 808 2707 inter
828 2677 980 2715 Impera·
1033 2685 1133 2706 nemo
1149 2675 1339 2716 elegantius
1357 2675 1432 2706 loca
1458 2672 1604 2713 ceperit,
1619 2671 1735 2711 praesi-

276 2735 380 2769 tores,
397 2739 470 2760 cum
494 2729 619 2770 primas
636 2728 834 2759 Alexandro
850 2726 978 2766 Magno
1033 2726 1086 2757 dia
1104 2726 1309 2766 disposuerit
1325 2735 1334 2765 ;
1355 2724 1470 2757 choisir
1484 2723 1554 2755 bien
1569 2722 1612 2754 les
1626 2722 1734 2754 lieux.-

275 2781 439 2822 dedisset,
453 2780 618 2812 secundas
642 2779 776 2819 tribuit,
793 2779 884 2820 quod
911 2788 980 2810 cas·
1033 2776 1221 2818 sefortzfier.
