1903 3306
334 219 418 260 168
736 226 1022 258 JOAGHIMUS
1055 224 1384 258 CAMERARIUS

333 324 452 362 venit.
511 323 615 362 Nihil
645 329 773 362 autem
805 330 885 361 tam
919 329 980 361 est
1012 323 1247 368 abstrusum,
1282 321 1330 359 de
1361 334 1438 372 quo
1467 334 1544 360 non
1573 322 1733 374 aliquid,
1753 325 1787 363 si

335 388 479 439 saepius
499 395 538 427 et
557 388 730 426 studiose
749 387 986 437 exquiratur,
1015 385 1096 422 erui
1129 397 1244 434 posse
1275 386 1511 435 sperandum
1542 387 1617 425 sit:
1646 388 1686 426 τὸ
1715 391 1788 437 γὰρ

337 452 578 501 Ξητοὺμενον,
607 451 735 501 inquit
766 449 996 499 SophocleS‚
1027 448 1187 494 ἁλωτὸν,
1221 448 1389 500 ἐκφεύγει
1423 448 1463 486 δὲ
1497 450 1788 501 τάμελούμενον.

339 515 472 552 Minus
494 521 623 552 autem
643 520 747 552 certe
763 519 873 563 turpe
890 518 963 557 est,
984 512 1023 548 in
1040 524 1086 549 eo
1104 524 1124 549 a
1141 524 1219 562 quo
1235 512 1540 563 quamplurimos
1560 513 1790 564 magnitudo

338 584 378 615 et
397 577 614 615 obscuritas
635 576 875 621 deterruerit,
904 574 1154 625 quantumvis
1173 575 1363 622 modicos,
1399 588 1514 626 quam
1533 576 1685 614 illorum
1705 589 1792 615 ves-

339 642 443 691 tigiis
475 641 717 678 insistentem
747 638 874 676 nullos
907 651 1138 690 progressus
1173 638 1328 676 fecisse,
1386 639 1427 676 Si
1462 645 1592 677 tamen
1613 646 1674 678 est
1692 640 1792 678 adeo

341 704 461 757 digna
479 717 554 750 res,
584 704 649 741 ubi
669 703 753 754 quis
774 715 913 740 nervos
934 702 1113 743 intendat
1133 715 1239 749 SUOS,
1267 709 1312 740 ut
1330 702 1383 740 ait
1401 703 1618 742 Terentius.
1675 703 1790 747 Quod

341 767 495 818 quidem
519 768 572 804 ita
592 779 678 805 esse
698 767 810 804 nobis
843 779 1071 816 persuasum
1097 773 1170 813 est,
1199 773 1239 804 et
1259 772 1466 804 senserunt
1484 779 1618 804 omnes
1638 767 1703 818 qui
1723 766 1794 804 ali-

343 844 460 880 quam
480 831 622 868 famam
643 830 869 868 eruditionis
889 829 1086 867 literarum
1107 836 1145 867 et
1177 829 1364 867 doctrinae
1396 829 1597 867 consecuti
1625 829 1792 867 suerunt.

344 895 444 931 Cum
465 894 619 944 quidem
639 907 717 931 non
738 893 862 931 solum
889 893 1026 931 bestiae
1047 893 1340 930 demulceantur
1359 906 1566 931 numeroso
1584 905 1695 939 sono,
1725 892 1796 931 sed

343 957 572 995 solitudines
603 958 719 995 etiam
750 964 865 1007 atque
897 956 1018 1008 sylvae
1049 956 1162 1006 quasi
1191 956 1418 1002 afficiantur,
1449 955 1504 994 ita
1532 955 1797 1007 respondeant

344 1021 592 1058 carminibus.
650 1020 726 1063 Qui
755 1021 959 1058 Musarum
979 1019 1162 1070 reliquias
1182 1019 1220 1056 in
1241 1031 1335 1056 cura
1352 1020 1541 1057 bonarum
1559 1019 1698 1056 artium
1718 1032 1796 1057 non

346 1083 613 1133 amplectetur,
643 1083 704 1121 vel
725 1083 840 1121 etiam
857 1089 1094 1128 contemnet,
1124 1095 1211 1120 eum
1230 1095 1302 1120 nos
1323 1081 1479 1132 quidem
1500 1081 1613 1119 nimis
1633 1089 1702 1120 aut
1718 1082 1798 1120 fas-

346 1146 528 1184 tidiosum
547 1154 614 1184 aut
631 1148 838 1184 barbarum
859 1160 1014 1197 quoque
1035 1159 1121 1184 esse
1137 1146 1415 1196 judicabimus.
1473 1145 1557 1183 Etsi
1575 1146 1740 1184 fatemur
1759 1146 1798 1183 in

346 1211 421 1248 hac
442 1219 551 1261 parte
571 1223 914 1262 supervacaneum,
948 1217 986 1247 et
1011 1210 1049 1248 in
1070 1210 1239 1261 quodam
1261 1210 1492 1247 inconcesso
1513 1222 1643 1247 amore
1663 1209 1800 1247 Musa-

348 1288 432 1312 rum
461 1275 641 1312 insanum
662 1274 834 1312 studium
854 1273 1027 1324 impendi
1047 1286 1124 1311 non
1145 1279 1336 1323 oportere,
1365 1284 1428 1318 ne,
1462 1278 1672 1322 sequentes
1691 1272 1800 1310 volu-

346 1350 430 1376 cres
450 1337 551 1384 illas,
572 1337 647 1375 hoc
666 1337 827 1388 remigio
849 1336 1039 1383 destituti,
1061 1344 1102 1374 ut
1123 1335 1171 1373 de
1191 1336 1380 1388 Pyrenaeo
1400 1335 1544 1373 fabulae
1563 1335 1737 1383 tradunt,
1762 1336 1801 1373 in

348 1401 505 1439 exitium
523 1413 595 1438 nos
615 1400 914 1451 praecipitemus.

403 1465 481 1502 Sed
503 1464 553 1502 ad
573 1478 652 1502 rem
674 1464 907 1502 accedamus
926 1477 934 1500 :
966 1475 1093 1514 pauca
1112 1463 1269 1514 quidem
1290 1464 1402 1514 quasi
1426 1463 1577 1515 praefati
1598 1463 1647 1502 de
1666 1461 1803 1502 horum

351 1529 581 1579 scriptorum
602 1542 758 1580 genere.
797 1528 979 1565 Comicus
1000 1528 1117 1579 poeta
1135 1528 1209 1565 fuit
1228 1527 1406 1565 Plautus.
1451 1526 1654 1564 Comoedia
1674 1532 1802 1564 autem

352 1599 412 1630 est
431 1594 569 1643 po‘e'rna
590 1592 826 1642 δραματικὸν,
847 1591 923 1629 hoc
943 1597 1016 1637 est,
1035 1591 1224 1641 expositio
1245 1604 1463 1637 numerosa,
1485 1590 1526 1627 id
1546 1596 1618 1637 est,
1638 1590 1805 1628 carmine

351 1655 642 1706 comprehensa,
674 1663 714 1694 et
741 1657 780 1694 in
813 1656 1007 1693 actionem
1039 1655 1241 1706 implicita,
1273 1669 1342 1694 seu
1371 1655 1514 1693 collata
1542 1655 1582 1692 in
1600 1643 1806 1706 personas,

355 1720 572 1770 argumenti
593 1720 684 1764 ficti,
716 1720 764 1757 de
786 1721 913 1766 rebus,
934 1720 1103 1765 casibus,
1124 1719 1290 1770 negotiis
1312 1719 1448 1757 sumtis
1465 1731 1486 1756 e
1505 1718 1584 1756 vita
1599 1719 1807 1764 communi,

355 1790 394 1821 et
423 1784 534 1834 quasi
569 1783 805 1834 quotidianis
836 1783 1000 1821 eventis.
1059 1782 1147 1821 Hoc
1179 1782 1358 1820 carminis
1390 1794 1513 1833 genus
1534 1781 1583 1819 de
1601 1781 1809 1832 Tragoedia

355 1847 478 1892 fluxit,
508 1854 552 1884 ut
585 1847 769 1885 Horatius
804 1847 951 1893 docuit,
982 1846 1047 1897 qui
1081 1846 1254 1897 Thespin
1285 1845 1378 1884 dicit
1407 1845 1602 1884 invenisse
1630 1845 1806 1896 ignotum

358 1923 480 1960 genus
501 1911 659 1962 tragicae
679 1924 800 1949 musae
818 1924 827 1948 :
859 1917 975 1961 atque
994 1909 1125 1947 addit:

516 2015 526 2032 ‘
545 2012 745 2050 Successit
763 2018 873 2050 vetus
892 2011 952 2050 his
974 2011 1176 2061 Comoedia
1196 2025 1273 2051 non
1297 2013 1378 2050 sine
1399 2010 1520 2049 multa

542 2075 701 2114 Laude.’

361 2172 476 2209 Initia
508 2178 638 2210 autem
672 2172 793 2210 fuisse
824 2171 1035 2210 admodum
1070 2184 1190 2223 parva
1217 2178 1257 2209 et
1286 2170 1411 2216 rudia,
1442 2181 1530 2207 cum
1549 2167 1703 2215 hilares,
1724 2175 1814 2219 post

360 2235 512 2273 labores
532 2242 704 2281 exactos,
735 2235 872 2274 diebus
893 2236 1002 2273 festis
1024 2236 1274 2273 concinerent
1293 2233 1453 2285 aliquid,
1487 2241 1526 2271 et
1546 2232 1624 2279 alii,
1651 2238 1690 2270 et
1708 2231 1811 2269 idem

363 2300 549 2337 Horatius
569 2300 607 2337 in
629 2300 805 2350 Epistola
825 2300 874 2338 ad
895 2301 1115 2351 Augustum
1137 2299 1325 2350 perhibet,
1353 2298 1419 2335 ubi
1443 2297 1548 2342 dicit,
1579 2294 1627 2333 ab
1646 2295 1812 2333 innoxiis

357 2364 456 2414 jocis
477 2362 691 2401 libertatern
713 2363 814 2401 hanc
835 2363 884 2401 ad
903 2363 1182 2401 intolerabilem
1213 2362 1407 2400 licentiam
1435 2366 1657 2412 provectam
1677 2358 1812 2397 fuisse.

365 2427 440 2470 Qui
474 2428 617 2477 primus
650 2434 779 2464 autem
801 2427 1041 2465 Comoediam
1072 2427 1280 2478 scripserit,
1311 2438 1390 2463 non
1418 2428 1586 2462 constat.
1643 2423 1689 2459 In
1715 2422 1814 2460 libro

365 2490 431 2540 qui
461 2490 657 2527 Aristoteli
688 2491 908 2528 inscribitur
943 2491 992 2529 de
1025 2491 1198 2537 Poetica‚
1229 2490 1328 2527 inter
1349 2488 1424 2526 alia
1442 2493 1481 2525 et
1498 2486 1584 2524 haee
1604 2486 1814 2536 leguntur:

369 2552 521 2590 Siculos
554 2552 625 2589 sibi
657 2553 861 2591 vendicare
892 2555 1088 2591 inventum
1111 2552 1337 2597 Comoediae,
1372 2551 1492 2588 fuisse
1511 2549 1611 2586 enim
1634 2548 1819 2599 Epichar-

368 2629 472 2653 mum
494 2622 582 2653 ante
605 2616 849 2654 Chonnidem
871 2624 909 2655 et
929 2617 1154 2667 Magnetem
1174 2629 1183 2654 :
1211 2622 1250 2654 et
1275 2615 1330 2652 uti
1350 2613 1516 2652 nominis
1536 2624 1691 2662 quoque
1709 2611 1818 2649 testi-

368 2681 512 2717 monio.
571 2679 667 2717 Esse
687 2681 786 2717 enim
807 2688 908 2718 certe
929 2680 1169 2718 Comoediam
1189 2692 1267 2717 non
1300 2679 1373 2716 ἀπὸ
1393 2684 1456 2715 τοῦ
1477 2677 1609 2726 κώμου,
1644 2674 1714 2712 sed
1742 2675 1815 2713 ἀπὸ

369 2751 441 2782 τῶν
462 2749 601 2794 κωμῶν,
630 2743 761 2790 idest,
783 2757 859 2781 non
881 2744 928 2782 de
950 2744 1138 2782 hilaritate
1169 2751 1207 2781 ct
1235 2740 1485 2786 exultatione,
1519 2738 1590 2777 sed
1624 2737 1672 2775 de
1705 2737 1816 2789 pagis
