1976 3296
360 221 415 262 12
949 231 1222 263 PRAEFA'rm.

361 338 449 374 um,
471 325 583 368 Attii
605 330 822 373 veternus,
847 325 1035 367 Pacuvii
1056 338 1250 367 verrucae
1281 337 1380 366 cum
1412 325 1529 366 fastu
1550 324 1816 378 repellerem

362 397 450 442 tur,
482 395 525 433 et
545 393 817 433 exoletorum
840 393 1073 434 verborum
1095 392 1281 432 foetores
1303 392 1457 445 procul
1478 392 1818 441 furcillarentur‚

362 459 628 502 Terentiano
649 459 805 500 saltem
827 463 964 499 metro
986 470 1166 510 parcere
1196 457 1404 499 debuerat
1431 457 1712 500 fastidiosum
1735 470 1818 498 sae-

366 527 528 577 culum,
551 531 594 568 et
613 527 723 568 satis
739 527 900 567 habere
914 525 1137 566 nascentis
1160 525 1437 578 Eloquentiae
1453 526 1544 579 jam
1563 526 1663 566 inde
1683 538 1709 566 a
1729 525 1820 578 pri-

363 594 449 634 mis
469 594 750 634 incunabulis
772 597 818 633 et
839 593 1062 644 vagitibus
1084 604 1162 644 per
1183 592 1380 644 singulas
1402 596 1561 634 aetates
1579 593 1821 633 incremen-

365 664 506 702 torum
525 661 711 713 vestigia
733 659 999 701 confudisse.
1060 659 1263 699 Habebit
1282 659 1428 711 igitur,
1450 660 1493 700 in
1510 672 1597 713 quo
1619 672 1666 699 se
1693 670 1820 700 exer-

365 732 464 769 ceat
484 728 567 769 Vir
589 727 656 768 Cl.
678 727 928 768 Richardus
951 727 1197 776 BentleiuS,
1214 727 1266 775 si,
1283 727 1402 780 quod
1419 727 1474 767 ad
1494 727 1658 767 Horat.
1681 726 1820 767 Serm.

368 805 420 835 11.
442 796 482 836 5.
494 795 563 836 79.
579 807 678 849 pag.
694 795 790 835 513.
811 794 1056 848 profitetur,
1072 794 1312 846 aliquando
1333 807 1495 835 novam
1510 793 1698 835 Terentii
1716 793 1822 834 Edi-

365 862 527 902 tionem
554 861 608 903 ad
631 862 807 915 priscos
828 874 1029 902 numeros
1051 861 1340 902 adornaturus
1362 865 1439 902 est.
1500 861 1633 910 Sane,
1658 861 1735 914 qui
1754 873 1827 902 ra·

364 929 532 970 tionem
555 929 777 970 metricam
808 931 850 970 in
881 929 1088 969 Terentio
1111 928 1242 969 certis
1260 929 1430 981 legibus
1451 928 1646 968 innixam
1668 928 1824 969 astric-

366 1000 547 1049 tamque
578 995 681 1036 dare
707 996 842 1045 volet,
875 995 1129 1036 Terentium
1162 995 1323 1048 ipsum,
1351 996 1462 1036 sorte
1492 999 1535 1036 et
1566 994 1754 1035 Laelium
1780 999 1825 1037 et

369 1065 637 1118 Scipionem,
653 1065 708 1105 ab
726 1063 885 1105 Inferis
901 1064 1065 1104 excitet
1084 1076 1268 1104 necesse
1289 1067 1367 1104 est.
1405 1063 1509 1104 Nisi
1528 1063 1703 1104 crebras
1722 1076 1825 1117 syn-

369 1132 589 1185 aloephas,
616 1132 998 1186 episynaloepliaS,
1031 1131 1300 1181 collisiones,
1333 1131 1553 1180 elisiones,
1588 1135 1824 1172 sexcentas

368 1200 573 1240 licentias
595 1199 707 1240 alias
727 1199 863 1253 probe
885 1200 1086 1252 cognitas
1106 1198 1284 1248 habeat,
1308 1201 1438 1251 atque
1463 1198 1564 1238 inde
1584 1211 1736 1239 versus
1753 1211 1826 1239 ca-

370 1266 611 1316 talecticos,
649 1265 977 1315 acatalecticos,
997 1264 1471 1318 brachycatalecticos,
1490 1264 1827 1318 hypercatalec-

370 1334 488 1375 ticos
507 1334 771 1385 constituat;
802 1332 887 1372 nisi
909 1333 1016 1373 inter
1038 1331 1269 1372 scribentis
1292 1330 1461 1380 Poetae,
1491 1332 1688 1384 interque
1720 1331 1828 1372 His-

369 1402 556 1442 trionum
574 1402 723 1450 verba,
746 1400 825 1441 sed
848 1405 893 1440 et
916 1399 1285 1452 Interpolatorum
1304 1398 1554 1448 audaciam,
1571 1398 1745 1439 demum
1765 1397 1828 1440 in-

372 1474 439 1509 ter
455 1468 682 1510 innumera
715 1468 805 1509 fere
827 1467 1098 1509 Variantium
1132 1467 1397 1507 Lectionum
1430 1465 1632 1515 divortia,
1669 1479 1696 1506 a
1728 1465 1830 1507 titu-

372 1536 519 1577 bantis
541 1535 702 1576 calami
723 1535 923 1588 lapsibus
944 1539 1059 1584 orta,
1075 1534 1368 1574 certissimum
1389 1534 1568 1587 ubique,
1590 1533 1709 1586 quod
1725 1533 1831 1574 mihi

373 1604 548 1657 quidem
582 1604 616 1642 ἐν
650 1602 837 1650 ἀδυνάτοις
870 1615 1042 1656 semper
1065 1602 1209 1643 visum
1228 1601 1323 1651 fuit,
1362 1601 1599 1642 discrimen
1618 1599 1829 1653 indigitet‚

374 1675 431 1720 et,
453 1670 677 1723 quodnam
699 1670 979 1723 potissimum
1000 1669 1080 1710 iter
1101 1669 1305 1709 insistere
1327 1672 1546 1722 oporteat,
1567 1668 1698 1721 quasi
1718 1667 1831 1709 divi-

377 1751 459 1778 nus
503 1737 751 1778 Mercurius
792 1737 1011 1786 ostendat,
1047 1736 1209 1777 frustra
1243 1736 1418 1777 futurus
1449 1741 1531 1785 est,
1566 1736 1832 1789 quicumque

379 1819 497 1858 opus
516 1805 601 1846 hoc
623 1805 766 1845 moliri
786 1817 977 1858 unquam
995 1804 1124 1846 volet.
1172 1804 1352 1845 Fuerint
1370 1804 1466 1845 haec
1488 1804 1592 1844 olim
1611 1803 1730 1857 apud
1751 1816 1833 1845 sae-

380 1873 527 1915 culum
552 1872 780 1913 Comicum
803 1877 910 1912 nota
938 1871 1108 1912 Latinis
1140 1871 1342 1922 auribus3
1373 1871 1536 1912 fuerint
1563 1871 1631 1912 hae
1659 1870 1832 1912 deliciae

378 1940 566 1994 prolutis
599 1939 686 1980 illis
718 1939 870 1989 labris,
904 1937 1059 1980 Attico
1091 1940 1226 1989 melli,
1262 1939 1413 1979 Tusco
1442 1938 1584 1992 lepori
1617 1938 1834 1990 assuetis;

378 2008 599 2048 enimvero
633 2007 722 2048 alia
754 2011 917 2048 nostrae
949 2007 1096 2049 aetatis
1118 2006 1346 2047 hominum
1371 2006 1484 2046 ratio
1513 2009 1600 2057 est3
1632 2010 1835 2059 essetque

379 2075 481 2122 alia,
511 2075 681 2127 opinor,
703 2074 741 2114 si
761 2075 955 2115 maxime
986 2074 1240 2128 Scriptores
1274 2074 1503 2123 Metricos,
1535 2076 1577 2114 et
1601 2073 1688 2129 πεςῖ
1703 2075 1774 2113 τῶν
1802 2073 1837 2112 ἐν

378 2141 557 2194 ποιήμασι
576 2146 770 2196 ταραχῶν,
793 2155 894 2183 cum
915 2142 1118 2193 Graecos,
1152 2148 1243 2184 tum
1266 2142 1498 2183 Romanos
1517 2141 1649 2194 longa
1668 2140 1832 2183 dudum

380 2223 465 2250 non
488 2209 717 2251 delevisset
737 2209 848 2249 dies.
911 2210 1071 2250 Dicam
1093 2210 1226 2251 etiam
1255 2209 1473 2263 amplius3
1506 2208 1683 2249 facilius
1704 2208 1838 2250 fuerit

380 2277 641 2330 Taraxippo
673 2289 885 2329 equorum
920 2278 966 2317 in
1003 2277 1318 2331 Hippodromo
1357 2277 1620 2318 currentium
1650 2288 1836 2330 pavores

382 2357 680 2394 averruncare,
711 2357 843 2398 quam
861 2345 939 2385 ulli
964 2345 1148 2387 Scenico
1171 2345 1356 2387 Numini
1390 2345 1675 2385 Histrionum
1702 2342 1837 2384 offen-

383 2412 527 2452 siones
548 2424 623 2451 seu
644 2424 892 2464 procurare,
915 2425 994 2452 seu
1012 2413 1178 2454 tollere.
1237 2411 1329 2453 Aut
1349 2413 1481 2466 igitur
1501 2411 1653 2452 nescio
1669 2410 1741 2451 cui
1758 2410 1840 2451 du·-

384 2492 444 2519 rae
473 2481 516 2518 et
544 2491 689 2518 cascae
729 2479 920 2520 licentiae
949 2480 1274 2532 indulgendum,
1306 2484 1379 2521 aut
1409 2481 1518 2520 bene
1552 2479 1690 2519 multa
1709 2480 1772 2520 ita
1791 2480 1837 2520 in

386 2546 498 2586 alias
528 2544 691 2585 formas
719 2545 949 2595 varianda,
980 2550 1027 2586 ut
1056 2547 1305 2588 Terentium
1338 2548 1382 2587 in
1415 2547 1622 2587 Terentio
1653 2558 1838 2600 quaeras.

389 2613 560 2652 Horum
581 2617 722 2652 utrum
744 2613 890 2652 minus
911 2626 1094 2655 necesse
1119 2616 1188 2664 sit,
1212 2615 1352 2655 dicam
1371 2615 1495 2668 quasi
1516 2626 1542 2654 a
1558 2612 1748 2654 Censore
1768 2627 1839 2655 ro·

389 2683 533 2731 gamm,
559 2690 623 2719 Ex
659 2691 807 2720 AN1M1
844 2691 1146 2731 SENTENTIA,
1169 2682 1273 2723 Non
1301 2683 1448 2724 video.
1508 2681 1639 2722 Metri
1661 2680 1836 2734 quidem

390 2747 654 2789 mentionem
684 2747 788 2789 facit
811 2748 1013 2790 Donatus
1036 2750 1090 2790 ad
1114 2750 1290 2792 Phorm.
1310 2761 1339 2791 1.
1361 2750 1403 2793 4.
1419 2748 1490 2791 48.
1523 2753 1566 2790 et
1596 2748 1699 2790 alibi
1731 2760 1838 2789 non-
