1903 3306
321 215 404 258 416
819 225 858 255 P.
892 223 1134 254 TERENTM
1167 221 1281 253 AER!

321 321 435 362 Dies
455 323 697 372 noctesque
718 331 786 359 me
809 330 958 359 ames:
992 331 1061 358 me
1085 316 1308 358 desideres
1327 328 1336 357 z

320 388 397 430 Me
419 387 612 428 somnies
630 399 639 427 :
672 399 742 426 me
764 391 998 439 expectes:
1031 384 1086 425 de
1108 397 1177 424 mc
1200 384 1389 436 cogites:

322 455 401 496 Me
425 466 605 508 speres:
636 465 707 493 me
730 458 773 493 te
792 452 1010 492 oblectes:
1042 464 1214 492 mecum
1238 453 1329 490 tota
1351 451 1440 490 sis:
1695 449 1779 490 115

321 522 453 564 Meus
473 521 546 562 fac
565 520 626 561 sis
648 525 873 574 postremo
898 518 1086 567 animus,
1112 517 1291 571 quando
1314 529 1396 568 ego
1420 528 1518 556 sum
1541 520 1657 557 tuus.

321 591 414 631 ΤΗ.
447 588 524 629 Me
546 587 778 628 miseram!
811 586 1000 628 forsitan
1020 586 1094 627 hic
1117 585 1222 626 mihi
1241 597 1424 638 parvam
1445 584 1608 625 habeat
1635 582 1779 633 fidem,

321 656 471 710 Atque
493 668 552 696 ex
573 655 757 696 aliarum
777 654 964 707 ingeniis
984 666 1099 694 nunc
1122 666 1191 694 me
1207 652 1393 706 judicet.

323 723 419 776 Ego
440 723 529 777 pol,
550 735 650 775 quoe
667 721 772 762 mihi
792 734 891 762 sum
912 720 1112 770 conscia,
1131 720 1217 760 hoc
1240 724 1327 760 cert
1390 719 1491 768 mio,

325 791 485 844 Neque
505 802 575 830 me
598 789 781 829 finxisse
804 788 907 829 falsi
927 788 1179 841 quicquam,
1203 800 1345 840 neque
1366 800 1464 827 meo
1695 782 1780 825 120

325 858 460 901 Cordi
483 869 582 898 esse
604 869 857 910 quenquam
879 855 1093 896 cariorem
1113 854 1197 894 hoc
1220 853 1449 894 Phaedria.

325 927 398 977 Et,
416 924 624 980 quicquid
642 923 771 977 hujus
793 922 895 972 feci,
914 934 1052 963 causa
1071 920 1272 973 Virginis

326 993 457 1036 Feci:
489 1006 590 1035 nam
609 1005 676 1033 me
697 991 794 1044 ejus
818 1004 946 1045 spero
967 991 1144 1031 fratrem
1165 987 1489 1043 propemodum

325 1062 355 1104 J
360 1076 429 1103 am
452 1060 684 1115 reperisse,
708 1059 1039 1100 adolescentem
1063 1057 1175 1098 adeo
1197 1056 1416 1097 nobilem:

328 1131 385 1173 Et
402 1131 440 1172 is
461 1130 595 1170 hodie
615 1133 846 1171 venturum
869 1128 926 1170 ad
944 1141 1015 1168 me
1038 1127 1269 1168 constituit
1291 1125 1486 1166 domum.
1705 1123 1788 1164 125

329 1197 583 1240 Concedam
601 1198 701 1238 hinc
724 1197 851 1246 intro,
873 1200 1005 1250 atque
1026 1195 1296 1249 expectabo,
1319 1193 1421 1234 dum
1445 1192 1575 1234 venit.

330 1330 493 1367 desideres,
505 1340 553 1361 me
567 1329 711 1368 somnies,
726 1338 774 1359 me
789 1331 942 1368 expectes,
957 1328 996 1358 de
1018 1336 1064 1357 nze
1076 1326 1204 1365 cogites,
1219 1335 1267 1357 me
1278 1335 1394 1366 speres,
1417 1335 1465 1356 me
1477 1328 1507 1356 te
1519 1324 1660 1361 oblectes,
1675 1332 1792 1354 mecum

330 1377 396 1404 tota
411 1375 455 1404 sis
469 1373 631 1413 (animo),
646 1372 778 1408 mensae
793 1372 837 1401 sis
850 1374 1004 1411 postremo
1019 1369 1136 1408 anima,
1153 1371 1272 1409 quando
1287 1378 1343 1408 ego
1359 1379 1425 1399 sum
1444 1372 1509 1399 tua.
1540 1368 1609 1399 ΤΗ.
1634 1367 1690 1398 Me
1702 1367 1793 1397 mise-

330 1426 398 1447 ram
413 1416 427 1448 !
452 1416 541 1454 forte
557 1415 709 1446 Phaedria
734 1424 846 1453 parum
869 1412 1045 1454 mihifidit,
1069 1416 1160 1452 atque
1174 1422 1214 1442 ex
1229 1412 1361 1442 aliarum
1375 1412 1574 1442 meretricum
1597 1409 1732 1448 ingeniis
1747 1418 1793 1439 me

311 1475 314 1479 ·
331 1459 481 1490 (estimat.
528 1460 598 1497 Ego
619 1468 676 1498 per
699 1458 868 1496 Pollucem,
883 1466 950 1496 quae
972 1465 1089 1486 mecum
1115 1456 1147 1484 in
1163 1456 1265 1485 animo
1292 1455 1388 1485 totius
1403 1454 1450 1484 rei
1469 1455 1633 1484 veritatem
1647 1452 1723 1490 scio,
1739 1452 1794 1482 hoc

330 1506 415 1533 certo
431 1502 493 1533 scio
508 1502 589 1532 nillil
603 1500 754 1532 mendacii
779 1510 827 1530 me
843 1499 1059 1537 excogitasse,
1085 1507 1181 1537 neque
1204 1507 1251 1528 me
1265 1506 1434 1537 quenquam
1456 1496 1665 1527 vehementius
1679 1503 1796 1533 amare,

332 1556 424 1586 quum
439 1546 519 1575 huuc
533 1544 718 1575 Phoedriam
730 1553 740 1573 .·
764 1546 794 1572 et
810 1542 956 1582 quicquid
971 1540 1061 1579 hujus
1075 1540 1121 1571 rez'
1136 1540 1216 1578 feci,
1232 1541 1334 1580 (quod
1349 1549 1417 1570 eum
1432 1539 1548 1570 exclusi
1556 1538 1659 1578 foras,
1662 1538 1684 1577 )
1703 1547 1794 1578 prop-

332 1592 382 1619 ter
396 1589 526 1628 puellam
542 1586 737 1626 Pamphilam
752 1585 785 1616 id
801 1585 891 1623 feci:
915 1594 986 1615 nam
1000 1593 1088 1624 spero
1115 1592 1161 1613 me
1185 1583 1276 1622 hujus
1294 1583 1446 1622 fratrem,
1468 1582 1687 1613 adolescentem
1708 1581 1796 1610 valde

332 1631 476 1668 nobilem,
490 1640 577 1671 paene
585 1630 656 1669 jum
670 1629 836 1667 invenisse,
863 1630 894 1658 et
918 1627 945 1657 is
960 1626 1123 1657 constituit
1150 1635 1181 1656 se
1195 1629 1361 1657 venturum
1385 1626 1426 1656 ad
1441 1635 1488 1656 me
1515 1626 1547 1656 in
1563 1626 1685 1655 domum
1699 1632 1797 1654 meam

335 1674 481 1706 hodierna
501 1675 573 1704 die:
597 1673 647 1704 hic
661 1672 763 1712 igitur
778 1672 852 1702 dum
868 1670 972 1702 veniat
987 1669 1166 1710 expectabo.

948 1768 1188 1782 eeeeeeeeeeee

338 1851 469 1884 numeri
487 1849 644 1881 meliores
660 1848 759 1888 finnt,
777 1849 891 1879 Noctes
905 1847 1037 1888 diesque.
1063 1846 1178 1888 Atque
1194 1846 1258 1876 hoc
1281 1844 1506 1886 frequentius.
1530 1844 1626 1885 Bent.
1649 1837 1797 1874 Tantum

339 1903 433 1927 certe
448 1898 596 1931 constat,
621 1892 711 1933 apud
726 1891 866 1924 Judaeos
883 1893 1002 1930 solum,
1022 1890 1171 1921 noctium
1191 1890 1283 1919 vices
1300 1893 1379 1918 ante
1396 1887 1469 1918 dies
1486 1886 1691 1927 computari,
1707 1885 1799 1926 apud

338 1939 421 1970 alias
450 1942 571 1977 gentes
596 1936 717 1966 minus.
742 1935 935 1966 Perl.—ll5
962 1934 1001 1964 In
1026 1943 1072 1964 me
1090 1933 1140 1963 M.
1181 1932 1282 1963 West.
1325 1931 1359 1963 J.
1386 1935 1421 1961 et
1451 1930 1496 1960 V.
1520 1929 1559 1971 [i.
1587 1938 1616 1959 e.
1645 1928 1800 1959 Venetus

340 1979 476 2019 codex‚]
500 1979 662 2020 praemitt.
687 1978 765 2013 De;
788 1981 825 2008 ut
849 1977 905 2015 sit,
931 1977 982 2008 De
1000 1986 1047 2006 me
1073 1984 1187 2015 speres,
1210 1976 1248 2005 de
1274 1983 1332 2013 me,
1359 1975 1411 2013 &a
1457 1973 1540 2003 Var.
1560 1972 1642 2001 ordo
1665 1972 1800 2001 verbor.

342 2025 540 2055 Fert-116
560 2023 633 2052 Mea
651 2020 710 2058 fac
725 2021 768 2050 sis
780 2023 935 2060 postremo
958 2019 1058 2049 omnis
1082 2018 1291 2049 Bot11.—117
1319 2017 1436 2047 Parum
1450 2015 1540 2054 Guy.
1556 2014 1646 2055 quod
1663 2019 1698 2045 et
1712 2014 1800 2045 Gru-

344 2073 437 2099 terus
455 2064 610 2096 defendit
626 2063 668 2095 ad
686 2064 801 2095 Plaut.
827 2062 996 2093 Menaech.
1020 2061 1113 2092 Prol.
1132 2063 1184 2092 16.
1214 2060 1312 2091 West.
1357 2059 1455 2089 Vett.
1484 2057 1570 2088 Edd.
1589 2056 1731 2094 forsitan
1754 2057 1803 2087 hic

343 2119 471 2151 parram
488 2108 597 2138 habeat
619 2106 814 2147 miltifidem.
861 2105 967 2145 Lege,
987 2103 1099 2142 forsan
1114 2113 1243 2143 parvam
1258 2102 1367 2133 habeat
1383 2100 1578 2142 milzifidem.
1599 2100 1700 2131 Bent.
1745 2100 1804 2130 Se-

343 2154 459 2193 quitur
475 2151 568 2181 Peri.
615 2150 735 2180 Forsan
754 2158 884 2188 parvam
899 2149 942 2178 mi
957 2147 1069 2178 habeat
1085 2147 1135 2177 hic
1146 2145 1249 2187 fidem
1263 2145 1322 2175 dat
1339 2144 1440 2175 Both.
1488 2142 1596 2174 Habet
1617 2142 1803 2182 Bip.—122

345 2197 395 2226 M.
410 2200 445 2225 et
461 2194 537 2224 edd.
555 2191 710 2234 quaedam
729 2198 878 2226 veteres,
896 2189 1040 2230 quicquid
1048 2189 1130 2228 feci,
1146 2188 1238 2228 hujus
1253 2197 1345 2226 causa¹
1360 2186 1494 2226 virginis
1505 2185 1585 2224 feci.
1630 2185 1745 2216 Minus
1762 2194 1804 2216 ex

347 2239 437 2279 stylo
454 2236 625 2267 Terentii.
654 2235 865 2266 lasese—125
890 2234 974 2264 Tres
998 2242 1041 2263 ex
1065 2232 1189 2263 nostris
1215 2240 1290 2262 cum
1310 2234 1394 2261 vett.
1419 2228 1507 2260 Edd.
1530 2231 1692 2259 venturam
1713 2237 1745 2259 se
1766 2229 1806 2259 ad

347 2291 404 2313 me.
451 2280 555 2319 Lege,
584 2279 627 2309 Et
651 2278 680 2308 is
708 2287 739 2307 se
766 2277 856 2308 hodie
879 2279 1043 2307 venturum
1078 2276 1119 2306 ad
1154 2284 1201 2305 me
1238 2276 1335 2304 const.
1359 2274 1392 2304 d.
1415 2273 1518 2302 Bent.
1578 2271 1623 2301 Et
1650 2270 1807 2311 reJiciunt

349 2323 451 2354 Both.
467 2328 503 2353 et
521 2323 599 2362 Bip.
619 2320 659 2351 ad
678 2329 811 2351 versum
828 2321 903 2350 124.
935 2318 977 2349 Se
994 2322 1071 2359 post
1093 2320 1102 2336 ‘
1122 2315 1247 2348 const.'
1262 2315 1363 2347 habet
1381 2312 1496 2346 Guelf.
1516 2316 1546 2344 1.
1564 2311 1647 2345 et'2.
1662 2313 1721 2345 dat
1733 2314 1808 2346 adeo

352 2376 414 2408 pro
430 2365 640 2396 hodia-126
663 2363 697 2396 J.
722 2368 758 2394 et
780 2363 823 2395 V.
848 2362 885 2403 [i.
904 2372 933 2394 e.
951 2361 1040 2393 Ven.
1056 2360 1149 2401 cod‚]
1163 2359 1277 2392 veniat.
1324 2359 1403 2391 Non
1421 2357 1597 2399 probatur.
1622 2356 1709 2388 Perl.
