1903 3306
285 203 373 246 478
786 211 1103 243 laistim-vrri
1136 211 1252 242 Arni

287 310 376 353 Sed
397 309 506 351 nihil
527 311 733 363 potesse:
756 321 907 350 verum
936 308 1108 349 miserae
1146 319 1234 348 non
1263 306 1310 347 in
1333 307 1520 346 mentem
1539 308 1748 359 venerat3

288 378 407 421 Nam
442 378 566 418 illum
604 376 755 430 aliquo
793 375 1127 425 conclusissem,
1161 387 1303 428 neque
1329 373 1395 415 illi
1426 373 1748 415 commisissem

460 445 683 498 virginem.
1610 466 1613 469 -
1692 441 1751 483 25

287 551 390 573 amore
404 540 580 575 mulierum,
605 539 659 570 sed
680 537 816 569 imbelles
839 547 903 568 esse
921 539 952 568 et
968 537 1150 577 impotentes
1157 546 1170 575 ,⁹
1193 545 1298 567 verum
1315 537 1352 566 de
1365 535 1421 566 hoc
1439 545 1498 566 non
1514 535 1723 574 cogitaveram
1735 546 1748 572 ‚-

287 594 361 615 nam
372 584 460 615 illum
473 584 506 613 in
524 583 626 623 utiquo
647 583 710 612 loco
731 580 957 619 conclusissem,
973 581 1002 610 si
1016 583 1184 611 amatorem
1199 589 1267 610 eum
1281 580 1492 610 tantummodo
1515 587 1579 610 esse
1593 578 1749 610 meminis-

285 637 367 664 sem;
389 636 484 667 neque
499 626 548 656 illi
562 625 717 664 virginem
732 623 962 655 custodiendum
975 623 1137 654 dedissem.

903 723 980 734 em
984 722 1143 734 eveo-emae

289 794 383 827 Perl.
430 792 475 824 At
489 791 649 823 mulierum
664 792 714 831 pol
728 801 783 830 ego
799 793 952 821 amatores
965 790 1037 821 aud.
1053 799 1117 820 esse
1132 788 1323 820 Both—24
1345 788 1474 819 Potesse
1501 786 1638 828 legend.
1662 787 1752 820 arbi-

290 843 374 869 tror.
400 837 458 867 Er.
508 836 601 865 Posse
618 834 662 866 G.
680 835 746 865 ET.
775 834 876 865 West.
923 833 983 864 Pr.
1009 833 1092 873 legit
1111 835 1242 873 potesse,
1265 836 1350 862 utet
1366 832 1398 861 in
1417 829 1588 871 plerisque
1603 831 1750 872 antiquis

289 881 384 913 libris
400 884 464 910 est.
509 878 549 909 In
567 877 722 908 omnibns
739 886 819 908 vero
833 877 854 908 l.
873 886 899 907 s,
915 875 1046 907 Donati
1073 880 1125 906 est
1151 875 1310 915 potuisse;
1333 878 1495 914 corrupte
1518 873 1666 914 quidem,
1690 874 1750 906 sed

290 930 407 955 tamen
424 920 512 952 unde
530 925 707 961 appareat,
730 930 805 950 enm
817 929 882 950 non
895 929 985 959 posse
1002 918 1138 957 legisse,
1161 918 1219 947 sed
1235 920 1376 957 potesse:
1399 926 1464 957 qno
1490 916 1625 957 quidem
1653 917 1752 948 modo

291 964 411 997 melius
429 964 587 1006 procedit
612 963 817 994 octonarius.
842 962 902 994 Fa.
951 961 1070 992 Nostri
1094 970 1208 991 omnes
1233 964 1366 1000 potesse.
1390 960 1580 990 Bene—25
1607 959 1752 990 Conclus-

289 1009 368 1049 sem]
393 1009 431 1039 In
448 1007 603 1039 omnibus
617 1006 711 1037 libris
728 1006 853 1046 legitur
868 1004 1100 1035 conclusissem:
1127 1013 1190 1034 nec
1206 1012 1285 1033 sane
1301 1003 1354 1033 hic
1380 1001 1572 1033 necessaria
1598 1007 1650 1033 est
1672 1011 1751 1043 syn-

291 1062 388 1094 cope.
414 1051 473 1084 Fa.
519 1051 627 1082 Recte
643 1051 727 1081 hoc:
751 1054 788 1081 et
804 1048 910 1080 nostri
928 1057 1061 1089 quoque
1078 1056 1194 1079 omnes
1209 1046 1431 1077 conclusissem.
1455 1046 1556 1077 Bent.

667 1337 873 1381 ACTUS
906 1336 991 1379 IV.
1053 1334 1263 1378 SCENA
1295 1335 1380 1378 IV.

536 1462 792 1493 PHAEDRIA.
827 1459 1008 1492 DORUS.
1042 1456 1281 1489 PYTHIAS.
1314 1457 1513 1489 DORIAS.

296 1546 390 1588 PH.
421 1543 519 1586 ΕΧι
542 1544 676 1594 foras,
700 1540 914 1583 sceleste!
947 1543 994 1580 at
1015 1539 1146 1580 etiam
1166 1539 1356 1589 restitas,

297 1613 534 1668 Fugitive'?
556 1609 835 1666 prodi‚male
853 1606 1104 1649 conciliate.
1166 1606 1256 1647 Do.
1283 1605 1496 1647 Obsecro.
1546 1602 1635 1644 ΡΗ.
1661 1601 1754 1644 Oh!

297 1682 413 1725 Illud
436 1681 564 1732 vide;
588 1693 639 1720 os
660 1682 709 1720 ut
730 1679 815 1719 sibi
837 1675 1037 1718 distorsit
1058 1673 1269 1716 carnufex
1289 1674 1298 1715 Σ

298 1752 419 1805 Quid
440 1752 525 1793 huc
545 1748 700 1791 reditio
721 1746 808 1789 'st'i
832 1744 940 1801 quid
963 1744 1100 1785 vestis
1121 1742 1345 1784 mutatio?

340 1882 412 1914 Pa.
438 1881 596 1920 Egredere
609 1879 714 1919 sorus,
729 1877 898 1910 scelerate!
919 1877 969 1909 At
983 1877 1079 1908 etiam
1095 1884 1205 1914 cessus,
1218 1872 1362 1913 fugitive
1376 1875 1388 1905 ?
1402 1871 1459 1902 huc
1468 1870 1612 1911 procede,
1627 1869 1662 1900 iu
1677 1870 1761 1900 dam·

298 1936 369 1957 uum
391 1925 459 1956 heri
474 1928 564 1956 emte.
619 1924 692 1954 Do.
719 1922 864 1952 Obsecro.
923 1921 997 1951 PH.
1034 1919 1096 1954 ΟΙι,
1120 1918 1190 1948 vide
1216 1921 1250 1947 ut
1279 1916 1413 1956 turpiter
1435 1924 1469 1944 os
1489 1912 1581 1945 torsit
1605 1913 1760 1943 scelestus.

300 1969 386 2005 Quid
393 1968 451 2000 huc
462 1967 604 1999 rediisti?
629 1966 714 2002 Quid
723 1968 835 1996 vestem
847 1960 999 1996 mutasti?
1026 1961 1110 1998 Quid
1122 1961 1220 1992 dicis?
1243 1959 1387 2000 Pythias,
1401 1957 1430 1988 si
1443 1957 1567 1999 paulum
1579 1956 1762 1994 tardassem,

910 2058 1010 2071 OM&

344 2134 364 2162 2
389 2130 468 2163 Par.
493 2133 526 2162 3.
557 2129 689 2170 plenius
715 2128 837 2158 obsecro
864 2130 895 2157 te
918 2135 957 2156 ne
983 2124 1107 2160 saevius,
1137 2123 1203 2154 eho.
1248 2119 1350 2154 Quod
1379 2119 1546 2161 glossema
1570 2115 1651 2148 olet.
1674 2116 1763 2147 Peri.

300 2175 413 2212 Vulgo
431 2174 482 2205 Oh
497 2174 624 2213 legitur
641 2181 703 2211 pro
721 2171 800 2209 ΕΙιο,
824 2168 914 2210 qnod
942 2173 995 2200 est
1022 2168 1056 2198 in
1084 2167 1127 2206 A,
1156 2166 1200 2205 B,
1221 2165 1341 2205 reique
1368 2161 1540 2195 convenit.
1587 2159 1763 2200 Cquoqne

302 2218 423 2255 ΕΙιοΙιε,
447 2216 526 2248 Hel.
543 2215 608 2247 Ah.
633 2214 732 2245 Both.
750 2214 805 2254 qui
825 2213 884 2243 dat
901 2211 984 2251 Eho,
1008 2215 1044 2241 et
1071 2209 1104 2240 id
1131 2208 1239 2241 trudit
1265 2208 1299 2238 in
1329 2215 1462 2237 versum
1490 2205 1584 2235 3.-3
1606 2202 1697 2240 Lege
1721 2210 1765 2231 ex

301 2270 368 2291 nno
382 2265 499 2291 nostro
515 2259 607 2290 Illuc.
632 2259 735 2289 Bent.
777 2256 972 2296 Sequuntur
989 2251 1201 2284 Both.Per1.
1230 2251 1320 2289 Vide,
1345 2260 1362 2280 o
1380 2247 1515 2289 Pythias
1538 2243 1654 2282 Guelf.
1666 2246 1765 2275 3.-4

304 2304 390 2339 Quid
405 2304 464 2334 huc
478 2302 607 2341 reditio]
630 2298 922 2340 Interponendum
936 2302 1014 2338 post
1029 2297 1038 2313 ‘
1051 2294 1135 2326 liuc’
1154 2302 1339 2336 pronomen
1357 2292 1428 2331 tibi,
1452 2297 1491 2321 ut
1517 2289 1552 2320 in
1576 2288 1716 2319 Donato
1731 2291 1766 2317 et

303 2347 401 2378 ssem.
420 2350 494 2377 est:
522 2345 606 2380 Quid
626 2345 683 2375 huc
699 2343 759 2374 tibi
774 2340 943 2373 reditio’st.
988 2338 1089 2372 Quod
1116 2347 1198 2368 vero
1225 2336 1393 2376 sequitur,
1414 2334 1489 2375 quid
1514 2331 1609 2363 vestis
1633 2329 1767 2362 mutatio

303 2393 361 2428 est,
383 2390 426 2420 ab
440 2389 597 2419 omnibus
614 2387 760 2427 antiquis
777 2382 1042 2424 exemplaribus,
1057 2385 1186 2422 praeter
1201 2379 1418 2416 Bembinnm,
1440 2376 1538 2407 abest
1550 2373 1689 2405 verbum
1704 2375 1766 2404 est:

304 2432 394 2473 qnod
413 2441 476 2462 nec
495 2431 723 2462 necessarium
748 2433 812 2460 est.
835 2428 896 2458 Fa.
940 2426 997 2456 Sic
1025 2429 1061 2455 et
1086 2423 1224 2454 codices
1249 2423 1375 2452 nostri:
1400 2419 1459 2450 sed
1481 2419 1572 2458 lego,
1596 2416 1694 2456 Quid,
1709 2415 1767 2446 oue

305 2475 366 2506 tibi
390 2475 555 2506 reditiost?
578 2473 672 2505 vestis
697 2472 771 2513 quid
796 2470 983 2502 mutatiost?
1006 2468 1108 2498 Bent.
1157 2466 1242 2500 Quid
1267 2465 1333 2495 red.
1355 2462 1493 2495 esttibi?
1512 2471 1542 2491 v.
1567 2470 1596 2500 q.
1611 2456 1767 2491 mutatio!

306 2518 408 2549 Both.
453 2518 539 2554 Quid
555 2517 613 2548 huc
627 2516 686 2548 tibi
701 2516 768 2546 red.
785 2511 851 2545 'st?
874 2523 904 2554 q.
929 2522 957 2543 υ.
974 2510 1106 2542 mutatio
1124 2507 1189 2540 ’st?
1214 2508 1308 2540 Peri.
1333 2507 1389 2548 qni
1416 2509 1516 2537 notat
1530 2503 1588 2535 tibi
1605 2502 1724 2534 abesse
1748 2509 1768 2530 a

962 2597 1107 2631 NOTAE

351 2673 371 2701 2
393 2668 481 2700 Mate
495 2665 672 2706 conciliate]
694 2665 737 2697 Id
754 2669 820 2704 est,
840 2664 874 2695 in
900 2662 1011 2704 pei-ni·
1067 2671 1147 2702 pres
1174 2659 1341 2692 nundinas
1365 2667 1428 2698 pro
1443 2654 1588 2688 concilio
1603 2651 1746 2693 exponit
1761 2660 1772 2682 ε

308 2720 396 2752 ciem
412 2728 522 2750 meam
549 2721 653 2756 erute,
667 2725 790 2756 magno
812 2719 915 2753 emte‚
934 2722 1012 2744 care
1066 2711 1157 2744 unde
1179 2712 1188 2729 ‘
1201 2710 1384 2743 conciliare
1400 2707 1409 2722 '
1434 2716 1511 2748 pro,
1526 2713 1654 2743 emere,
1669 2702 1769 2736 sumi-

308 2774 517 2811 comparate.
562 2769 671 2800 Vetus
715 2765 869 2798 Terentii
900 2765 1010 2795 Inter·
1068 2767 1137 2794 tur.
