1903 3306
488 263 551 292 DE
585 263 767 293 METRIS
801 263 1159 293 TERENTIANIS.
1465 253 1549 295 165

92 357 261 403 inv’idia‚
283 356 523 400 subv'enite;
554 357 666 406 quasi
687 356 811 407 legas,
835 356 1023 406 adjv'erit,
1049 356 1175 393 d'iitias
1196 356 1287 404 (vel,
1309 362 1351 393 ut
1372 356 1435 393 alii
1466 369 1547 394 ma-

93 422 192 466 lunt,
215 421 352 468 ditias)
370 420 553 465 enimero,
575 420 731 465 ineniet,
760 419 893 465 inidia,
917 420 1105 457 subenite.
1147 419 1175 455 L
1195 418 1417 469 deperditur
1443 432 1547 470 saepe

91 484 131 521 in
151 484 390 534 pronomine,
409 483 497 528 ill'e,
519 483 611 526 ill’a,
633 482 740 519 ill'ud
772 496 840 533 per
867 495 1001 519 omnes
1022 494 1150 526 casus,
1181 480 1284 527 ill'ic,
1304 481 1408 518 ill’uc
1427 495 1435 519 z
1466 488 1547 519 tum

92 547 349 597 icorripitur;
380 546 444 591 ile,
478 546 543 590 ila,
575 545 671 590 ilud,
692 549 764 582 διο.
797 552 840 582 ut
870 552 906 582 et
941 545 1118 582 nonnulli
1151 545 1267 583 etiam
1303 545 1462 595 legunt:
1494 545 1546 591 in,

91 610 318 661 paulu’lum,
339 609 535 647 eliduntur
557 610 567 646 l
590 616 627 646 et
647 623 685 651 u,
708 617 750 646 ut
770 609 935 659 legatur,
953 609 1110 659 paulum
1128 622 1137 646 ε
1179 608 1284 658 quod
1309 615 1347 645 et
1367 608 1430 645 alii
1451 608 1548 645 alte-

91 673 170 711 rius
191 673 279 711 loco
300 679 504 724 reponunt.
563 673 588 709 S
611 672 788 722 abjicitur
821 672 874 717 in,
914 671 1151 721 hujus'modi
1186 678 1225 709 et
1258 671 1473 722 ejusmodi,
1507 678 1549 709 ut

92 736 399 788 antepenultima
429 736 669 787 corripiatur.
728 737 787 781 In,
817 735 916 780 ist'e,
942 735 1040 780 ist'a,
1062 735 1177 772 ist’ud
1200 742 1238 773 et
1270 736 1426 785 reliquis
1448 738 1548 774 casi-

91 802 178 847 bus,
197 800 324 847 istu’c‚
344 800 458 846 ist’ic,
477 800 609 845 ist'aec,
630 799 838 845 isforsum,
858 798 1016 849 quidam
1037 812 1067 844 s,
1089 798 1152 836 alii
1173 805 1189 836 t
1215 799 1364 836 malunt
1392 799 1547 845 elidere,

93 871 135 901 ut
153 864 164 901 i
183 864 296 901 breve
316 870 533 901 censeatur.
593 863 636 899 In
668 863 743 899 fine
765 861 977 899 dictionum
1011 875 1115 912 saepe
1148 863 1405 900 absumuntur
1425 862 1450 899 d
1471 870 1509 901 et
1531 877 1547 901 s

93 934 183 965 ante
207 927 365 978 quasvis
386 926 540 964 literas:
573 926 641 963 sed
664 933 753 962 ante
771 932 1035 963 consonantes
1056 925 1151 976 ipsae
1173 925 1266 962 solae
1285 938 1294 963 t
1325 932 1415 964 ante
1434 939 1549 964 voca-

92 990 149 1028 les
170 1003 275 1037 vero,
294 1003 373 1028 non
391 990 516 1027 solum
538 990 648 1040 ipsae,
672 989 740 1027 sed
760 989 905 1027 vocalis
927 989 1015 1026 illas
1043 987 1268 1039 praecedens
1288 1002 1296 1027 :
1327 996 1443 1040 atque
1463 990 1550 1027 haec

92 1054 170 1092 fere
191 1060 284 1091 sunt
315 1055 354 1092 in
387 1053 527 1105 quibus
549 1054 778 1091 absorbetur
798 1053 823 1090 d
842 1066 850 1090 :
882 1052 944 1091 ad’
968 1055 1024 1102 (et
1043 1053 1082 1090 in
1103 1053 1334 1104 composito,
1368 1053 1551 1099 ad'sum,)

93 1117 224 1168 apu'd,
244 1117 310 1164 id‘,
330 1117 437 1169 quid’
466 1118 649 1168 (maxime
682 1124 770 1155 ante
791 1129 1018 1168 pronomen,
1047 1117 1134 1162 iste,
1167 1117 1254 1162 ista,
1276 1117 1398 1166 istud)
1418 1117 1553 1168 quod’,

93 1180 190 1218 sed’.
248 1182 274 1218 S
295 1181 335 1218 in
354 1181 687 1220 terminationibus
709 1194 766 1228 as,
788 1194 844 1226 es,
865 1194 923 1228 os,
957 1180 1248 1218 excludendum
1281 1193 1359 1218 non
1390 1181 1551 1226 offendi,

92 1243 168 1281 nisi
188 1244 240 1291 in,
262 1243 373 1290 dies’,
395 1245 556 1291 narras',
577 1245 664 1291 res',
684 1251 723 1282 et
741 1244 859 1282 taces’
877 1257 885 1282 :
916 1244 955 1281 in
981 1243 1013 1281 is
1030 1256 1160 1294 parce,
1182 1243 1299 1294 idque
1324 1243 1415 1281 dum
1434 1245 1549 1282 breve

96 1314 169 1354 est,
189 1308 309 1346 veluti
330 1308 368 1345 in
390 1309 644 1354 nominativo,
665 1308 830 1359 anguis’‚
849 1308 1021 1354 mensis',
1041 1308 1190 1360 pestis',
1209 1308 1254 1345 is'
1274 1321 1362 1345 cum
1383 1314 1442 1345 est
1461 1321 1551 1358 pro-

93 1384 258 1409 nomen:
289 1373 326 1409 in
349 1372 535 1423 genitivo,
564 1380 620 1419 ut,
655 1372 947 1419 adolescentis’,
979 1370 1312 1422 venustatis’que:
1353 1371 1392 1408 in
1411 1372 1550 1418 verbis,

93 1442 150 1481 ut,
182 1434 292 1485 agis’,
322 1435 475 1483 credis’,
505 1436 630 1480 dicis'‚
663 1435 873 1474 obtundis'.
932 1436 992 1481 In,
1025 1435 1178 1486 magis',
1210 1442 1250 1473 et
1270 1435 1376 1473 satis'
1404 1435 1550 1486 passim

94 1499 324 1536 absorbetur
345 1511 385 1536 s:
416 1505 508 1536 sunt
528 1506 659 1537 tamen
689 1500 755 1550 qui
776 1500 814 1536 in
845 1500 921 1536 illis
942 1500 1039 1537 locis
1064 1500 1203 1537 malint
1220 1499 1350 1550 legere
1370 1513 1492 1550 mage,
1513 1506 1553 1537 et

95 1568 168 1601 sat.
223 1563 268 1600 In
289 1562 525 1601 dictionibus
559 1563 597 1600 in
619 1577 665 1601 us
694 1565 809 1601 breve
830 1564 1099 1601 desinentibus
1121 1563 1320 1601 elisionem
1341 1562 1553 1601 admittunt

94 1626 210 1664 etiam
244 1625 269 1663 ii
301 1626 366 1676 qui
398 1626 565 1673 creticis,
599 1626 785 1673 bacchiis,
820 1634 860 1665 et
891 1626 1178 1677 amphibrachis
1210 1633 1397 1664 utuntur:
1434 1633 1478 1664 ut
1497 1627 1552 1673 in,

95 1689 220 1740 opus’‚
239 1688 382 1735 herus',
404 1689 594 1737 stolidus’‚
614 1690 749 1741 ipsus’,
782 1690 1038 1737 dehortatus',
1068 1690 1177 1741 ejus’,
1207 1690 1349 1742 hujus',
1384 1690 1553 1740 quibus’,

95 1753 256 1799 sumus',
277 1753 439 1804 aliisque
469 1753 692 1792 innumeris,
750 1753 827 1797 Qui
849 1753 970 1805 pedes
1001 1754 1088 1791 illos
1110 1754 1299 1804 rejiciunt,
1320 1767 1365 1791 us
1386 1753 1552 1804 produc-

94 1824 177 1855 tum
197 1817 312 1854 etiam
332 1817 570 1864 interimunt,
591 1825 635 1855 ut
669 1819 721 1864 in,
742 1818 843 1857 rus’:
876 1818 1021 1856 audent
1046 1818 1161 1855 etiam
1182 1817 1325 1856 elidere
1346 1818 1369 1855 b
1390 1818 1443 1864 in,
1462 1818 1524 1855 ob'
1542 1830 1551 1854 z

95 1880 106 1917 l
127 1881 165 1918 in
189 1879 337 1918 simul':
366 1893 404 1917 m
423 1888 513 1919 ante
547 1889 809 1919 consonantes
832 1881 885 1926 in,
906 1880 1077 1932 quidem'
1098 1888 1137 1918 et
1157 1881 1269 1918 enim'
1287 1894 1295 1918 :
1328 1887 1443 1931 atque
1466 1888 1480 1918 t
1499 1881 1553 1925 in,

96 1944 192 1990 erit',
213 1944 406 1990 excessit',
426 1939 553 1991 facit',
574 1945 733 1990 liceret'‚
763 1944 930 1990 occidit'‚
961 1944 1140 1995 oportet',
1170 1943 1329 1989 studet'‚
1360 1950 1399 1981 et
1420 1944 1554 1981 simili·

97 2009 197 2045 bus:
228 2008 357 2054 sicin,
379 2008 486 2058 quot'
519 2015 558 2046 et
587 2009 656 2047 ut’.
716 2009 794 2046 Sed
814 2009 863 2046 de
894 2008 1061 2054 diaeresi,
1095 2008 1297 2059 synaeresi,
1328 2014 1366 2044 et
1391 2007 1552 2046 elisione

96 2070 301 2109 hactenus.
357 2071 461 2109 Illud
498 2078 537 2109 et
570 2072 645 2110 hoc
679 2072 767 2110 loco
802 2071 1051 2117 monendum,
1082 2071 1186 2121 apud
1220 2070 1324 2107 hunc
1356 2076 1553 2108 auctorem

96 2134 243 2185 passim
263 2135 423 2173 inveniri
441 2135 599 2174 vocales
620 2136 757 2174 finales
778 2149 855 2173 non
871 2135 986 2173 elisas
1006 2133 1130 2184 (quod
1150 2133 1224 2171 hac
1245 2140 1339 2170 nota
1360 2138 1383 2154 “
1397 2147 1554 2184 expres-

99 2197 235 2247 simus)
254 2204 343 2236 ante
373 2198 470 2236 alias
492 2199 672 2237 vocales:
703 2199 821 2248 idque
855 2199 895 2234 in
928 2210 1006 2235 uno
1041 2204 1156 2247 atque
1189 2197 1327 2235 eodem
1347 2210 1486 2235 versu:
1516 2206 1555 2236 et

97 2268 249 2307 contra,
286 2262 326 2298 in
364 2262 537 2299 versibus
577 2261 740 2299 diversis
777 2262 951 2299 vocalem
997 2260 1152 2297 finalem
1190 2260 1328 2311 prioris
1369 2274 1392 2298 a
1428 2262 1555 2301 vocali

99 2324 298 2374 sequentis
319 2325 544 2363 absorberi:
576 2332 615 2362 et
649 2339 783 2363 rursus
817 2326 980 2376 primam
1012 2324 1176 2362 secundi
1199 2337 1334 2361 versus
1368 2324 1418 2361 ad
1439 2325 1554 2363 finem

97 2389 234 2440 prioris
254 2389 472 2438 pertinere:
502 2388 605 2425 idem
618 2388 811 2439 judicium
833 2388 880 2426 de
903 2388 1137 2426 dictionibus
1159 2387 1196 2423 in
1219 2400 1254 2424 m
1272 2386 1553 2434 desinentibus,

98 2465 186 2489 cum
208 2453 380 2502 sequitur
399 2452 631 2490 vocabulum
653 2466 675 2490 a
694 2453 818 2491 vocali
839 2453 1043 2502 incipiens.
1099 2451 1280 2488 Ceterum
1301 2451 1456 2488 vocales
1476 2452 1552 2489 illae

98 2515 234 2553 finales
269 2528 346 2553 non
367 2515 489 2562 elisae,
520 2529 608 2566 quae
638 2523 776 2554 natura
795 2523 862 2553 aut
889 2515 1132 2566 diphthongo
1152 2513 1471 2564 producerentur,
1491 2514 1553 2552 hic

99 2578 177 2616 fere
198 2578 481 2629 corripiuntur:
513 2580 706 2617 interdum
739 2586 868 2617 tamen
903 2578 1101 2615 invariatae
1122 2584 1295 2623 manent,
1331 2583 1370 2614 et
1388 2579 1553 2617 maxime

101 2648 190 2680 ante
223 2642 298 2687 ‘h,’
331 2642 439 2692 quod
472 2642 535 2681 hic
571 2657 675 2694 saepe
709 2644 765 2682 ita
797 2644 954 2693 plenam
984 2643 1061 2680 vim
1087 2641 1206 2679 habet
1223 2641 1490 2687 consonantis,
1512 2649 1554 2680 ut

102 2704 326 2754 praecedens
344 2706 472 2743 brevis
493 2706 531 2743 in
553 2720 589 2744 m
611 2708 669 2745 vel
691 2708 805 2746 aliam
836 2719 1050 2745 consonam
1081 2705 1264 2743 desinens
1285 2704 1414 2756 positu
1434 2704 1553 2755 longa

102 2774 318 2809 censeatur.
376 2770 524 2809 Horum
556 2772 727 2810 omnium
762 2771 940 2822 exempla
972 2771 1049 2810 huc
1080 2782 1290 2819 congerere
1324 2781 1553 2819 supervaca-
