1945 3296
372 226 455 266 114
659 232 784 263 LOCA
820 229 1089 262 MENANDRI
1129 230 1184 259 ET·
1219 228 1538 260 APOLLODORl

365 332 418 369 'O
440 332 680 380 σκληρότατος
698 329 782 379 πρὸς
801 328 882 366 υἱὸν
903 329 944 365 ἐν
963 330 1011 378 τῷ
1031 328 1232 371 νουθετεῖν,

370 396 459 433 Τοῖς
477 396 547 444 μὲν
566 397 692 442 λόγοις
711 394 830 442 πικρός
850 394 943 437 ἐστι,
961 396 1034 428 τοῖς
1056 389 1087 427 δ’
1103 392 1224 439 ἔργοις
1244 393 1377 439 πατὴρ.

371 458 497 496 Valde
517 458 555 495 in
576 456 772 495 monendo
788 455 817 493 si
840 455 926 506 quis
948 467 1061 506 asper
1081 453 1175 500 filio,

369 522 509 560 Verbis
529 522 691 560 acerbus
712 526 772 558 est
791 518 961 570 quidem,
991 517 1060 556 sed
1080 531 1119 556 re
1137 524 1259 568 pater.

426 587 489 623 Sic
509 585 610 623 idem
633 583 874 622 Menander:

368 649 467 699 Πρὸς
486 650 567 687 υἱὸν
588 650 702 699 ὀργὴν
722 649 784 685 οὒκ
802 649 883 698 ἔχει
902 646 1060 698 χρηστὸς
1079 651 1210 696 πατήρ.

370 712 469 750 Boni
489 712 660 763 parentis
681 711 737 748 ira
756 710 865 747 nulla
883 709 921 747 in
940 709 1076 746 filium.

370 781 379 798 ‘
399 777 590 814 Rufamne
610 775 716 813 illam
735 774 935 824 virginem,
955 774 1127 819 caesiam,
1160 784 1296 823 sparso
1317 785 1396 817 ore,
1417 770 1570 808 adunco
1588 768 1713 807 naso?
1742 781 1819 805 non

424 853 598 891 possum,
617 840 752 891 pater!
782 836 1002 875 Menander
1019 849 1028 874 :

368 904 431 943 Aa?
452 907 526 942 ἔσθ’
544 907 567 940 ἃ
588 909 708 953 κρῖναι
727 903 792 940 τὸν
812 907 952 950 γαμεῖν
971 904 1161 950 μέλλοντα
1182 898 1251 945 δεῖ,

359 970 472 1007 ”Ητοι
491 977 657 1018 προσηνῆ
677 967 779 1015 ὄψιν,
799 967 821 1011 ἢ
840 965 1005 1017 χρηστὸν
1024 967 1171 1014 τρόπον.

369 1034 453 1079 Τὴν
473 1035 651 1083 ὁμόνοιαν
671 1034 746 1079 ’γάρ
765 1033 831 1076 τὴν
850 1029 937 1079 πρὸς
956 1031 1144 1073 ἀλλήλους
1165 1033 1276 1065 ποιεῖ.

370 1097 414 1134 In
435 1096 580 1147 nuptiis
601 1101 778 1146 spectare
798 1106 859 1131 res
879 1092 993 1131 decet
1011 1092 1126 1139 duas,

368 1159 586 1198 Amabilem
607 1166 674 1197 aut
692 1158 860 1209 speciem
880 1157 970 1205 oris,
992 1164 1060 1195 aut
1079 1169 1204 1194 mores
1222 1156 1381 1206 probOS.

371 1223 628 1263 Concordiam
648 1234 738 1259 nam
759 1222 960 1259 continent
986 1220 1072 1258 haec
1094 1226 1280 1257 mutuam.

423 1288 601 1326 Formam
621 1299 709 1324 curn
729 1285 860 1336 probis
886 1284 1056 1322 moribus
1077 1281 1279 1334 conjungit
1294 1282 1370 1320 hoe
1389 1279 1582 1319 versiculo
1603 1278 1705 1317 idem
1735 1276 1821 1314 Me-

476 1350 627 1389 nander
646 1362 654 1387 :

365 1417 428 1454 ‘sss
445 1414 510 1461 ῆδῦ
530 1415 569 1453 τὸ
592 1415 724 1452 κάλλος
744 1412 835 1451 ὅταν
854 1414 924 1465 ἔχῃ
945 1419 1033 1449 νοῦν
1053 1412 1244 1462 σώφροναὶ

368 1481 494 1525 Quam
514 1484 625 1530 grata
644 1478 769 1516 forma
787 1482 859 1522 est,
879 1476 943 1514 cui
963 1487 1093 1514 comes
1123 1473 1302 1511 modesta
1322 1484 1432 1509 mens
1450 1474 1458 1507 !

810 1596 1057 1632 Amerffls.
1085 1593 1174 1630 Act.
1198 1605 1227 1630 1.
1257 1591 1322 1629 Sc.
1339 1604 1369 1628 1.

368 1679 462 1725 ‘Et‚
495 1677 601 1729 quod
648 1677 885 1714 fortunatum
931 1675 994 1712 isti
1031 1679 1184 1724 putant,
1225 1672 1393 1710 Uxorem
1429 1683 1629 1721 nunquam
1674 1668 1820 1707 habui!

419 1740 607 1781 Menand.

356 1795 542 1845 '³'ssuc0'19w'v
560 1797 629 1846 μεὶ
660 1799 819 1842 γυναῖκα
841 1795 882 1830 οὒ
901 1791 1103 1842 λαμβάνω.

367 1860 401 1897 O
423 1872 482 1898 me
502 1860 675 1904 beatum,
695 1857 759 1909 qui
777 1868 935 1895 uxorem
949 1855 1092 1892 habere
1112 1853 1219 1891 nolo!

945 1955 1032 1992 Act.
1052 1966 1082 1992 1.
1113 1953 1177 1990 Sc.
1197 1964 1246 1989 11.

367 2036 376 2053 ⁴
394 2033 518 2076 Quem
540 2045 665 2082 neque
685 2030 807 2081 pudet
836 2029 1059 2081 quicquam,
1091 2041 1164 2065 nec
1199 2025 1334 2064 metuit
1355 2024 1618 2076 quemquam.'
1653 2022 1818 2060 Menan-

420 2096 489 2133 der
508 2095 612 2145 apud
633 2095 822 2132 Priscian.
851 2094 919 2132 lib.
940 2106 1040 2130 vn1.

358 2158 431 2198 ‘Os
450 2159 481 2196 δ’
500 2160 571 2197 οὔτ’
591 2161 761 2208 ἐρυθριᾷν
780 2157 892 2203 οἶδεν,
915 2156 998 2194 οῦδὲ
1019 2154 1197 2201 δεδιέναι,

364 2223 425 2261 Τά
445 2230 568 2272 πρῶτα
588 2223 707 2268 πάσης
725 2228 784 2266 τῆς
803 2221 992 2259 ἀναιδείας
1012 2222 1107 2272 ἔχει.

365 2285 437 2324 Ille
457 2298 561 2332 vero,
583 2287 649 2336 qui
669 2298 740 2324 nec
761 2285 986 2323 erubescere
1007 2284 1128 2329 novit,
1148 2294 1274 2332 neque
1295 2285 1481 2324 metuere,

367 2350 568 2388 Universae
588 2349 839 2400 impudentiae
869 2349 1012 2400 primas
1035 2353 1155 2385 tenet.

365 2418 376 2436 ‘
393 2414 557 2451 Homine
576 2413 752 2463 imperito
772 2424 972 2463 nunquam
992 2411 1201 2461 quicquam
1218 2405 1428 2459 injustius!
1454 2402 1694 2442 Menander:

369 2477 448 2514 Oine
466 2478 541 2514 ἔστ’
562 2478 691 2514 ἀνοίας
710 2475 831 2522 οὐδὲν,
852 2479 896 2513 ὡς
912 2477 993 2525 ἐμοὶ
1010 2474 1123 2519 δοκεῖ,

364 2540 658 2589 Τολμηρότερον.

366 2603 474 2640 Nihil
494 2603 670 2654 imperito
689 2601 841 2639 videtur
861 2614 946 2639 esse
967 2598 1168 2637 audacius.

941 2686 1029 2724 Act.
1048 2698 1098 2722 11.
1130 2685 1194 2723 Sc.
1213 2696 1243 2721 1.
1619 2722 1623 2725 ,

370 2755 379 2773 ⁴
396 2752 555 2789 Minime
577 2751 705 2797 miror,
726 2750 790 2800 qui
810 2748 979 2786 insanire
1000 2748 1194 2798 occipiunt
1214 2759 1259 2784 ex
1277 2743 1441 2794 injuria.'
1467 2740 1707 2779 Menander:
