1945 3296
330 224 413 266 106
593 236 807 266 JOANNJS
840 236 1150 267 THEODORICI
1186 236 1463 268 BELLOVACI

384 329 460 372 Qui
481 329 530 367 de
546 329 743 368 nominum
765 328 1008 380 propriorum
1023 335 1153 380 etymo
1170 337 1209 366 et
1228 330 1545 382 interpretatione
1562 332 1675 384 plura
1691 337 1788 375 scire
1805 319 1807 321 ι

328 393 444 440 volet,
465 393 554 432 huic
575 393 779 431 adeundus
800 400 860 431 est
880 392 1063 444 Cratylus
1084 392 1277 432 Platonis.

383 458 569 496 Erasmus
602 457 639 494 in
663 458 953 496 Commentario
975 457 1024 495 de
1058 458 1203 495 Rerum
1235 458 1356 509 Copia
1373 472 1381 496 ε
1413 459 1562 498 Comici
1593 461 1789 512 praecipue

327 522 552 560 varietatem
572 521 609 559 in
631 521 806 572 ejusdem
827 534 983 572 quoque
1005 521 1157 571 generis
1178 522 1355 572 personis
1373 522 1577 560 affectasse
1595 523 1786 563 videntur.

328 585 434 629 Quid
455 587 557 624 enim
578 585 820 632 dissimilius,
851 598 970 636 quam
1003 586 1151 623 Demea
1173 599 1218 623 ac
1252 585 1366 623 Mitio
1398 585 1503 637 apud
1533 586 1788 626 Terentium?

329 649 503 693 Quorum
523 649 585 687 hic
605 663 693 687 cum
715 650 831 687 etiarn
864 649 1091 700 gravissime
1119 648 1242 688 filium
1275 649 1468 700 objurgat,
1501 650 1671 689 blandus
1702 659 1786 692 est:

325 713 404 760 ille,
422 727 510 752 cum
530 713 696 751 maxime
716 712 929 760 blanditur,
947 712 1236 751 amarulentus:
1259 719 1298 751 et
1316 720 1447 751 tamen
1467 721 1630 766 uterque
1652 728 1787 762 senex,

326 784 444 829 atque
465 777 565 816 adeo
584 777 735 815 fratres.
794 776 900 821 Quid
924 777 1129 824 diversius,
1150 790 1267 828 quam
1288 777 1475 817 Chremes
1498 792 1648 830 semper
1666 779 1786 831 placi-

326 841 400 878 dus
422 854 468 880 ac
485 841 625 888 civilis,
646 848 685 879 et
705 841 812 879 Simo
832 841 1040 880 vehemens
1063 854 1108 879 ac
1126 840 1396 892 suspiciosus?
1418 842 1516 881 Item
1533 855 1649 894 quam
1671 840 1786 882 Pam-

324 906 454 957 philus
488 905 686 952 cordatus,
720 912 760 944 et
793 905 984 943 Charinus
1017 905 1131 957 inops
1153 905 1268 944 animi
1289 905 1551 958 consiliique?
1580 906 1686 951 Quid
1705 913 1786 945 tam

325 970 528 1017 dissimile,
559 983 675 1021 quam
705 970 889 1008 Phaedria
909 984 997 1008 cum
1027 971 1163 1009 morbo
1196 983 1392 1021 pugnans,
1424 977 1465 1009 et
1493 970 1658 1009 Chaerea
1690 971 1786 1009 nihil

324 1034 472 1072 habens
492 1034 635 1085 pensi?
656 1034 824 1072 Multum
846 1035 935 1073 item
956 1035 1117 1072 interest
1136 1034 1235 1073 inter
1256 1034 1411 1073 Davum
1431 1035 1785 1086 pertinacissimum

325 1098 509 1149 sperandi
529 1105 739 1145 auctorem,
771 1104 809 1137 et
839 1099 1043 1150 Byrrhiam
1070 1098 1163 1136 nihil
1192 1104 1333 1149 praeter
1354 1099 1668 1150 desperationem
1689 1099 1784 1137 affe-

322 1170 484 1201 rentem.
541 1162 755 1201 Plurimum
774 1163 874 1200 inter
891 1163 1105 1214 parasitum
1127 1162 1394 1209 Gnathonem,
1420 1168 1460 1200 et
1479 1162 1754 1201 Phormionem
1775 1176 1784 1201 ε

322 1234 362 1265 et
381 1229 429 1265 ab
448 1235 613 1278 utroque
633 1227 750 1279 longe
770 1227 964 1265 dissident
981 1226 1141 1279 parasiti
1172 1226 1357 1274 Plautini,
1391 1226 1723 1278 quemadmodum
1744 1234 1784 1266 et

324 1291 439 1341 hujus
461 1292 681 1330 meretrices
716 1305 739 1330 a
766 1291 1011 1330 Terentianis
1044 1290 1253 1343 plurimum
1288 1290 1525 1342 discrepant.
1581 1291 1786 1330 Terentius

323 1356 544 1395 meretrices
564 1356 846 1408 propemodum
866 1358 990 1395 bonas
1010 1356 1137 1407 fingit,
1153 1355 1273 1394 veluti
1294 1355 1469 1393 Philotin
1489 1361 1528 1392 et
1552 1354 1784 1394 Bacchidem

322 1420 362 1457 in
384 1420 562 1472 Hecyra:
585 1421 749 1460 Plautus
772 1435 885 1460 senes
907 1429 1097 1467 amantes,
1119 1433 1164 1458 ac
1184 1420 1361 1466 festivos,
1379 1426 1418 1457 et
1432 1418 1618 1458 uxoribus
1635 1425 1786 1457 vetera-

323 1485 419 1523 torie
448 1486 693 1538 imponentes
712 1500 720 1525 :
750 1499 976 1537 quanquam
997 1486 1094 1524 alias
1117 1485 1344 1523 Euclionem
1365 1483 1589 1536 prodigiose
1608 1489 1786 1522 tenacem

323 1563 369 1588 ac
391 1550 648 1602 suspiciosum
670 1551 775 1590 facit.
835 1551 1039 1589 Hactenus
1061 1544 1261 1589 Erasmusss

376 1615 532 1654 Andros
552 1615 682 1653 insula
701 1621 774 1663 est,
794 1628 873 1653 una
889 1628 936 1653 ex
954 1613 1209 1666 Cycladibus,
1225 1614 1264 1651 in
1282 1612 1383 1651 Mari
1399 1612 1551 1664 AEgaeo,
1567 1612 1616 1650 ab
1633 1610 1783 1658 Andro,

323 1679 413 1717 Anii
434 1680 526 1727 filio,
547 1681 613 1731 qui
633 1681 671 1718 in
693 1694 739 1719 ea
758 1680 948 1731 regnavit,
970 1692 1112 1717 nomen
1134 1678 1281 1716 sortita.
1330 1677 1452 1715 Porro
1473 1676 1651 1727 AEgaeum
1671 1675 1784 1713 Mare

322 1744 439 1782 hodie
460 1745 589 1782 nautis
611 1745 728 1796 vulgo
749 1744 891 1783 dicitur
910 1743 1114 1794 Archipel,
1138 1741 1336 1779 nonnullis
1358 1740 1641 1791 Archipelago.
1704 1739 1785 1776 An-

324 1809 414 1846 dros
437 1821 541 1846 nunc
562 1808 702 1847 iisdem
718 1815 881 1847 vocatur
895 1807 1045 1853 Andro,
1067 1805 1261 1857 plerisque
1278 1804 1440 1842 Andria.
1499 1803 1602 1841 Hinc
1622 1802 1785 1854 adjecti-

321 1887 413 1911 vum
440 1873 628 1920 Andrius,
662 1873 767 1911 unde
787 1880 827 1911 et
843 1873 933 1910 huic
955 1871 1116 1909 Fabulae
1135 1883 1290 1908 nomen.
1347 1869 1507 1915 AEneas,
1542 1867 1596 1905 ait
1616 1867 1784 1905 Lactan-

322 1938 413 1984 tius,
448 1951 536 1976 cum
566 1945 675 1989 patre
705 1937 878 1976 Anchise
911 1943 950 1975 et
977 1936 1057 1974 filio
1078 1935 1250 1974 Ascanio
1281 1934 1470 1986 profugus
1503 1932 1643 1970 Delum
1663 1931 1782 1969 venit.

325 2003 399 2041 Hic
420 2004 468 2041 ab
490 2003 606 2050 Anio,
628 2002 832 2040 sacerdote
854 2001 1064 2053 Apollinis,
1084 1999 1266 2050 recipitur
1284 1997 1470 2049 hospitio,
1503 1995 1569 2048 qui
1588 1995 1664 2049 illis
1684 1993 1784 2032 indi-

322 2074 400 2114 cat,
421 2068 593 2119 quinque
614 2080 656 2105 se
675 2067 841 2105 filiarum
861 2072 1059 2118 parentem
1080 2065 1216 2102 orbum
1235 2062 1423 2100 relictum.
1470 2059 1647 2098 Andrum
1666 2059 1783 2104 enirn,

323 2146 347 2170 a
366 2146 443 2183 quo
463 2132 620 2170 Andros
640 2132 782 2177 insula,
804 2130 1007 2182 reliquisse
1026 2129 1204 2181 patriam,
1221 2130 1295 2167 &Q
1334 2125 1499 2165 Ovidius
1519 2124 1616 2163 libro
1633 2121 1783 2162 decimo

323 2198 435 2236 tertio
456 2197 716 2248 Metamorph.
737 2197 786 2235 de
808 2197 933 2234 AEnea
950 2195 1140 2247 loquens:

432 2283 549 2321 Hunc
569 2283 707 2328 Anius,
728 2295 805 2333 quo
827 2295 916 2332 rege
936 2280 1125 2326 homines,
1146 2276 1320 2316 antistite
1340 2274 1514 2313 Phoebus

432 2347 521 2386 Rite
540 2347 755 2392 colebatur,
776 2345 1001 2397 temploque
1022 2344 1215 2394 domoque
1235 2339 1394 2391 recepit.

325 2443 463 2496 Virgil.
485 2457 641 2496 quoque
660 2443 758 2482 libro
779 2442 892 2481 tertio
913 2439 1066 2479 AEneid.
1088 2439 1138 2478 de
1157 2438 1286 2477 insula
1307 2436 1408 2475 Delo
1427 2435 1545 2473 verba
1564 2433 1712 2472 faciens
1731 2444 1741 2469 ι

712 2517 869 2569 Egressi
889 2528 1116 2556 veneramur
1136 2512 1330 2564 Apollinis
1350 2510 1499 2548 urbem.

433 2583 520 2620 Rex
540 2581 678 2629 Anius,
706 2595 773 2620 rex
794 2581 897 2619 idem
917 2580 1130 2625 hominum,
1150 2576 1364 2626 Phoebique
1385 2570 1584 2616 sacerdos,

431 2647 550 2685 Vittis
571 2652 610 2684 et
629 2659 740 2684 sacra
760 2645 958 2684 redimitus
979 2650 1156 2694 tempora
1174 2641 1283 2678 lauro

431 2711 636 2749 Occurrit:
667 2716 835 2747 veterem
855 2708 1054 2746 Anchisen
1080 2704 1259 2757 agnoscit
1278 2702 1458 2741 amicum.

431 2777 453 2813 J
460 2775 640 2827 ungimus
657 2773 827 2825 hospitio
849 2772 1020 2819 dextras,
1044 2776 1084 2809 et
1103 2775 1208 2808 tecta
1226 2766 1411 2806 subimus.
