1903 3306
313 227 398 268 290
811 232 849 260 ι’.
882 227 1122 259 TEREN'ru
1158 226 1272 257 AFRI
1308 265 1310 270 Ι

314 332 384 373 S1.
416 329 621 388 Hoccine
644 326 756 381 agis,
778 338 835 366 an
855 325 976 366 non‘l
1041 324 1132 365 DA.
1163 322 1259 375 Ego
1281 331 1381 361 vero
1401 318 1530 360 istuc.
1580 317 1648 358 Sl·
1678 317 1775 358 Sed

448 388 603 438 *riu-nc
625 408 679 436 ea
700 407 771 434 me
792 392 1042 446 exquirere,
1712 384 1771 425 15
1822 411 1849 434 ἱ.

314 465 465 520 Iniqui
485 465 625 518 patris
647 465 738 503 est:
788 473 906 508 nam,
945 457 1068 511 quod
1101 455 1288 497 antehac
1324 452 1443 502 fecit,
1472 451 1579 492 nihil
1614 450 1672 492 ad
1702 463 1772 491 me
1820 440 1835 495 ζ

489 531 661 571 attinet.

317 601 439 642 Dum
458 602 633 651 tempus
666 594 723 636 ad
744 606 840 651 enni
872 605 967 633 rem
999 589 1116 638 tulit,
1154 588 1253 636 sivi,
1283 586 1472 628 animum
1494 588 1544 626 ut
1572 585 1776 640 expleret

489 677 639 707 suum:

320 735 455 778 Nunc
476 733 549 774 hic
571 732 665 772 dies
688 730 820 771 aliam
840 728 978 769 vitam
999 723 1140 774 affert,
1162 723 1273 763 alios
1295 733 1441 762 mores
1462 721 1673 775 postulat.

321 803 491 844 Dehinc
508 799 706 854 postulo,
730 797 825 838 sive
848 806 1025 848 aequum
1039 792 1108 842 'st,
1131 796 1175 833 te
1190 803 1281 841 or0,
1297 789 1440 840 Dave,
1455 793 1506 830 ut
1523 789 1669 831 redeat
1682 788 1778 844 Jam

492 873 537 913 in
558 873 691 912 viam.
1241 871 1269 875 ”“
1619 847 1652 879 .

324 944 419 986 ΒΑ.
452 940 555 982 Hoc
577 938 683 992 quid
716 937 802 978 sit?
864 934 930 975 S1.
963 933 1129 974 Omnes
1166 930 1241 985 qui
1275 932 1437 980 amant,
1472 928 1665 981 graviter
1692 928 1780 971 sibi

496 1006 589 1047 dari
612 1017 794 1046 uxorem
815 1004 974 1044 ferunt.
1723 995 1780 1037 20

323 1128 509 1161 Advertisne
524 1128 659 1158 animum
675 1127 714 1157 ad
730 1135 777 1164 ea,
792 1135 860 1165 qua>
884 1133 903 1153 α
919 1134 967 1155 me
981 1123 1138 1161 dicuntur,
1162 1131 1202 1152 αη
1224 1117 1310 1152 mm?
1356 1121 1427 1151 DA.
1450 1118 1603 1152 Adverto.
1645 1119 1696 1152 sr.
1719 1119 1782 1151 Sed

324 1183 406 1203 nunc
417 1181 462 1203 me
477 1172 595 1201 curiose
608 1169 775 1210 inquirere,
791 1178 831 1198 αη
838 1167 933 1208 filius
948 1169 1042 1204 (tinet,
1055 1164 1218 1196 severioris
1233 1167 1263 1195 et
1279 1163 1416 1194 durioris
1429 1162 1531 1203 patris
1536 1161 1650 1200 fuerit.
1687 1162 1787 1200 Nam,

325 1216 405 1255 quod
422 1215 550 1245 antehac
566 1213 663 1251 fecit,
688 1212 733 1241 m'l
754 1220 821 1241 mea
836 1209 946 1246 refert.
992 1208 1079 1239 Dum
1105 1212 1225 1248 tempus
1250 1207 1461 1236 adolescentioe
1483 1215 1617 1236 amorem
1630 1203 1786 1246 permisit,

325 1257 387 1288 sivi
402 1260 437 1287 ut
452 1256 586 1287 animum
599 1253 809 1294 voluptatibus
825 1252 966 1282 satiaret.
1012 1251 1103 1281 Nune
1118 1250 1173 1280 hoc
1187 1253 1305 1289 tempus
1319 1248 1413 1278 aliam
1424 1248 1498 1278 vitae
1512 1248 1664 1278 rationem
1677 1246 1787 1288 affert,

327 1300 406 1330 alios
420 1308 518 1330 mores
532 1299 681 1338 postulat.
727 1295 850 1326 Dehine
869 1294 1002 1334 postulo,
1019 1293 1085 1324 sire
1109 1302 1228 1332 <equum
1245 1294 1302 1329 est,
1328 1294 1359 1321 te
1380 1300 1445 1329 ore,
1472 1289 1572 1330 Dave,
1598 1293 1633 1320 ut
1655 1289 1688 1320 in
1703 1289 1786 1319 viam

327 1342 415 1373 bonae
422 1341 533 1380 frugis
548 1341 665 1371 redeat.
710 1338 780 1368 DA.
806 1338 891 1372 Quid
908 1336 972 1366 hoec
987 1335 1079 1367 verba
1091 1334 1282 1375 significent,
1303 1343 1363 1364 non
1384 1331 1538 1371 intelligo.
1585 1332 1634 1364 SI.
1659 1333 1786 1370 Omnes,

328 1385 381 1425 qui
395 1384 510 1415 anricus
527 1383 650 1422 habent,
666 1380 760 1412 inviti
776 1389 887 1411 uxores
907 1378 1062 1420 accipiunt
1079 1388 1096 1408 a
1109 1376 1303 1418 parentibus.
1348 1376 1421 1407 DA.
1445 1375 1497 1407 lta
1511 1374 1611 1408 aiunt.
1654 1374 1744 1414 Tum,
1759 1374 1788 1405 si

935 1478 1179 1492 ΝΜΜΜ

329 1541 421 1572 inter
435 1549 470 1570 se
485 1536 747 1580 permutantur!
765 1537 942 1568 PerZe-—lss
969 1535 1069 1570 Quod.
1095 1534 1183 1564 Sunt
1199 1542 1241 1563 ex
1258 1532 1342 1563 Mss.
1360 1533 1396 1562 et
1410 1528 1616 1561 editionibus
1632 1525 1788 1564 vetustis,

331 1584 364 1613 in
391 1584 512 1623 quibus
529 1586 582 1613 est
609 1591 694 1621 quoe:
719 1584 754 1612 et
778 1589 869 1618 mox,
896 1578 1044 1609 attinent.
1067 1577 1263 1608 West.-17
1288 1574 1369 1605 Sini.
1393 1573 1448 1604 Ita
1476 1573 1561 1603 Mss.
1584 1581 1659 1612 quae
1685 1570 1789 1602 lectio

329 1625 512 1656 Diomedis
530 1624 738 1655 auctoritate
756 1621 894 1663 probari
910 1624 1044 1660 potest:
1069 1619 1129 1650 lib.
1146 1627 1170 1649 1.
1194 1617 1290 1648 Lind.
1335 1616 1402 1647 Sed
1416 1616 1489 1656 ipse
1502 1613 1686 1645 Diomedes
1702 1622 1790 1653 prae-

331 1668 399 1698 fert
415 1668 488 1698 sivi.
511 1667 634 1697 Bruns.
669 1665 814 1696 Codices
831 1664 967 1705 quidam
985 1672 1040 1702 ap.
1060 1661 1157 1692 Liud.
1174 1670 1236 1701 pro
1248 1659 1308 1690 sivi
1322 1658 1449 1689 habent
1464 1661 1634 1688 vetustam
1646 1654 1788 1686 formam

332 1711 406 1749 sini,
421 1719 497 1751 quae
514 1709 605 1740 forte
632 1718 650 1738 a
672 1707 824 1738 Terentii
841 1715 940 1737 manu
964 1710 1030 1736 est.
1056 1704 1144 1735 R.D.
1191 1702 1263 1734 Sim·
1286 1701 1346 1732 dat
1362 1701 1486 1732 Z.—18
1503 1700 1542 1730 In
1558 1699 1721 1738 lectione,
1742 1697 1791 1727 his

333 1753 414 1791 «lies,
436 1752 542 1782 nostri
566 1756 598 1782 et
619 1750 737 1781 Fa'ossrni
755 1749 970 1780 consentiunt
987 1747 1086 1778 codd.
1133 1745 1200 1777 Sed
1218 1752 1377 1775 numerus
1402 1743 1565 1783 postulat,
1580 1744 1618 1772 ut
1633 1749 1696 1782 pro
1719 1740 1792 1770 vnl-

336 1796 407 1836 gari
429 1795 537 1835 qffert,
556 1803 631 1825 cum
647 1793 826 1829 Cicerone,
842 1792 953 1831 Epist.
971 1791 1064 1821 Fam.
1080 1798 1147 1820 xri.
1171 1791 1224 1819 25.
1246 1788 1380 1826 legatur
1394 1786 1506 1824 defert.
1528 1785 1631 1815 Bent.
1651 1781 1791 1820 ’Defert

336 1847 453 1868 versus
468 1837 697 1867 exosculatur.
745 1834 964 1874 Astipulatm·
989 1832 1057 1864 Gn.
1076 1834 1104 1862 1.
1129 1833 1163 1862 in
1181 1839 1245 1871 quo
1262 1830 1349 1860 male
1366 1831 1538 1868 expuncto
1556 1825 1702 1865 genuino
1717 1833 1791 1855 ver-

335 1881 379 1911 bo
395 1879 664 1920 superscriptum
680 1877 806 1916 legitur
824 1877 996 1916 vulgatum
1014 1875 1122 1915 affert.
1146 1873 1335 1904 Both.—-19
1357 1871 1392 1904 J.
1410 1874 1441 1902 et
1462 1869 1491 1900 si
1515 1878 1577 1910 pro
1599 1869 1674 1899 sive.
1697 1867 1791 1899 Peri.

335 1925 421 1953 —20
445 1923 493 1953 M.
517 1922 632 1960 Miror,
646 1920 700 1950 hoc
716 1919 790 1959 quid
811 1920 865 1949 sit.
897 1918 991 1948 Leid.
1011 1920 1043 1948 1.
1071 1915 1179 1955 addit,
1192 1915 1306 1953 nescio,
1322 1917 1354 1945 2.
1377 1913 1499 1951 ignoro,
1526 1911 1585 1942 sed
1611 1915 1792 1951 utrumque.

336 1964 473 1995 diversa
494 1973 605 1994 maun.
652 1963 733 1993 Par.
762 1971 805 1992 ex
833 1961 900 1991 Ms.
927 1959 1086 1990 Palatino
1117 1959 1215 1996 citat,
1260 1958 1331 1988 DA.
1349 1955 1420 1986 Hoc
1443 1954 1517 1995 quid
1541 1953 1717 1993 sitmescio.
1741 1953 1792 1983 St.

335 2007 407 2037 Hoc
433 2006 505 2047 quid
528 2007 582 2044 sit,
604 2006 714 2035 dicam.
763 2004 876 2034 Omnes
891 2003 942 2042 qui
969 2005 1086 2032 amant.
1133 2000 1351 2031 Glossemata
1380 2002 1459 2028 sunt
1486 1997 1616 2034 omnia3
1641 1995 1742 2037 quale
1757 1998 1795 2025 et

335 2050 433 2088 illud,
449 2049 537 2090 quod
567 2049 600 2078 in
618 2048 683 2078 Ms.
700 2047 918 2085 Argennon-at.
937 2045 1023 2075 vidit
1041 2043 1237 2074 Boeclerns:
1264 2041 1336 2072 Hoc
1358 2040 1431 2080 quid
1446 2040 1503 2078 sit,
1528 2039 1638 2070 nescio.
1681 2038 1733 2069 Sl.
1755 2037 1795 2068 Si

334 2101 454 2131 qnaeras
479 2091 590 2122 dicam.
608 2099 719 2120 omnes·
766 2088 908 2128 Optime
924 2088 1071 2118 oninium
1090 2085 1223 2126 ellipsin
1240 2083 1414 2124 supplevit
1430 2082 1596 2120 Donatus,
1611 2080 1676 2111 nisi
1691 2079 1795 2121 quod,

333 2134 401 2164 ἀντὶ
417 2134 472 2164 τοῦ
487 2134 611 2173 qum-is,
629 2131 809 2172 legendum
824 2140 938 2170 quoero.
985 2128 1100 2159 Possit
1118 2133 1233 2159 tamen
1244 2126 1390 2157 fortasse
1403 2124 1649 2164 interrogative
1664 2122 1794 2153 dictum
1854 2139 1859 2143 -

336 2186 420 2214 esse,
440 2176 507 2206 Hoc
523 2176 596 2216 quid
612 2176 652 2205 sit
662 2175 677 2207 ¹!
703 2183 775 2214 pro,
794 2172 887 2205 Quid
905 2173 1014 2203 dicam
1026 2171 1087 2201 lroc
1103 2171 1198 2201 esse?
1222 2170 1308 2202 Quae
1326 2166 1522 2208 explicandi
1539 2166 1627 2197 ratio
1644 2165 1671 2196 si
1684 2165 1793 2195 minus

335 2220 465 2259 placet,
483 2218 588 2258 possit
618 2217 784 2256 abruptus
816 2215 904 2245 Davi
926 2223 1036 2244 sermo
1053 2213 1161 2243 videri
1186 2221 1248 2253 per
1276 2211 1445 2242 Simonem
1469 2208 1633 2240 continno
1657 2215 1795 2237 narrare

336 2265 533 2301 pergentem
551 2258 803 2290 connectendas
821 2267 896 2287 eum
914 2256 995 2295 illis,
1020 2257 1030 2273 ⁴
1046 2256 1135 2294 Nou,
1161 2254 1288 2291 hercle,
1316 2251 1491 2291 intelligo?
1537 2251 1641 2282 Certe
1658 2248 1793 2290 quidem

336 2303 498 2343 ejusmodi
530 2302 687 2341 loquendi
710 2301 797 2331 ratio
826 2299 986 2340 frequens
1004 2303 1058 2329 est
1082 2299 1116 2328 iu
1134 2295 1332 2329 Comoediis.
1383 2295 1530 2325 Uxorem.
1554 2292 1700 2326 Quidam
1717 2290 1794 2322 libri

336 2346 455 2387 scripti
480 2349 526 2387 et„
542 2345 639 2383 editi,
665 2353 788 2374 uxores.
811 2342 921 2373 West.
968 2340 1043 2373 EA.
1075 2341 1146 2373 DA.
1170 2340 1289 2379 BIiror,
1312 2338 1367 2379 hoc
1389 2337 1463 2377 quid
1485 2336 1543 2368 sit.
1587 2335 1638 2367 SI.
1660 2333 1697 2366 Si
1711 2342 1792 2375 quoe-

994 2436 1133 2469 NOTAE

380 2515 417 2542 15
454 2511 589 2542 Hoccine
628 2509 708 2549 agis,
744 2519 784 2539 an
818 2506 894 2546 non]
933 2506 1035 2536 Aliud
1070 2503 1297 2546 men-miserit,
1314 2502 1452 2535 tandem
1468 2501 1528 2533 snb
1545 2501 1636 2543 ipsas
1653 2499 1790 2541 nuptias

333 2572 433 2601 agere
452 2561 656 2602 proverbiali
672 2560 779 2598 figura
792 2563 855 2598 cst,
873 2557 963 2588 aliud
981 2566 1036 2588 co·
1092 2557 1126 2587 in
1142 2555 1201 2586 filii
1216 2564 1323 2586 mores
1341 2552 1522 2594 inquirere.

337 2615 459 2653 guare,
476 2621 582 2651 pem-er
598 2611 732 2641 tuille-urs.
1136 2608 1176 2636 19
1199 2604 1273 2635 Sive
1289 2613 1408 2643 aequmn
1424 2600 1480 2640 ἐι]
1503 2600 1639 2632 Ironica
1659 2607 1792 2631 correc-

378 2664 440 2694 Sed
456 2673 535 2693 nuuc
551 2674 585 2693 eu
601 2672 648 2692 me
664 2661 836 2700 exquirere,
862 2660 967 2699 Iniqui
982 2669 1036 2698 pu-
1094 2657 1138 2687 tio
1153 2667 1160 2685 :
1187 2654 1395 2694 ἐπανόρθωσις.
1433 2652 1521 2684 Quae
1538 2651 1628 2682 tollit
1652 2649 1683 2680 id
1701 2649 1791 2690 qnod

334 2716 394 2743 ‘tri-s
422 2713 483 2753 est]
517 2712 629 2742 ironia
652 2715 725 2747 est3
750 2709 921 2750 siguificat
945 2709 1034 2739 enim
1092 2707 1218 2738 dictum
1245 2709 1308 2743 est,
1336 2708 1372 2734 et
1398 2712 1459 2743 pro
1487 2711 1538 2740 eo,
1568 2701 1655 2742 quod
1683 2699 1791 2739 magis

335 2775 400 2795 nou
417 2773 487 2794 esse
503 2763 606 2803 iniqui
622 2762 739 2803 patris,
757 2770 831 2792 cnm
845 2764 912 2790 tam
927 2760 1035 2790 multa
1090 2758 1247 2789 idoneum
1266 2754 1414 2793 videtur,
1430 2751 1575 2793 reponit.
