1903 3306
542 237 604 267 DE
636 234 835 266 00M1c1s
867 233 1123 264 VERslnus.
1466 224 1550 264 1135

265 330 351 369 Υἷεῖ
370 331 446 382 ἐμῷ
466 332 584 367 κλυτά
603 330 741 381 τεύχεα
761 327 916 378 δόμεναι
940 328 1230 377 παμφανόωντα.

107 395 178 433 Est
196 394 298 432 enim
317 394 483 445 δόμεναι,
504 392 616 443 quasi
636 392 780 443 δόμναι,
803 392 914 437 sicut,
937 390 1142 435 abietibus,
1163 395 1203 426 et
1222 388 1353 435 ariete,
1367 396 1406 427 et
1425 391 1550 439 parie-

104 458 206 496 tibus
224 471 233 495 :
263 464 301 495 et
319 458 394 495 hoc
415 456 633 493 Ennianum
651 469 660 493 :

264 520 466 570 Capitibus
487 526 670 556 nutantes
691 519 819 568 pinus,
839 524 1042 567 rectasque
1063 529 1283 567 cupressos.

105 585 149 621 In
169 585 308 634 quibus
329 590 458 621 tamen
489 582 693 630 συλλήψεις
726 588 830 627 sunt,
864 580 1113 630 pronuntiato
1136 581 1160 627 i,
1192 593 1261 631 pro
1293 584 1549 625 consonante,

106 647 204 685 sicut
222 647 297 684 hoe
318 660 429 684 versu
457 645 540 683 Ὀδ.
562 646 608 693 γ’.

315 718 319 723 ’
373 709 497 747 Πόλλ’
517 708 676 758 ἑπιμήρι’
695 709 844 757 ἔθεμεν.

105 775 176 812 Est
207 775 306 811 enim
326 773 423 823 μήρι’
457 775 516 810 ἕθε
540 772 741 822 dactylus:
772 777 837 808 νῦν
857 769 886 807 δ’
918 772 1005 808 αὖτέ
1032 786 1078 821 με
1098 772 1194 820 φίλε’
1220 769 1388 814 Ἀθήνης
1429 767 1488 805 vel
1509 775 1552 806 ut

105 838 208 884 alibi,
227 841 346 889 φίλαι,
367 838 509 883 Ἀθήνη
525 849 534 874 :
565 843 603 873 et
621 838 733 887 ἔξοχα
750 836 823 882 ’γάρ
838 851 901 884 μιν
914 835 1066 885 ἐφίλατο
1083 834 1244 872 Παλλάς
1264 833 1433 879 Ἀθὴνη;
1463 845 1553 883 prO-

103 888 360 939 nuntiandum
389 900 490 937 enirn
519 899 631 949 quasi
667 898 822 948 gemino
861 901 925 943 λλ,
966 908 1009 934 ut
1039 906 1078 948 φι
1106 898 1267 948 longum
1307 898 1386 934 fiat.
1444 897 1554 934 Sicut

99 965 169 1003 Ἰλ.
189 964 239 1012 β’.

304 1027 424 1065 Ἴλιον
444 1028 656 1076 ἐκπέρσαντ’
681 1027 868 1077 εὐτείχεον
888 1026 1126 1062 ἀπονέεσθαι.

104 1091 226 1136 Quasi
257 1093 351 1129 ἀππ.
407 1090 501 1127 Tale
529 1096 568 1127 et
596 1088 693 1126 illud
712 1089 842 1136 ''Apes,
869 1088 980 1138 quasi
999 1087 1140 1137 ”Αῤῥες
1159 1100 1245 1124 esse
1265 1086 1430 1125 videtur.
1490 1087 1550 1124 Ita

103 1162 142 1193 et
177 1155 390 1206 φιλομείὸης
422 1153 634 1206 Ἀφροδίτη,
668 1153 785 1190 habet
820 1155 864 1189 λο
899 1152 1088 1202 syllabam
1119 1150 1360 1201 productam.
1420 1150 1469 1187 Et
1489 1150 1551 1187 hic

102 1231 234 1256 versus
255 1219 429 1257 similiter
448 1215 774 1269 pronuntiationis
795 1215 1050 1265 productione
1071 1220 1327 1259 sustentatur,
1349 1213 1418 1251 Ἰλ.
1440 1214 1487 1261 γ’.

314 1282 466 1320 Αἷδοῖός
486 1298 524 1320 τε
544 1298 609 1332 μοι
628 1282 724 1325 ἐσσὶ,
755 1283 841 1330 φίλε
862 1280 977 1328 ἑκυρὲ,
996 1278 1112 1316 δεινός
1131 1294 1182 1316 τε.

103 1346 206 1383 Nam
239 1352 278 1385 et
309 1347 490 1397 aspiratio
519 1345 644 1383 brevis
675 1344 817 1381 vocalis
852 1343 1204 1394 pronuntiationem
1242 1347 1481 1383 remoratum
1513 1347 1552 1377 et

101 1410 212 1460 ρεδει,
232 1416 292 1449 est
306 1410 418 1461 quasi
436 1408 581 1458 ρεδδειῑ
613 1407 893 1446 sicut’sEbbc-:we
914 1406 946 1443 δ’
962 1408 1111 1451 Ἑλένη.
1169 1406 1363 1442 Rursum:
1394 1404 1462 1442 Ἰλ.
1486 1405 1526 1442 ε’.

261 1474 337 1511 Καὶ
358 1477 400 1511 νύ
420 1489 482 1510 κεν
503 1475 555 1510 ἔτι
575 1476 734 1510 πλέονας
753 1475 888 1509 λυκίων
908 1472 1016 1509 κτάνε
1037 1470 1112 1508 δῖος
1130 1468 1346 1506 Ὀδυσσεύς.

105 1537 188 1576 Etsi
206 1544 359 1589 poterat
377 1537 504 1575 facere
525 1538 602 1574 Καὶ
625 1537 696 1574 νὺκ’
715 1538 769 1574 ἔτι
789 1539 963 1580 πλέονας,
991 1542 1120 1572 tamen
1150 1532 1245 1570 illud
1273 1532 1420 1578 maluit,
1441 1532 1553 1570 nimi-

102 1614 184 1638 rum
203 1600 515 1651 pronuntiatione
545 1612 698 1636 versum
725 1598 972 1649 expediente,
1006 1603 1171 1648 quatuor
1191 1595 1371 1633 brevibus
1392 1595 1552 1647 syllabis

104 1676 220 1702 unam
239 1663 397 1714 longam
416 1669 454 1701 et
474 1662 572 1699 duas
591 1663 724 1700 breves
748 1662 976 1699 sonantibus
995 1674 1004 1698 ε
1034 1661 1135 1698 sicut
1156 1658 1238 1697 Ὀδ.
1261 1660 1309 1700 ἔ.

315 1727 391 1764 Καὶ
411 1728 492 1765 τότε
510 1726 677 1770 Φαιήκων
697 1726 732 1762 ἐς
750 1727 861 1762 πόλιν
878 1727 967 1775 ’ίμεν
986 1723 1041 1769 ἠδ’
1060 1726 1242 1771 ἐρέεσθαι.

103 1791 176 1828 Est
202 1791 302 1828 enim
322 1792 433 1827 πόλιν
461 1791 563 1839 ἰ’μεν,
595 1788 774 1839 dactylus
805 1801 883 1826 non
915 1788 1086 1840 syllabis,
1127 1788 1195 1825 sed
1228 1785 1347 1825 veteri
1383 1798 1554 1836 pronun-

102 1854 277 1899 tiatione,
297 1865 412 1903 quam
432 1866 503 1890 nos
538 1852 749 1902 exprimere
785 1851 920 1902 lingua
940 1851 1068 1889 aliena
1087 1864 1164 1888 non
1188 1863 1408 1902 possumus.
1466 1850 1554 1887 Hoc

102 1917 189 1955 loco
208 1916 247 1953 in
266 1923 432 1953 mentem
453 1915 546 1952 mihi
564 1916 670 1953 venit
694 1928 826 1952 versus
855 1927 970 1965 quem
992 1915 1166 1965 Scaliger
1195 1913 1358 1951 adduxit
1376 1926 1423 1950 ex
1444 1912 1553 1950 Euri—

102 1981 204 2031 pidis
222 1982 375 2025 Oreste,
394 1980 432 2034 in
448 1991 526 2029 quo
546 1985 651 2016 esset
670 1980 939 2029 ἐπισυναλοιφὴ
957 1991 965 2015 z

313 2043 538 2091 Αὐτουργός·
580 2043 683 2090 οἵπερ
702 2044 760 2079 καὶ
778 2043 882 2091 μόνοι
904 2042 1065 2082 σώὲουσι
1083 2043 1207 2078 πόλιν.

104 2107 183 2146 Sed
201 2121 273 2146 nos
294 2115 333 2146 et
350 2107 388 2144 in
407 2106 520 2144 editis
542 2107 589 2143 ab
610 2104 713 2142 Aldo
734 2104 921 2156 exemplis
941 2111 979 2142 et
1005 2105 1044 2141 in
1066 2103 1321 2156 explicatione
1343 2104 1552 2155 reperimus

104 2174 266 2213 σὼἓουσι
285 2177 370 2220 γῆν.
427 2171 514 2207 Hoc
533 2169 649 2219 igitur
667 2167 945 2218 relinquamus.
972 2168 1040 2205 Ἰλ.
1062 2168 1105 2204 υ’.

367 2236 564 2283 ΒῙόρσιμον
585 2233 625 2270 δέ
645 2233 678 2270 οἱ
700 2234 771 2269 ἔστ’
791 2234 989 2269 ἀλέασθαι.

104 2298 178 2336 Ubi
197 2298 402 2336 manifesta
421 2304 481 2336 est
500 2299 680 2343 συγκοπὴ,
708 2301 747 2333 et
766 2294 864 2332 illud
884 2296 1065 2346 μόρσιμον
1085 2294 1196 2344 quasi
1215 2295 1396 2345 μόρσμον.
1442 2294 1552 2332 Sicut

104 2369 143 2400 et
160 2363 199 2400 in
218 2362 307 2409 hoc,
325 2363 392 2400 Ἰλ.
416 2362 466 2398 ω’.

366 2426 490 2464 Έκτὸς
508 2425 578 2474 μὲν
597 2423 640 2470 δὴ
659 2427 780 2471 λέξον,
802 2425 910 2472 ’γέρον
931 2426 1028 2474 φίλε.

105 2490 176 2528 Est
195 2488 296 2528 enim
315 2489 538 2540 plane‚ypov
557 2491 657 2540 φίλε.
715 2486 1053 2530 Quemadmodum
1074 2491 1113 2522 et
1135 2483 1215 2523 Ὀδ.
1236 2487 1287 2531 η’.

367 2552 466 2598 Μὴὅ’
485 2550 576 2589 οὕτω
595 2554 704 2603 φίλον
723 2551 784 2589 Δι”ί
803 2553 910 2600 πατρὶ
930 2554 1088 2599 γένοιτο.

106 2616 181 2654 Ubi
199 2619 309 2669 φίλον
328 2622 388 2654 est
406 2616 516 2666 quasi
534 2618 641 2665 φλον.
698 2615 786 2652 Jam
807 2614 846 2651 in
865 2614 953 2661 hoc,
974 2614 1043 2652 Ἰλ.
1062 2611 1112 2660 β’.

368 2678 500 2729 Βωμοῦ
521 2678 552 2717 δ’
575 2678 742 2725 ὑπαΐξας,

107 2748 311 2795 συναίρεσις
330 2749 403 2781 est.
