1945 3296
309 239 366 279 528
903 250 1170 282 PRAEFATIO.

311 345 521 387 Biblioth.
550 345 647 388 Lat.
680 357 731 386 11.
761 345 832 387 30.
867 347 1103 401 Eugraphii
1135 349 1310 388 aetatem
1346 348 1403 389 ad
1436 348 1553 390 Saec.
1588 358 1639 390 x.
1661 361 1754 391 ver-

309 426 416 465 gens
436 418 553 455 recte
573 415 733 464 retulit,
756 415 900 455 codex
920 414 1091 454 demum
1114 414 1292 455 Saeculo
1314 426 1386 457 X1.
1407 419 1614 457 exaratus
1634 416 1755 457 vide-

307 484 392 520 tur.
451 479 514 522 At
534 481 773 535 Eugraphii
797 486 973 523 aetatem
996 495 1023 522 a
1046 482 1253 522 Fabricio
1275 486 1390 524 recte
1412 483 1633 524 definitam
1655 496 1754 524 esse

307 548 448 589 adhuc
469 549 657 590 dubitari
675 554 833 602 potest.
897 548 1100 604 Conjecit
1124 549 1245 590 illam
1265 563 1322 589 ex
1342 551 1623 604 sequentibus
1645 550 1755 592 Ger-

307 616 436 664 berti,
469 617 691 669 quondam
727 617 1001 666 scholastici,
1033 616 1209 657 tandem
1231 618 1312 657 sub
1332 617 1507 658 nomine
1534 617 1755 672 Sylvestri

307 683 364 723 ad
387 683 639 736 dignitatem
660 686 816 725 summi
838 684 1139 725 Romanorum
1161 685 1384 738 pontificis
1416 685 1573 735 evecti,
1606 685 1752 727 verbis

305 762 408 802 quae
448 751 649 803 leguntur
689 752 732 792 in
772 751 961 805 epistola
1004 751 1062 791 ad
1096 750 1334 791 Airardum
1370 763 1477 792 vul.
1514 751 1751 807 (Biblioth.

305 817 509 859 Maxima
530 818 712 860 Patrum
732 819 1008 860 Tom.xv11.
1041 818 1180 872 Lugd.
1216 819 1340 860 1670.
1373 832 1419 872 p.
1447 817 1570 873 669.)
1599 822 1613 841 ‘
1634 819 1753 861 Peti-

302 886 497 927 tionibus
518 887 605 927 tuis
627 887 884 938 annuimus3
914 890 1064 928 nostra
1094 891 1144 927 ut
1164 887 1398 940 exequaris
1419 888 1605 940 negotia,
1635 887 1754 928 velut

302 954 498 1006 propria,
529 967 769 995 monemus.
829 955 1000 996 Plinius
1031 955 1306 996 emendetur:
1338 954 1619 1008 Eugraphius
1640 952 1753 995 reci-

302 1021 472 1074 piatur;
504 1022 579 1075 qui
601 1022 789 1063 Orbacis
820 1027 864 1064 et
884 1023 1003 1076 apud
1022 1027 1221 1065 sanctum
1245 1023 1459 1064 Basolum
1478 1022 1752 1076 perscriban-

300 1089 393 1128 tur.’
453 1089 523 1129 Ex
557 1090 626 1130 his
659 1091 802 1131 verbis
835 1091 1022 1142 elicitur,
1057 1091 1350 1144 Eugraphium
1377 1090 1593 1144 aequalem
1614 1089 1752 1131 fuisse

299 1155 515 1206 Gerberti,
546 1158 621 1210 qui
640 1157 756 1198 vixit
774 1159 854 1198 sub
876 1157 1046 1199 Othone
1068 1169 1141 1199 111.
1163 1158 1275 1212 Imp.
1300 1162 1487 1199 exeunte
1509 1158 1676 1199 saeculo
1699 1168 1750 1198 x.

300 1229 346 1264 et
366 1236 482 1264 anno
501 1224 627 1265 1003.
655 1230 852 1265 mortuus
885 1228 965 1266 est.
1025 1224 1088 1266 At
1119 1226 1390 1278 perobscura
1423 1229 1538 1275 sunt,
1575 1229 1635 1276 et,
1664 1225 1750 1266 nisi

299 1292 389 1333 alia
409 1297 612 1345 prostant
632 1298 888 1345 argumenta
906 1294 961 1334 ad
983 1293 1276 1334 definiendum
1297 1298 1490 1347 tempUS,
1514 1307 1602 1348 quo
1617 1293 1749 1344 vixit,

297 1360 395 1400 sola
415 1373 500 1400 non
523 1360 756 1402 sufficiunt.
815 1360 1065 1413 Junguntur
1098 1361 1265 1401 Plinius
1296 1364 1339 1400 et
1374 1360 1662 1414 Eugraphius,
1692 1365 1749 1410 et,

297 1440 399 1468 cum
418 1428 539 1468 illum
561 1428 692 1480 longe
713 1431 810 1468 ante
831 1428 1090 1469 Gerbertum
1119 1428 1285 1468 vixisse
1317 1428 1429 1468 inter
1461 1440 1612 1468 omnes
1644 1440 1749 1468 con-

294 1499 396 1544 stet,
413 1508 544 1548 quare
564 1495 799 1549 Eugraphii
817 1500 1014 1548 tempora
1031 1495 1085 1535 ad
1108 1499 1279 1536 aetatem
1298 1494 1498 1536 Gerberti
1519 1495 1750 1537 limitanda

295 1564 429 1603 sunt?
461 1563 550 1604 Pro
584 1562 821 1616 recipiatur,
851 1563 970 1617 quod
1003 1563 1184 1604 relatum
1217 1563 1270 1603 ad
1294 1562 1599 1604 antecedentia
1619 1564 1748 1617 plane

293 1629 573 1684 ἀπροσδιόνυσον
605 1635 685 1681 est,
717 1631 948 1684 legendum
980 1643 1079 1671 esse
1115 1630 1294 1670 videtur
1333 1628 1590 1677 rescribatur,
1628 1630 1746 1683 quod

294 1702 448 1739 auctor
469 1712 565 1752 pr0,
587 1699 847 1749 describere,
867 1699 1036 1753 posuit.
1098 1698 1215 1739 Nam
1234 1698 1288 1738 de
1309 1697 1446 1747 libris,
1461 1710 1546 1738 non
1567 1697 1621 1738 de
1641 1698 1747 1738 viris

294 1778 540 1806 sermonem
563 1778 680 1815 esse,
713 1766 878 1806 mentio
901 1765 1036 1805 Plinii
1057 1765 1299 1805 clarissime
1320 1764 1522 1806 ostendit.
1584 1764 1745 1818 Neque

291 1832 380 1872 alio
406 1846 537 1874 sensu
568 1832 683 1874 idem
717 1833 981 1874 vocabulum
1013 1832 1301 1873 ‘rescribere’
1331 1831 1524 1885 epistola
1563 1841 1670 1873 vill.
1701 1845 1746 1886 p.

291 1900 391 1941 670.
423 1901 606 1942 sumsit:
638 1904 649 1922 ‘
668 1901 918 1941 Historiam
946 1901 1056 1942 Julii
1090 1900 1284 1942 Caesaris
1317 1913 1344 1941 a
1378 1899 1570 1940 Domino
1591 1898 1745 1940 Azone

291 1968 468 2009 Abbate
481 1969 757 2009 Terdonensi
773 1969 828 2010 ad
841 1968 1163 2010 rescribendum
1181 1969 1305 2009 nobis
1321 1967 1546 2021 acquirite,
1566 1971 1614 2009 ut
1630 1979 1744 2020 quos

289 2049 431 2090 penes
464 2049 544 2076 nos
577 2037 789 2077 habemus
821 2036 1040 2085 habeatis,
1075 2041 1120 2077 et
1140 2035 1258 2090 quod
1280 2035 1519 2089 reperimus
1542 2035 1744 2087 speretis,

290 2105 321 2145 i,
342 2117 379 2143 e.
412 2107 513 2143 octo
535 2104 756 2144 volumina
777 2101 948 2144 Boetiiss
1006 2102 1154 2143 Etiam
1187 2105 1407 2155 postrema
1428 2102 1562 2142 verba
1581 2102 1745 2155 episto-

289 2170 344 2212 1ae
367 2171 528 2224 prioris
548 2171 602 2211 de
625 2171 747 2211 libris
772 2175 919 2222 agunt.
977 2170 1006 2211 J
1011 2170 1114 2210 ubet
1153 2169 1269 2209 enim
1300 2167 1544 2209 Gerbertus
1579 2167 1745 2209 catalo-

291 2252 392 2290 gum
412 2238 569 2279 confici
595 2237 700 2293 (hoc
723 2239 838 2278 enim
862 2238 948 2278 sibi
969 2238 1060 2278 vult
1089 2240 1101 2260 ‘
1117 2236 1334 2290 perscribi
1348 2234 1382 2289 ')
1410 2235 1633 2285 librorum,
1667 2236 1743 2290 qui

292 2305 481 2346 Orbacis
502 2308 545 2345 ct
566 2305 681 2359 apud
704 2308 902 2345 sanctum
925 2304 1135 2344 Basolum
1163 2303 1359 2358 (nomina
1379 2302 1743 2344 monasteriorum

287 2373 360 2414 vel
383 2373 572 2413 aliorum
592 2373 793 2413 locorum
825 2385 922 2412 esse
955 2369 1179 2424 videntur)
1212 2370 1497 2423 reperiuntur.
1557 2369 1606 2410 Si
1640 2370 1742 2423 quis

288 2440 513 2481 literarum
540 2440 692 2480 harum
721 2443 892 2480 amator
912 2445 957 2479 ct
971 2439 1116 2492 judex
1138 2439 1183 2478 in
1205 2438 1430 2478 volumina
1449 2437 1595 2491 priora
1615 2436 1740 2478 chro-

289 2508 377 2549 nici
403 2508 458 2548 ab
492 2507 689 2547 Henrico
722 2508 775 2547 de
811 2507 1062 2547 Hervordia
1096 2505 1330 2558 conscripti
1358 2504 1581 2553 incideret,
1613 2504 1740 2558 cujus

291 2575 437 2628 operis
462 2573 708 2628 posteriora
730 2574 997 2614 Helmstadii
1015 2573 1203 2622 versavi,
1219 2572 1404 2612 fortasse
1418 2570 1472 2611 de
1488 2570 1737 2625 Eugraphio

292 2641 494 2683 notitiam
515 2640 761 2680 ulteriorem
785 2641 1008 2694 reperiret.
1068 2640 1196 2680 Solet
1232 2638 1346 2680 enim
1377 2637 1739 2690 diligentissimus

291 2707 647 2761 chronographus
670 2711 875 2748 auctores
897 2706 1012 2747 haud
1034 2718 1202 2760 paucos
1223 2717 1246 2745 e
1262 2704 1574 2745 florentissima
1592 2704 1738 2745 litera-

284 2788 378 2818 rum
405 2775 701 2817 Romanarum
736 2777 864 2815 aetate
896 2773 1153 2815 nominatim
1187 2770 1419 2820 adducere,
1448 2770 1550 2811 loca
1583 2782 1736 2812 excer-
