1903 3306
554 221 760 251 ANDRIAE
792 220 899 251 Acr.
923 221 954 251 1.
986 222 1055 252 sc.
1090 223 1119 250 1.
1479 217 1561 258 277

113 317 246 369 Quod
267 317 348 358 tibi
368 329 467 357 mea
488 329 558 374 ars
581 316 752 357 efficere
770 317 854 358 hoc
875 318 1021 370 possit
1040 318 1255 371 amplius?

115 386 184 426 S1.
216 385 342 426 Nihil
363 385 474 425 istac
495 397 609 437 opus
630 388 699 425 est
719 388 810 426 arte
831 385 886 425 ad
907 385 1019 426 hanc
1041 398 1130 426 rem
1152 399 1286 439 quam
1310 400 1416 440 paro
1434 403 1444 440 3
1533 390 1561 430 5

113 452 203 494 Sed
221 453 291 501 iis,
321 465 433 506 quas
455 465 629 505 semper
650 453 694 493 in
716 457 761 493 te
782 453 974 494 intellexi
995 454 1120 501 sitas,

0 518 60 586 a}
89 508 226 573 [Fide
244 525 291 561 et
311 520 635 579 taciturnitate.)
675 521 754 561 So.
785 520 990 574 Expecto
1011 521 1118 575 quid
1140 522 1263 563 velis.

112 587 182 628 Sl.
213 586 309 639 Ego
329 590 564 640 postquam
584 591 627 628 te
649 587 750 636 emi,
781 600 808 628 a
827 589 1011 641 parvulo
1032 592 1080 629 ut
1099 602 1272 642 semper
1295 590 1377 629 tibi

110 654 246 708 Apud
266 667 335 695 me
347 654 474 708 justa
495 659 539 695 et
559 655 749 695 clemens
769 642 1103 697 fueril‘shvitus

112 722 237 763 Scis:
266 721 368 772 feci,
388 734 412 762 e
433 734 561 762 servo
583 726 634 762 ut
655 734 783 762 esses
805 722 984 764 libertus
1009 723 1130 773 mihi,
1504 727 1559 767 10

110 789 353 843 Propterea
374 789 490 843 quod
511 790 735 830 serviebas
754 790 1004 831 liberaliter.

112 855 244 907 Quod
264 857 395 898 habui
417 869 635 898 summum
655 859 859 910 pretium,
882 858 1076 911 persolvi
1097 859 1188 899 tibi.

110 925 188 966 So.
209 924 264 966 In
283 925 495 966 memoria
511 925 667 967 habeo.
719 924 784 967 SI.
809 925 945 967 Haud
966 930 1085 967 muto
1105 926 1283 967 sactum.
1333 926 1412 967 So.
1435 926 1558 967 Gau-

282 992 383 1034 deo.

110 1059 160 1102 Si
182 1059 261 1101 tibi
281 1060 387 1113 quid
405 1060 503 1110 feci,
528 1066 605 1102 aut
623 1060 756 1111 facio,
776 1061 896 1114 quod
916 1061 1106 1118 placeat,
1132 1061 1272 1112 Simo,

109 1127 166 1169 Et
184 1128 231 1168 id
251 1132 424 1180 gratum
442 1128 582 1169 fuisse
604 1130 835 1170 advorsum
856 1119 1075 1180 te,[habeo
1097 1129 1309 1182 gratiamst
1348 1119 1408 1161 4⁶
1502 1130 1557 1171 15

110 1195 199 1237 Sed
218 1195 302 1236 hoc
318 1195 423 1236 mihi
445 1197 673 1237 molestum
694 1200 786 1238 est:
817 1210 918 1237 nam
938 1196 1093 1238 isthaec
1116 1198 1470 1238 commemoratio

108 1327 159 1358 S1.
183 1327 282 1360 Immo
297 1330 384 1360 aliud
398 1333 455 1361 est.
501 1331 560 1361 So.
587 1330 670 1365 Quid
695 1334 740 1361 est
762 1331 848 1362 aliud
871 1333 987 1370 praeter
1010 1331 1076 1369 hoc,
1101 1331 1179 1370 quod
1204 1329 1263 1360 tibi
1286 1340 1352 1360 mea
1368 1340 1420 1360 ars
1442 1329 1557 1370 efficere

104 1370 223 1410 possit?
268 1373 318 1404 SI.
342 1372 434 1403 Nihil
448 1373 509 1403 ista
526 1377 579 1403 lua
593 1377 660 1404 arte
674 1383 747 1413 opus
764 1374 840 1404 mihi
856 1377 901 1404 est
916 1375 955 1404 ad
977 1373 1054 1404 hanc
1067 1383 1143 1411 rem,
1160 1383 1251 1412 quam
1262 1382 1339 1412 paro
1349 1372 1458 1410 facere
1471 1382 1482 1407 ;
1504 1373 1557 1402 sed

105 1413 154 1443 lais
167 1413 338 1446 virtutibus
351 1416 450 1455 (quas
469 1425 586 1455 semper
600 1416 728 1455 cognovi
744 1416 776 1447 in
793 1420 823 1447 te
837 1426 899 1447 esse
909 1415 1050 1456 positas)
1055 1416 1125 1457 fide
1140 1419 1170 1446 et
1186 1415 1401 1446 taciturnitate
1416 1416 1447 1445 in
1460 1424 1558 1446 secre-

105 1456 148 1485 tis
160 1457 305 1488 celandis.
348 1457 408 1489 So.
433 1459 571 1498 Expecto
593 1460 665 1499 quid
686 1459 762 1489 velis
776 1469 822 1490 me
839 1458 959 1495 facere.
1002 1460 1057 1490 S1.
1080 1459 1162 1497 Ego,
1175 1462 1334 1498 postquam
1351 1461 1380 1488 te
1395 1458 1454 1488 emi
1471 1461 1557 1495 tunc,

103 1507 172 1528 cum
186 1508 262 1538 puer
275 1509 366 1539 esses,
380 1501 452 1540 scis,
467 1505 502 1531 ut
517 1502 550 1531 in
564 1501 738 1532 conditione
751 1502 857 1532 servili
882 1506 912 1532 te
933 1511 1052 1542 semper
1075 1501 1232 1532 habuerim
1255 1501 1417 1532 clementer
1442 1503 1472 1531 et
1497 1510 1558 1530 mo-

103 1542 220 1573 derate.
264 1542 339 1573 Feci
351 1547 386 1574 ut
401 1553 482 1574 esses
506 1544 634 1575 libertus
656 1543 733 1574 mihi
755 1548 911 1584 patrono;
938 1554 997 1574 non
1019 1543 1151 1583 amplius
1163 1553 1269 1574 seruus
1284 1543 1418 1574 domino.
1466 1543 1556 1573 122·ae-

103 1583 199 1614 mium
212 1594 302 1624 quam
312 1586 402 1624 potui
416 1586 597 1625 maximum,
610 1587 781 1618 libertatem
806 1587 878 1617 dedi
900 1586 958 1617 tibi
970 1598 982 1623 ;
1002 1587 1144 1626 quoniam
1168 1586 1311 1623 libenter,
1337 1589 1372 1616 ut
1399 1585 1487 1616 liberi
1503 1585 1555 1615 ho-

103 1625 202 1656 mines
215 1627 324 1666 solent,
338 1638 399 1659 non
415 1629 523 1665 invite,
542 1633 577 1660 ut
592 1630 684 1667 servi,
706 1629 860 1660 serviebas
875 1630 963 1660 mihi.
1009 1630 1068 1660 So.
1092 1630 1131 1660 Id
1147 1629 1178 1659 in
1194 1629 1341 1659 memoria
1357 1628 1461 1658 habeo.
1506 1628 1567 1659 S1.'

107 1668 232 1699 Nollem
252 1679 314 1700 non
332 1670 455 1708 sactum
475 1681 547 1703 esse.
593 1672 651 1703 So.
676 1672 795 1710 Laetor,
811 1672 838 1702 si
854 1673 929 1712 quid
945 1671 1017 1703 bene
1032 1673 1069 1703 de
1085 1675 1115 1702 te
1131 1672 1242 1710 merui,
1259 1675 1313 1702 aut
1329 1671 1428 1701 adhuc
1442 1680 1554 1706 mereo,

104 1711 183 1749 quod
202 1713 323 1751 probes,
345 1713 454 1749 Simo‚·
476 1718 507 1744 et
532 1715 565 1745 id
588 1714 645 1745 tibi
667 1715 819 1754 placuisse
843 1715 876 1745 in
903 1715 1041 1756 beneficii
1056 1716 1119 1745 loco
1142 1714 1256 1744 habeo.-
1278 1723 1383 1744 r-erum
1400 1714 1464 1744 hoec
1486 1724 1554 1753 quoe

103 1753 182 1784 dicis
196 1755 272 1786 mihi
287 1756 413 1787 molesta
435 1760 527 1794 sunt,·
548 1766 620 1787 nam
641 1758 705 1788 hoec
728 1758 789 1788 ista
813 1758 904 1796 longa
925 1758 1060 1788 recensio
1083 1761 1205 1788 tuorum
1227 1757 1260 1787 in
1282 1766 1328 1787 me
1343 1755 1554 1797 beneficiorum

712 1861 951 1873 ete-teneone

102 1940 190 1967 notae
217 1935 405 1977 praeferunt
431 1937 490 1969 his.
524 1938 649 1969 Bruns.
696 1939 762 1970 His
784 1939 947 1970 exhibent
974 1937 1091 1970 Guelf.
1118 1941 1149 1970 2.
1176 1939 1234 1970 ΒΓ.
1264 1942 1298 1968 et
1327 1937 1381 1969 ed.
1408 1937 1554 1968 Both.—

103 1981 123 2010 8
147 1979 404 2019 Emiaparv-ulo,
418 1984 452 2011 ut
468 1981 594 2012 Bru—9
619 1982 695 2012 Fuit
714 1982 831 2013 Guelf.
855 1985 885 2013 1.
910 1987 945 2012 et
971 1985 1023 2013 tua
1048 1982 1081 2012 in
1105 1981 1249 2011 fin.-10
1274 1980 1366 2011 Edit.
1393 1991 1418 2011 e.
1442 1980 1553 2010 Inter-

103 2027 256 2062 pnngunt
272 2022 412 2054 edition.
429 2028 508 2063 post
535 2023 658 2063 ‘mihi‚'
684 2031 786 2066 atque
803 2025 852 2056 ita
870 2024 999 2055 scholia
1021 2026 1121 2064 impr.
1146 2029 1180 2054 et
1207 2024 1307 2054 Bent.
1334 2024 1453 2054 Bruns.
1501 2023 1555 2053 Ex

102 2065 163 2095 dat
179 2065 273 2096 Peri.
321 2065 419 2106 Legit
434 2066 492 2097 Br.
509 2076 550 2097 ex
563 2076 649 2098 servo
664 2071 699 2098 ut
724 2077 804 2098 esses
829 2067 969 2107 libertus,
984 2067 1062 2098 mihi
1079 2067 1273 2106 P=ropt.——ll
1298 2066 1388 2106 Guy.
1409 2064 1554 2106 praefert

100 2107 213 2138 seri-ib.
236 2107 367 2140 Perlet.
411 2107 508 2139 Idem
525 2110 556 2140 in
578 2110 620 2141 V.
637 2110 675 2141 C.
694 2110 808 2141 Paris.
831 2109 901 2150 legi
926 2111 1058 2141 Pareus
1077 2115 1197 2140 auctor
1214 2116 1280 2140 est.
1309 2109 1407 2140 West.
1452 2108 1497 2138 V.
1514 2109 1553 2140 C.

100 2150 212 2182 sen-ib.
237 2150 337 2182 Lind.
381 2150 502 2182 Scribe
517 2152 629 2182 seri-ib.
654 2153 846 2183 Bent.—-l2
871 2153 911 2188 Q.
938 2162 962 2183 s.
977 2162 1033 2191 ego
1059 2152 1089 2182 h.
1115 2162 1146 2191 p.
1173 2151 1234 2183 dat
1256 2152 1441 2182 Boot—13
1467 2150 1552 2181 Cum

101 2192 274 2223 Palmerio
287 2192 337 2224 sic
352 2193 624 2233 distinguendum
641 2205 715 2226 esse
731 2204 878 2226 censeo:
905 2195 987 2226 haud
1000 2197 1095 2225 muto.
1119 2194 1167 2234 (h.
1183 2204 1214 2226 e.
1231 2203 1284 2225 me
1298 2203 1362 2224 non
1379 2193 1552 2234 poenitet.)

99 2234 290 2273 So.factum
301 2237 434 2274 gaudeo.
457 2237 559 2268 Bent.
604 2237 671 2268 Sed
698 2247 750 2268 res
775 2237 895 2268 eodem
919 2237 1020 2268 redit.
1044 2237 1085 2268 R.
1111 2238 1154 2268 D.
1200 2235 1269 2267 Alii
1295 2237 1412 2276 legunt
1432 2236 1552 2274 satum.

101 2278 253 2309 Praestat
268 2278 369 2309 lectio
386 2279 475 2318 vulg.
494 2280 590 2310 West.
635 2279 831 2311 Bentleium
849 2280 1004 2321 sequitur
1018 2279 1206 2310 Rom—14
1232 2278 1296 2310 Ed.
1314 2278 1371 2309 tihi
1387 2279 1470 2318 quia.
1486 2278 1552 2309 Ed.

97 2321 213 2360 placet,
226 2321 444 2361 improbante
459 2322 561 2353 Bent.
586 2322 705 2353 Bruns.
749 2323 898 2354 Placeat.-
922 2323 970 2354 sic
988 2323 1016 2353 B
1033 2322 1060 2353 C
1078 2322 1158 2353 Hel.
1187 2321 1276 2362 quod
1302 2327 1338 2352 et
1363 2321 1552 2360 elegantius

99 2363 236 2403 vulgato
261 2368 297 2394 et
327 2368 435 2395 metro
466 2364 592 2405 aptius.
615 2365 715 2396 Both.
773 2365 812 2396 Si
837 2376 865 2405 q.
892 2369 916 2395 t.
944 2366 1003 2396 ΒΓ.
1049 2365 1252 2395 Placen—15
1280 2364 1414 2394 Gratum
1430 2364 1462 2394 id
1479 2364 1552 2394 vult

101 2405 278 2437 Gom—16
300 2405 356 2437 Set
370 2407 425 2437 hoc
440 2417 480 2438 m.
514 2407 570 2438 Ita
587 2408 686 2438 codd.
712 2408 778 2439 Gn.
794 2414 830 2440 et
847 2408 927 2438 Hel.
945 2416 1055 2447 neque
1079 2408 1183 2437 aliter
1208 2407 1309 2437 Bent.
1335 2406 1434 2437 codd.
1460 2406 1551 2436 haud

101 2447 204 2480 dubie
220 2453 357 2481 secutus
373 2459 462 2480 suos.
506 2450 677 2491 Vulgares
705 2455 817 2482 tamen
841 2450 970 2481 librarii
991 2456 1028 2481 et
1052 2450 1213 2490 editorem,
1238 2450 1351 2480 versui
1379 2449 1552 2488 timentes,

754 2546 894 2579 NOTAE

143 2622 184 2651 10
205 2619 367 2661 [sibertus]
404 2621 576 2661 Libertus,
600 2627 653 2655 est
679 2633 795 2654 servus
891 2627 932 2655 12
959 2621 1275 2663 Summumpretiwn]
1299 2621 1455 2652 Libertas
1468 2620 1552 2652 dici-

98 2671 318 2701 manumissus
339 2681 360 2702 a
373 2670 528 2711 domin03
553 2672 586 2704 id
609 2677 673 2712 est,
692 2673 795 2705 servi·
851 2679 906 2707 tur
922 2674 1167 2706 inaestimabilis
1184 2684 1203 2705 a
1218 2673 1489 2706 Jnrisconsultis.

97 2724 172 2751 tute
186 2720 374 2760 liberatus3
397 2730 474 2754 nam
497 2732 613 2755 manus
627 2723 796 2764 siguificat
893 2727 933 2755 15
957 2725 996 2755 Id
1029 2728 1158 2764 gratiam
1179 2724 1282 2762 faisse
1310 2725 1471 2754 advorsum
1501 2723 1548 2764 te]

98 2774 316 2813 potestatem.
850 2776 859 2792 ‘
877 2773 1147 2807 Advorsum'hic
1159 2773 1338 2815 significat,
1352 2783 1445 2814 erga.
