1976 3296
734 232 1006 265 PRAEFA'rro.
1539 217 1593 258 ‘27

144 337 248 375 tunc
270 329 545 374 Helmstadii
567 328 724 382 degens
751 327 950 369 contulit.
1011 324 1114 366 Hos
1143 324 1259 364 enim
1289 323 1469 364 scholiis
1502 323 1594 364 sive

145 400 310 453 glossis
339 398 576 440 destitutos
611 409 724 446 esse,
756 396 938 436 doctiss.
973 394 1045 435 ille
1070 393 1309 441 Gesenius,
1343 391 1493 440 Hala,
1521 391 1597 430 ubi

144 480 259 508 nunc
280 465 549 508 Professoris
570 464 826 516 Theologiae
848 475 1020 503 munere
1035 461 1242 513 fungitur,
1266 458 1370 500 mihi
1391 459 1597 499 narravit.

145 534 295 576 Alium
318 532 516 574 codicem
536 531 846 572 Terentianum
871 529 1032 582 glossis
1055 528 1269 581 repletum
1290 527 1503 578 scriptum
1525 538 1598 565 an-

146 615 204 644 no
227 602 352 643 1474.
373 600 631 654 possidebat
658 598 841 639 doctiss.
872 596 1045 646 Nicias,
1079 600 1224 636 rector
1258 594 1599 646 Luneburgicus,

147 669 222 723 qui
249 669 363 709 hunc
384 681 484 709 cum
505 667 663 708 ceteris
685 667 777 707 suis
814 665 939 706 libris
972 668 1080 717 post
1112 666 1289 703 mortem
1311 661 1598 702 Bibliothecae

149 737 411 778 Monasterii
444 735 490 777 S.
524 733 764 776 Michaelis
793 732 926 787 juxta
961 731 1269 783 Luneburgum
1303 728 1448 770 inferri
1475 741 1599 769 cura-

148 809 280 845 verat.

206 870 294 912 Sed
313 874 505 912 revertor
525 869 582 910 ad
604 868 820 918 codicem,
837 880 967 921 quem
984 870 1085 907 ante
1101 865 1251 907 oculos
1267 864 1425 904 habeo.
1468 862 1601 903 Hunc

150 939 373 981 continere
393 938 565 991 glossas
588 937 683 978 sive
707 936 876 978 scholia
897 936 953 976 ab
976 934 1109 975 editis
1145 933 1339 981 diversa,
1373 932 1471 985 ipse
1500 944 1605 971 con·

150 1012 332 1061 spectus
353 1005 527 1047 abunde
549 1005 695 1045 docet.
755 1004 990 1055 Quatenus
1014 1015 1114 1043 cum
1135 1000 1192 1041 iis
1212 999 1483 1053 conspirent,
1506 1012 1604 1052 quae

151 1074 197 1115 in
224 1074 453 1115 codicibus
488 1076 587 1114 ante
620 1072 874 1113 memoratis
907 1071 1120 1122 leguntur,
1151 1068 1252 1109 aliis
1285 1066 1606 1120 explorandum

152 1141 364 1195 relinquo.
414 1140 652 1182 Auctorem
674 1139 940 1180 scholiorum
961 1141 1091 1180 aetate
1120 1137 1298 1178 Donato
1318 1134 1605 1188 grammatico

154 1210 319 1252 Saeculi
342 1220 406 1250 IV.
423 1210 672 1251 inferiorem
688 1221 804 1258 esse,
820 1212 946 1248 extra
963 1218 1135 1247 ornnem
1152 1203 1444 1245 dubitationis
1463 1203 1608 1243 aleam

155 1279 347 1332 positum
384 1281 463 1327 est,
503 1277 608 1331 quia
640 1276 870 1317 Donatum
905 1278 1062 1316 testem
1095 1272 1304 1327 producit
1335 1271 1378 1311 in
1415 1270 1608 1322 Prologo

156 1344 372 1386 Eunuchi.
430 1343 573 1384 Immo
593 1343 740 1384 nullus
761 1342 934 1392 dubito,
967 1355 1067 1382 eum
1092 1354 1147 1381 ne
1180 1338 1481 1393 Eugraphium
1512 1338 1610 1391 qui-

157 1412 256 1454 dem
275 1412 536 1465 scriptorem
556 1410 710 1452 saeculi
743 1420 796 1451 X.
827 1412 960 1451 aetate
982 1408 1253 1450 antecedere.
1313 1405 1610 1459 Eugraphium

157 1480 215 1521 ab
246 1492 301 1521 eo
331 1479 575 1521 lectitatum
608 1491 724 1528 esse,
754 1489 811 1518 ex
843 1477 1126 1518 consensione
1149 1474 1363 1516 Notarum
1383 1473 1612 1526 utriusque

158 1548 352 1589 auctoris
371 1547 601 1601 probabile
619 1549 700 1588 est.
759 1545 814 1587 In
834 1550 944 1586 nota
971 1543 1049 1599 [ad
1070 1542 1209 1585 Andr.
1234 1554 1309 1583 ιιι.
1340 1542 1382 1582 3.
1411 1539 1502 1592 34]
1530 1552 1612 1594 pro

159 1614 479 1669 significatione
512 1613 720 1656 vocabuli
762 1612 1008 1667 ‘periclum
1031 1611 1041 1627 ’
1081 1611 1259 1653 affertur
1290 1610 1414 1650 locus
1449 1621 1504 1649 ex
1539 1607 1613 1648 Ci-

159 1696 337 1734 cerone,
367 1697 497 1738 quem
516 1682 778 1735 laudaverat
796 1681 1089 1735 Eugraphius.
1149 1678 1358 1720 Scholion
1378 1676 1453 1730 [ad
1474 1674 1614 1716 Andr.

163 1762 236 1792 111.
255 1752 296 1792 4.
319 1750 406 1803 14.]
436 1751 525 1792 sere
552 1750 739 1792 totidem
771 1750 919 1792 verbis
953 1748 1073 1803 apud
1110 1745 1410 1800 Eugraphium
1444 1744 1615 1797 legitur.

162 1818 216 1860 In
235 1822 344 1860 nota
374 1818 450 1872 [ad
479 1817 616 1860 Andr.
653 1830 719 1859 ιν.
751 1819 792 1861 3.
827 1817 889 1870 1.]
920 1817 976 1859 ad
1007 1815 1218 1858 tuendam
1249 1812 1616 1867 significationem

163 1889 176 1909 ‘
195 1885 449 1941 proprium,'
480 1886 602 1940 quod
622 1886 692 1937 sit,
723 1890 1002 1940 perpetuum,
1030 1885 1160 1925 locus
1180 1880 1469 1929 nonneminis,
1490 1879 1617 1933 cujus

164 1959 310 1996 tamen
343 1966 504 1994 nomen
534 1954 758 2003 reticetur,
786 1953 994 1995 laudatur
1025 1956 1099 1992 ‘ut
1134 1949 1244 1991 illud
1274 1951 1286 1969 ‘
1306 1948 1618 2002 propriamque

165 2021 380 2063 dicabo.'’
441 2021 576 2063 Extat
606 2021 677 2063 hic
712 2022 838 2063 locus
871 2021 991 2076 apud
1023 2018 1258 2072 Virgilium
1290 2016 1391 2057 AEn.
1423 2026 1488 2056 lv,
1518 2014 1618 2055 126.

167 2093 357 2143 eumque
377 2089 641 2130 laudaverat
661 2089 951 2143 Eugraphius,
973 2088 1110 2129 alium
1132 2087 1349 2128 Donatus.
1410 2082 1554 2123 Etiam
1573 2082 1620 2122 in

167 2157 269 2211 ipso
303 2161 427 2198 textu
461 2157 766 2198 concinnando
803 2157 1098 2211 Eugraphium
1133 2157 1314 2195 secutus
1349 2156 1429 2192 est.
1501 2149 1621 2191 Nam

167 2224 330 2266 fundus
356 2225 562 2266 lectionis
593 2227 606 2246 ‘
623 2224 681 2265 ad
703 2224 1007 2265 auxiliandum
1029 2219 1229 2276 copiam'
1261 2218 1397 2260 Andr.
1420 2228 1471 2258 11.
1494 2217 1531 2258 1.
1552 2217 1622 2258 20.

170 2293 302 2334 estin
324 2292 594 2346 Eugraphio‚
626 2291 719 2345 qui,
747 2296 859 2332 teste
884 2291 1101 2339 Bentleio,
1131 2289 1268 2330 habet
1297 2290 1308 2307 ‘
1330 2286 1384 2327 ad
1405 2284 1623 2326 auxilium

172 2359 377 2414 copiam.’
436 2360 588 2401 Lectio
610 2359 752 2414 jactas
772 2358 907 2400 Andr.
932 2370 977 2400 v,
1017 2359 1060 2399 4³.
1081 2358 1122 2397 9.
1157 2359 1282 2397 extat
1314 2355 1360 2394 in
1392 2358 1501 2394 nota
1534 2352 1623 2393 Eu-

173 2428 343 2482 graphii
363 2427 420 2469 ad
440 2427 483 2469 h.
505 2427 534 2468 l.
594 2427 687 2468 Hic
708 2432 858 2468 tamen
879 2425 1122 2479 Eugraphii
1143 2429 1185 2465 et
1205 2422 1460 2464 scholiastis
1487 2421 1624 2461 nostri

174 2509 419 2537 consensus
448 2509 534 2536 non
570 2500 720 2536 tantus
751 2498 832 2544 est,
864 2500 915 2535 ut
944 2494 1058 2534 hunc
1088 2493 1424 2546 epitomatorem
1445 2489 1515 2529 vel
1548 2501 1624 2528 ex-

175 2565 432 2619 scriptorem
468 2563 781 2605 Commentarii
824 2561 1126 2615 Eugraphiani
1168 2559 1372 2600 habeam.
1447 2556 1625 2597 Cetero-

175 2632 279 2686 quin
300 2631 520 2672 Latinitas
543 2631 638 2684 ejus
658 2631 840 2671 barbara
860 2635 905 2672 et
925 2630 1095 2670 soloeca
1117 2628 1226 2669 satis
1245 2626 1417 2679 probat,
1447 2624 1503 2664 ad
1525 2636 1628 2664 ean-

178 2700 276 2740 dem
309 2703 483 2740 aetatem
515 2698 806 2749 ablegandum
839 2712 954 2747 esse,
992 2710 1079 2750 qua
1114 2694 1257 2736 codex
1290 2693 1389 2746 ipse
1419 2698 1629 2732 exaratus

179 2770 256 2816 est,
287 2766 315 2807 i.
338 2779 374 2806 e.
395 2766 450 2807 ad
471 2765 690 2807 Saeculum
713 2777 761 2808 X·
780 2766 854 2807 ‘vel
874 2765 1027 2820 potius
1051 2775 1120 2804 xl.
1181 2762 1229 2803 Si
1262 2761 1378 2802 enim
1402 2758 1629 2800 Fabricius
