1903 3306
253 200 339 242 494
753 216 791 244 1‘.
825 215 1067 247 TERENTH
1104 216 1221 248 Anni

253 306 338 357 Tu,
376 306 575 358 Simalio,
617 307 662 348 in
694 309 918 350 sinistrum
950 309 1116 363 cornu3
1158 316 1221 361 tu,
1256 311 1452 366 Syrisce,
1482 313 1525 354 in
1559 313 1714 371 dexte-

425 388 538 416 rum.
1687 385 1716 423 5

252 441 378 483 Cedo
400 443 535 484 alios:
567 443 643 483 ubi
673 443 872 484 centurio
903 449 971 486 est
995 444 1155 499 Sanga,
1187 450 1233 486 et
1261 447 1512 502 manipulus
1532 448 1711 490 furum?

426 510 507 552 SA.
539 511 708 552 Eccum
730 511 874 553 adest.

250 577 378 619 THR.
412 578 546 629 Quid,
586 579 775 632 ignave?
815 579 1066 637 peniculon'
1106 595 1315 636 pugnare,
1357 583 1434 637 qui
1472 583 1587 625 istuc
1627 585 1713 628 huc

422 651 587 700 portes,
611 646 782 700 cogitas
799 648 818 687 ‘l

248 763 356 793 accede
380 772 448 793 cum
465 762 556 799 vecti,
575 762 704 793 Donum.
751 763 810 802 Tu,
835 762 980 801 Simalio,
996 763 1028 794 in
1045 764 1206 796 sinistrum
1222 775 1337 804 cornu·;
1361 770 1405 806 tu,
1425 768 1565 809 Syrisce,
1587 770 1621 801 in
1637 770 1715 800 dex-

249 810 360 837 terum.
406 805 475 836 Alie·
488 806 664 845 procedant.
715 806 777 837 Ubi
800 809 845 837 est
868 806 1008 837 centurio
1025 807 1147 846 Sanga,
1174 812 1204 839 et
1223 810 1397 850 manipulus
1421 821 1579 843 servorum
1593 812 1714 843 culina-

246 846 387 880 riorum?
424 849 483 879 SA.
507 849 588 879 Ecce
599 858 678 889 eum,
700 850 798 880 adest.
831 849 924 880 THR.
951 849 1036 885 Quid
1051 849 1159 883 iners?
1187 851 1240 883 An
1256 855 1291 883 tu
1307 853 1460 895 peniculo,
1483 865 1570 896 quem
1589 859 1712 896 portus,

860 945 1099 958 eeeeeeeeeeee

247 1009 395 1042 mulcabo.
412 1009 521 1042 Zenn.
559 1010 721 1051 Mulcabo]
737 1012 813 1043 Hoc
830 1012 970 1044 verbum
987 1022 1080 1052 saepe
1095 1012 1316 1044 confunditur
1332 1023 1407 1046 cnm
1420 1015 1586 1047 mulctabo.
1603 1016 1703 1047 RD.

248 1053 409 1093 Mulcabv]
434 1053 489 1084 ΑΙ.
506 1054 592 1084 male
609 1054 714 1085 edunt
728 1055 874 1086 mulcabo.
900 1056 981 1096 Bip.
1005 1056 1167 1087 Mulctabo
1183 1057 1313 1096 Delph.
1332 1058 1373 1088 Z.
1405 1058 1518 1089 Dor-ux
1543 1058 1661 1090 Guelf.
1678 1062 1712 1091 1.

248 1100 280 1128 2.
308 1098 431 1127 Bru—5
458 1097 524 1128 Ms.
550 1097 644 1137 Lips.
676 1098 817 1129 sinistro.
865 1099 910 1129 Et
936 1101 1075 1130 dextero.
1101 1100 1209 1130 VVest.
1235 1100 1395 1131 Dextrum
1410 1101 1537 1133 Bra-6
1564 1102 1628 1133 Ula·
1642 1111 1713 1133 cen-

245 1140 330 1170 turio
345 1139 453 1178 Sanga
468 1140 518 1170 M.
553 1139 624 1170 GN.
649 1140 757 1179 Sanga
773 1151 876 1171 eccum
889 1142 977 1173 adest
993 1142 1068 1183 [ΒΥ.
1086 1141 1136 1181 et]
1151 1143 1216 1174 Ms.
1232 1142 1326 1183 Lips.
1345 1143 1445 1175 West.
1484 1144 1592 1183 Sanga
1611 1154 1714 1176 eccum

246 1184 333 1213 adest
359 1182 474 1213 Gueif.
497 1185 591 1213 2.—7
619 1183 740 1214 Nullus
767 1193 809 1213 ex
833 1184 971 1223 nostris,
998 1185 1074 1215 illuc
1103 1186 1171 1215 huc.
1217 1185 1382 1227 Plerique
1411 1187 1513 1217 istunc
1537 1187 1608 1219 huc.
1635 1188 1713 1220 Pet.

246 1225 341 1257 istum
357 1225 425 1256 huc.
472 1225 596 1266 Recte,
616 1225 705 1267 quod
723 1230 759 1257 et
774 1227 825 1257 vir
840 1227 961 1258 doctus
980 1227 1080 1260 vidit.
1100 1228 1198 1259 Bent.
1234 1228 1336 1260 Istum
1352 1229 1456 1261 Both.
1473 1230 1567 1262 Perl.
1603 1231 1712 1262 Istunc

903 1336 1053 1369 NOTAE

245 1412 343 1440 terea
374 1413 428 1440 est
456 1409 718 1442 instrumentum
743 1410 891 1444 ferreum
915 1417 952 1445 et
1007 1413 1120 1454 turiae,
1133 1413 1296 1455 manipuli
1313 1411 1468 1454 triginta,
1483 1412 1637 1445 cohortes
1654 1411 1714 1444 de-

244 1460 402 1499 militare,
419 1470 485 1502 quo
508 1459 751 1501 perfodiuntur
769 1463 930 1503 parietes.

287 1514 305 1542 5
330 1511 477 1552 Simalio]
499 1512 696 1544 Jucundum
713 1518 764 1544 est
783 1514 950 1554 intellige-

244 1572 281 1593 re
297 1562 435 1593 nomina
452 1567 668 1594 strenuorum
688 1564 832 1595 militum
849 1566 952 1596 Thra·

244 1613 349 1644 sonis.
390 1613 541 1653 Simalio,
573 1613 663 1654 quod
692 1614 796 1645 simus
835 1620 952 1655 esset5

243 1664 385 1703 Donax,
409 1663 510 1703 δόναξ,
540 1664 684 1703 arundo,
704 1666 759 1706 qui
785 1666 951 1697 arundine

244 1723 305 1755 pro
321 1714 419 1746 hasta
445 1715 632 1754 utebatur3
656 1716 827 1756 Syriscus,
851 1727 870 1748 a
897 1716 951 1748 σύ-

242 1776 358 1805 ρισκος,
384 1766 473 1807 quod
490 1767 593 1808 Syrus
612 1772 703 1799 esset
725 1768 867 1809 origine,
897 1770 949 1801 vel

244 1826 263 1847 a
285 1817 428 1858 syrisco,
446 1827 526 1848 vase
544 1818 705 1859 vimineo,
723 1819 756 1849 in
772 1829 838 1860 qno
865 1819 949 1852 ficus

241 1867 355 1899 solent
371 1868 549 1899 asservari.

287 1919 327 1950 In
351 1919 515 1950 sinistrum
541 1919 651 1960 cornu]
684 1920 820 1952 Cornua
851 1927 949 1954 erant

241 1970 352 2001 latera
367 1971 465 2010 aciei,
487 1971 535 2002 ita
562 1971 655 2002 dicta
674 1972 762 2013 qnod
782 1973 948 2013 promine-

242 2026 343 2060 rent;
367 2021 400 2052 in
428 2021 548 2062 quibus
565 2020 706 2053 stabant
722 2022 869 2063 equites,
894 2022 951 2064 qni

242 2072 411 2114 utrimque
429 2072 635 2105 claudebant
658 2074 768 2105 latera
784 2074 870 2105 aciei
894 2083 950 2114 pe-

242 2123 370 2154 destris
385 2134 393 2162 ;
420 2128 631 2164 quapropter
644 2128 765 2155 tnrmae
782 2125 950 2166 equitum,

242 2173 304 2203 alae
322 2172 505 2212 dicuntur-3
527 2175 580 2205 des
594 2175 787 2215 compagnies
809 2176 846 2206 de
861 2185 951 2206 cava-

239 2224 328 2256 lerie.

284 2277 305 2306 6
333 2275 394 2306 Ubi
408 2275 548 2307 centurio
572 2278 618 2306 est
635 2274 759 2315 Sanga]
785 2276 950 2308 Centurio

243 2331 295 2357 est
311 2331 448 2358 centum
465 2326 607 2357 militum
626 2325 823 2366 praefectus.
849 2326 950 2357 Unde

242 2381 276 2408 et
292 2377 443 2409 centuria
461 2386 595 2418 quoque
619 2376 756 2415 dicitur,
781 2377 878 2418 cnjus
900 2383 950 2409 ta-

242 2437 319 2458 men
345 2438 504 2460 numerus
533 2431 652 2468 postea
680 2427 847 2458 variavit:
874 2437 948 2458 nam

242 2478 332 2518 legio
345 2477 435 2518 apud
460 2478 632 2509 Romanos
658 2477 846 2518 antiquitus
869 2488 949 2519 qua-

243 2533 320 2559 tuor
342 2528 482 2558 millium
509 2532 606 2566 erat;
629 2527 718 2558 unde
746 2527 950 2568 quadratum

243 2588 364 2619 agmen
381 2578 573 2609 dicebatur.
621 2578 749 2609 Postea
763 2578 830 2609 duo
848 2579 951 2609 millia

243 2633 278 2661 et
304 2629 470 2660 ducentos
495 2628 622 2669 adjecit
646 2628 792 2667 Marius,
810 2633 846 2658 ut
870 2638 950 2659 con-

242 2683 352 2710 staret
367 2689 426 2710 sex
453 2679 600 2710 millibus
627 2683 662 2710 et
692 2679 847 2710 ducentis
863 2679 949 2709 mili-

244 2729 345 2762 tibus.
371 2730 412 2761 In
424 2730 558 2771 legione
568 2733 667 2762 erant
681 2729 858 2770 sexaginta
871 2739 949 2761 cen·

1005 1473 1091 1495 cem.

1049 1516 1234 1556 lilanipulus
1262 1516 1390 1558 furum]
1426 1516 1622 1557 Manipulus
1660 1518 1714 1547 est

1006 1564 1192 1598 fasciculus
1209 1567 1388 1598 herbarum
1415 1567 1471 1608 qui
1497 1576 1600 1598 manu
1623 1575 1715 1597 com·

1008 1616 1244 1656 prehenditur,
1260 1617 1349 1658 quod
1375 1617 1508 1657 signum
1535 1616 1569 1647 in
1593 1617 1714 1647 militia

1004 1666 1069 1697 fnit
1086 1667 1206 1708 priscis
1220 1668 1392 1699 Romanis.
1417 1667 1585 1699 Ovidius:
1607 1667 1713 1698 ‘Per-

1005 1717 1074 1749 tica
1094 1727 1274 1758 suspensos
1299 1717 1461 1759 portabat
1483 1718 1584 1758 longa
1606 1718 1711 1749 mani-

1004 1768 1098 1808 plos:
1124 1767 1225 1799 Unde
1241 1768 1439 1808 maniplaris
1462 1769 1600 1800 nomina
1616 1768 1711 1799 miles

1004 1816 1130 1849 habet!
1176 1817 1263 1848 Inde
1279 1818 1420 1858 ponitur
1431 1827 1493 1858 pro
1509 1818 1634 1858 exigua
1650 1818 1711 1848 mi-

1005 1868 1101 1899 litum
1118 1877 1231 1907 manu,
1254 1878 1331 1909 quae
1351 1878 1454 1899 unum
1474 1869 1629 1910 sequitur
1645 1867 1713 1909 sig-

1004 1928 1094 1949 nnm.
1139 1918 1245 1949 Fures
1269 1918 1324 1949 hic
1356 1919 1518 1950 dicuntur
1545 1918 1652 1958 servi,
1676 1922 1712 1949 et

1003 1967 1096 1998 fures
1122 1978 1362 2010 nonnunquam
1388 1979 1448 2009 pro
1473 1969 1577 2000 servis
1603 1968 1713 2009 accipi

1005 2019 1141 2060 scripsit
1156 2020 1295 2050 Servius
1319 2019 1362 2050 ad
1379 2019 1462 2050 illud
1485 2028 1621 2063 carmen
1637 2019 1713 2050 Vir-

1005 2070 1096 2111 gilii:
1121 2071 1130 2087 ‘
1149 2070 1240 2102 Quid
1264 2070 1392 2101 domini
1417 2069 1559 2110 facient,
1583 2069 1713 2101 audent

1005 2131 1081 2152 cum
1110 2121 1191 2151 talia
1218 2119 1308 2151 fures
1322 2120 1345 2151 ?'
1377 2120 1571 2161 Saepissime
1598 2125 1709 2150 tamen

1005 2170 1097 2202 fures
1132 2170 1224 2211 apud
1264 2170 1422 2202 Comicos
1468 2171 1711 2211 intelliguntur

1006 2221 1094 2252 servi
1119 2221 1285 2252 culinarii.
1330 2222 1433 2252 Forte
1449 2220 1594 2252 fossores
1611 2221 1710 2252 intel-

1006 2272 1096 2313 ligit,
1123 2276 1158 2302 et
1182 2272 1356 2303 cuniculos
1384 2275 1523 2312 agentes
1545 2271 1587 2303 ad
1615 2280 1712 2302 ever-

1006 2322 1112 2353 tenda
1148 2321 1274 2352 moenia
1316 2326 1352 2352 et
1392 2331 1501 2362 arces,
1540 2321 1710 2362 pionm'ers.

1006 2373 1167 2413 Sangam,
1198 2372 1275 2413 quia
1303 2382 1432 2413 coquus
1461 2376 1549 2411 erat,
1577 2371 1710 2402 Thraso

1004 2428 1105 2454 vocat
1121 2423 1370 2463 centurionem,
1388 2427 1546 2463 tanquam
1564 2421 1635 2452 aliis
1651 2422 1707 2452 ho-

1004 2474 1223 2505 noratiorem.
1281 2474 1425 2514 Sangam
1466 2473 1597 2504 dictum
1635 2472 1708 2514 qui-

1005 2524 1083 2555 dam
1110 2525 1228 2556 volunt
1253 2534 1271 2555 a
1293 2525 1418 2564 Sangia
1443 2524 1529 2563 vico,
1550 2524 1603 2554 vel
1627 2524 1710 2554 San-

1006 2576 1100 2616 gario
1127 2574 1265 2606 flumine
1289 2575 1472 2615 Phrygiam
1495 2584 1573 2605 nam
1604 2573 1710 2614 Pliry-

1006 2637 1064 2668 ges
1096 2627 1237 2658 serviles
1267 2632 1357 2658 sunt.
1402 2627 1504 2657 Forte
1533 2635 1552 2656 a
1582 2625 1707 2656 Graeco

1005 2675 1144 2718 σάγαρις.
1191 2677 1291 2710 Quod
1316 2677 1445 2709 securis
1465 2676 1633 2719 quoddam
1650 2686 1708 2717 ge-

1005 2738 1067 2760 nus
1084 2734 1147 2760 est.
