1976 3296
749 212 1022 244 PRAEFATIO.
1558 208 1613 249 15

160 309 446 359 Manuscrits,
465 322 549 362 que
571 309 680 350 dans
702 310 769 350 les
802 310 1056 364 imprimes3
1088 310 1200 350 mais
1235 310 1330 351 cela
1365 313 1500 353 seroit
1535 327 1610 354 cn-

157 389 361 430 nuyeux3
393 389 505 417 nous
524 375 708 417 n’avons
744 390 828 430 pas
861 376 1142 430 aujourd'hui
1177 377 1354 418 l'oreille
1378 391 1504 419 assez
1525 380 1611 421 fine

156 456 269 497 pour
292 443 422 496 juger
443 444 497 484 de
531 447 643 484 cette
666 443 913 485 difference.
974 444 1031 485 Et
1064 457 1175 497 pour
1207 457 1256 484 ce
1277 446 1353 497 qui
1386 450 1453 486 est
1481 446 1535 487 de
1568 448 1612 489 la

155 523 328 551 mesure
350 510 430 552 des
442 510 574 561 Vers,
595 512 626 553 il
647 525 756 553 nous
778 513 931 552 sieroit
950 513 1037 553 mal
1058 513 1112 552 de
1132 512 1306 553 vouloir
1326 512 1433 553 faire
1451 513 1516 553 les
1533 514 1611 554 de-

154 576 286 618 licats
307 591 382 618 sur
400 591 487 619 une
508 579 719 629 cadence,
754 580 829 633 qui
851 579 960 619 etoit
980 583 1175 632 tres-peu
1207 579 1396 619 sensible
1419 579 1477 619 du
1500 585 1611 622 tems

154 644 298 685 meme
319 644 374 685 de
397 644 597 697 Ciceron,
630 651 672 688 et
706 660 794 700 que
829 647 898 687 les
930 647 1030 700 plus
1052 646 1208 699 grands
1231 647 1536 687 connoisseurs
1556 662 1610 689 ne

156 710 425 753 demeloient
445 713 630 766 qu'avec
651 715 886 767 beaucoup
905 715 959 755 de
980 713 1134 767 peine?
1167 714 1472 754 Lucubreutur
1488 729 1610 766 sane,

155 779 387 820 mordeant
407 793 592 832 ungues,
615 782 847 830 extricent,
881 794 1013 835 quam
1034 781 1184 831 velint,
1219 781 1316 822 Viri
1344 781 1482 831 docti,
1513 784 1611 836 qui-

154 847 239 887 bus
262 848 397 887 otium
419 852 512 900 est3
533 852 625 889 tum
647 848 823 889 demum
838 861 942 889 vera
959 862 1104 889 eorum
1122 849 1264 902 gloria
1285 850 1609 902 praedicabitur,

154 915 232 954 ubi
252 914 500 955 utilitatem*
517 915 628 969 ejus,
662 916 782 969 quod
804 916 1002 966 fecerint,
1035 917 1356 969 approbabunt,
1389 916 1610 959 fortunas-

156 994 242 1034 que
266 981 460 1023 Graeciae
482 982 527 1022 in
544 996 597 1023 eo
618 984 745 1033 verti,
767 983 1129 1024 demonstrabunt
1150 984 1342 1036 publice.
1375 984 1610 1027 Enimvero

153 1053 333 1090 tueatur
355 1050 456 1102 quis
477 1050 559 1091 rite
583 1056 753 1092 ceteras
770 1056 938 1105 partes,
954 1055 997 1092 et
1014 1050 1160 1091 facilis
1182 1051 1505 1093 intricatissimi
1518 1068 1609 1095 me-

154 1117 208 1157 tri
235 1116 411 1170 jactura
439 1118 546 1170 erit3
579 1119 690 1159 satis
724 1132 771 1160 se
809 1132 1029 1173 superque
1063 1119 1168 1159 viva
1202 1132 1373 1159 morum
1407 1120 1609 1173 imagine,

153 1184 351 1239 stylique
372 1185 590 1238 elegantia
611 1187 934 1228 commendabit
954 1187 1198 1227 Terentius.
1260 1186 1353 1238 Ego
1385 1187 1528 1239 igitur,
1550 1203 1605 1230 ne

153 1253 255 1306 quid
288 1253 499 1294 adversus
521 1253 682 1306 Legem
704 1255 972 1304 Corneliam,
995 1267 1097 1308 quae
1131 1259 1198 1295 est
1220 1253 1274 1294 de
1312 1254 1464 1304 Falso,
1488 1269 1607 1297 corn-

151 1322 367 1361 mitterem
387 1320 585 1373 publice,
608 1336 761 1376 meque
783 1323 972 1376 turpiter
984 1322 1147 1371 darem,
1161 1321 1214 1361 de
1233 1321 1375 1362 Metro
1394 1335 1608 1376 perparce

153 1387 354 1428 disserui.
415 1387 576 1442 Neque
609 1391 722 1431 enim
758 1395 826 1431 est
861 1394 1073 1439 nostrum,
1107 1402 1208 1442 quae
1245 1402 1378 1442 super
1402 1403 1455 1429 eo
1478 1404 1607 1443 argu-

150 1460 300 1497 mento
321 1456 433 1497 inter
455 1456 704 1508 Erasmum,
728 1458 1003 1510 Scaligerum
1025 1457 1216 1506 Patrem,
1238 1456 1605 1510 Antesignanum‚

151 1521 435 1573 Glareanum,
459 1523 740 1575 Goveanum‚
761 1525 1042 1579 Scioppium,
1070 1525 1240 1578 Tanaq.
1261 1524 1469 1575 Fabrum,
1497 1527 1606 1569 Joa-

149 1589 337 1631 chimum
369 1589 683 1641 Camerarium,
706 1592 947 1647 Guyetum‚
983 1593 1111 1642 alios,
1135 1606 1389 1646 quanquam
1419 1595 1484 1635 uti
1516 1609 1607 1636 non

149 1658 362 1711 aequaleS,
387 1659 451 1699 ita
471 1672 552 1700 nec
575 1673 655 1713 per
675 1662 824 1701 onmia
845 1673 992 1714 pares,
1016 1661 1126 1701 satis
1155 1661 1318 1701 acriter
1339 1666 1442 1702 sunt
1465 1662 1605 1715 agita-

147 1728 221 1775 tae,
243 1738 506 1780 componere
528 1727 642 1769 lites.
702 1727 806 1778 Quo
838 1729 1008 1781 saepius
1040 1733 1186 1769 autern
1210 1728 1466 1771 Terentium
1490 1730 1604 1783 lego,

148 1806 202 1834 eo
234 1794 377 1846 magis
409 1794 458 1836 fit
489 1795 596 1836 mihi
632 1796 887 1846 verisimile,
919 1796 1297 1850 elegantissimum
1337 1796 1604 1851 Scriptorem

147 1860 385 1902 honestate
406 1863 635 1903 verborum
652 1863 920 1904 delectatum
942 1864 1141 1904 salebras
1161 1877 1361 1904 versuum
1385 1878 1606 1918 superare,

147 1940 279 1982 quam
303 1929 541 1983 quicquam
578 1930 631 1970 de
665 1936 786 1972 recto
809 1931 1149 1985 compositionis
1173 1932 1349 1972 tramite
1373 1932 1605 1974 deflectere

146 1995 372 2037 maluisse.
432 1997 489 2038 Et
509 1997 728 2051 profecto,
751 2003 964 2052 quantum
986 1998 1158 2039 decoris
1178 1997 1394 2051 Virgilius
1428 2013 1482 2039 ex
1509 2000 1604 2041 Ho-

146 2064 254 2104 meri
273 2064 518 2105 imitatione
540 2070 808 2107 consecutus
831 2070 915 2117 est,
933 2070 1100 2108 tantum
1122 2079 1145 2106 e
1169 2066 1401 2107 Menandri
1423 2080 1603 2120 expres-

147 2131 270 2171 sione
290 2131 538 2181 Terentius,
576 2137 655 2173 aut
689 2133 795 2186 plus
833 2147 902 2174 eo.
962 2133 1131 2174 Contra
1152 2134 1190 2174 si
1212 2134 1289 2187 qui
1313 2134 1519 2183 sentiunt,
1542 2137 1602 2176 nil

147 2198 352 2239 sentiunt.
412 2197 615 2240 Audiant
634 2200 733 2242 haec
762 2201 833 2243 vel
856 2201 1052 2243 Volcatii
1074 2201 1262 2254 Sedigiti
1299 2201 1473 2252 Manes,
1507 2204 1602 2255 pal-

146 2278 278 2314 mam,
298 2265 505 2307 Terentio
528 2267 740 2319 debitam,
763 2268 949 2310 Caecilio
964 2270 1126 2311 dantis.
1161 2269 1360 2310 Ducatur
1379 2283 1484 2310 sane
1500 2270 1601 2311 huic

144 2332 280 2382 laudi,
299 2338 481 2374 auctore
501 2334 708 2386 Horatio,
732 2337 948 2389 gravitate
966 2338 1145 2387 vicisse,
1167 2337 1297 2378 modo
1320 2337 1372 2377 de
1401 2337 1509 2378 Arte
1544 2338 1600 2378 lis

144 2400 264 2441 nulla
283 2406 513 2442 moveatur
535 2402 720 2445 Nostro.
781 2404 1046 2459 Quanquam
1062 2406 1159 2459 quis
1180 2407 1223 2445 in
1247 2405 1392 2446 Socco
1409 2405 1600 2458 gravita-

144 2472 235 2508 tem
256 2466 471 2509 Cothurni
491 2482 756 2524 magnopere
793 2472 1061 2513 admiretur?
1123 2472 1254 2514 Certe
1276 2473 1454 2526 quidem
1478 2477 1599 2513 tenu-

145 2535 299 2576 itatem
325 2537 541 2576 sermonis
563 2538 608 2577 in
631 2538 877 2580 Comoediis
891 2538 1065 2580 Graecis
1084 2538 1406 2589 Quintilianum
1423 2539 1600 2580 laudas-

145 2615 192 2644 se
233 2604 453 2645 novimus.
517 2603 644 2645 Unde
681 2605 863 2646 dubium
900 2606 1069 2647 nullum
1107 2610 1188 2655 est,
1225 2620 1478 2647 mansurum
1511 2607 1596 2646 Te—

142 2670 282 2711 rentio
306 2684 430 2712 suum
452 2671 675 2723 honorem,
700 2672 871 2714 Latinis
905 2673 1006 2714 dum
1041 2675 1238 2715 manebit
1273 2675 1457 2727 pretium
1481 2674 1597 2714 Lite-

146 2749 221 2779 ris.
