1903 3306
590 214 798 247 ANDRIAE
831 212 942 244 Aer.
974 214 1025 243 ιι.
1057 213 1124 243 sc.
1158 214 1189 243 1.
1532 203 1619 245 307

162 311 281 362 Quid
302 312 383 354 tibi
403 312 605 354 videtur?
637 307 792 351 adeon’
814 307 869 349 ad
892 307 1025 348 eum?
1087 307 1180 348 BY.
1212 304 1416 357 Quidni?
1449 307 1487 348 si
1511 305 1620 348 nihil

330 380 563 433 impetres,
1565 375 1621 415 15

162 447 227 489 Ut
245 452 287 489 te
308 447 545 488 arbitretur
567 445 650 486 sibi
672 447 874 498 paratum
894 442 1131 491 moechum,
1152 442 1191 482 si
1218 441 1338 483 illam
1360 442 1545 483 duxerit.

163 515 252 557 Cn.
276 513 405 555 Abin'
425 514 523 555 hinc
543 514 589 554 in
610 512 772 553 malam
793 524 884 552 rem
907 523 1006 551 cum
1028 509 1282 563 suspicione
1304 510 1435 561 istac,
1457 511 1621 551 scelus.

164 583 251 624 PA.
275 582 512 623 Charinum
535 581 682 623 video.
743 578 891 620 Salve.
952 577 1039 620 CH.
1071 566 1277 626 ff'sulve,
1298 577 1552 631 Pamphile.

164 650 238 692 Ad
269 655 312 692 te
349 649 551 698 advenio,
587 661 728 703 spem,
761 646 967 696 salutem,
1003 645 1236 696 auxilium,
1272 646 1510 686 consilium
1545 657 1623 685 ex-

166 786 255 827 ΡΑ.
285 721 556 839 Nggitlinsnol
592 781 768 824 consilii
801 781 952 822 locum
984 780 1145 832 habeo,
1178 793 1321 834 neque
1358 780 1516 845 Qxffii
1552 793 1626 821 co-

148 862 151 864 ’
337 853 473 907 piam.
1571 850 1629 891 20

168 920 256 963 Sed
276 921 393 962 istuc
415 919 627 974 quidnam
646 915 733 958 'st'e
796 915 887 957 CH.
920 915 1072 957 Hodie
1100 929 1288 958 uxorem
1311 916 1473 958 ducis?
1536 914 1627 957 PA.

341 986 495 1029 Aiunt.
555 985 646 1027 CH.
678 985 924 1039 Pamphile,

169 1057 218 1099 Si
239 1055 284 1098 id
304 1056 432 1106 facis,
453 1054 584 1096 hodie
604 1056 877 1108 postremum
895 1066 966 1094 me
982 1053 1122 1095 vides.
1155 1053 1242 1094 PA.
1265 1052 1390 1104 Quid
1411 1053 1508 1094 ita?
1540 1051 1628 1093 CH.

344 1123 435 1166 Hei
455 1123 585 1164 mihi!

170 1193 337 1236 Vereor
357 1192 518 1233 dicere.
570 1189 690 1231 Huic
712 1189 782 1231 dic
805 1203 976 1244 quaeso,
1000 1188 1196 1243 Byrrhia.
1240 1189 1331 1229 BY.
1354 1188 1449 1243 Ego
1471 1188 1631 1230 dicam.

345 1259 434 1301 PA.
466 1258 586 1310 Quid
613 1262 682 1300 est
700 1259 719 1298 ‘l
1377 1245 1403 1251 .„

170 1372 310 1405 Adibone
326 1371 526 1412 Pamphilum
537 1370 553 1403 ί)
598 1372 665 1402 ssv.
690 1368 834 1406 Quidni?
851 1370 972 1409 sulcem,
997 1373 1043 1409 ut,
1063 1370 1091 1401 si
1108 1370 1187 1401 nihil
1202 1370 1240 1402 ab
1256 1381 1288 1402 eo
1309 1370 1464 1411 impetreS,
1479 1370 1637 1402 existimet

170 1421 202 1447 te
215 1416 276 1447 sibi
291 1419 435 1456 paralum
451 1414 558 1446 uxoris
574 1414 766 1445 Pnicmnenae
781 1413 967 1444 adulterum.
1014 1414 1082 1445 CH.
1107 1414 1170 1444 Abi
1188 1414 1259 1445 hinc
1276 1414 1305 1444 in
1324 1415 1437 1448 mulum
1452 1414 1637 1451 cruciatum,

171 1459 323 1491 sceleste!
346 1469 416 1489 cum
439 1457 612 1499 suspicione
635 1458 708 1488 ista.
755 1456 821 1487 PA.
848 1456 1019 1486 Cium-inum
1045 1457 1142 1488 video.
1189 1457 1295 1496 Salve,
1325 1457 1472 1488 Charine.
1520 1457 1588 1487 CH.
1608 1456 1637 1486 O

173 1503 267 1541 salve,
285 1501 460 1541 Pamphile.
504 1501 556 1531 Ad
571 1503 602 1530 le
625 1499 782 1538 confugio,
806 1509 901 1538 spem,
924 1499 1069 1537 salutem,
1094 1500 1262 1537 auxilium,
1287 1500 1450 1531 consilium
1469 1500 1639 1539 impetrare

172 1545 227 1576 abs
241 1549 271 1576 le
284 1544 420 1585 cupiens.
462 1543 530 1574 PA.
557 1543 663 1584 Neque
677 1544 727 1582 pol
742 1541 1034 1579 hubeofucullatem
1049 1542 1122 1573 aliis
1138 1544 1326 1581 consulendi,
1343 1553 1436 1583 neque
1453 1546 1638 1583 potestatem

173 1587 360 1619 auxiliandi.
403 1586 465 1618 Sed
491 1586 639 1626 quidnam
662 1589 707 1616 est
732 1583 843 1616 istud?
888 1584 957 1615 CH.
985 1584 1090 1616 Hodie
1117 1596 1246 1617 uxorem
1275 1585 1386 1618 ducis?
1430 1586 1496 1617 PA.
1523 1585 1638 1616 Aiunt.

175 1631 245 1662 CH.
271 1629 448 1670 Pamphile,
472 1630 501 1659 si
523 1629 579 1660 hoc
595 1629 695 1668 facis,
717 1628 807 1659 lwclie
831 1637 878 1658 me
901 1627 1047 1658 ultimum
1070 1628 1156 1659 rides
1179 1629 1211 1659 in
1229 1629 1317 1660 rivis.
1364 1630 1430 1660 ΡΑ.
1456 1629 1541 1664 Quid
1563 1628 1609 1658 ila
1625 1626 1642 1658 'l

177 1674 248 1705 Cn.
271 1673 336 1705 Hei
351 1671 451 1704 mihi!
472 1682 533 1703 non
554 1673 652 1703 audeo
675 1681 742 1712 proe
767 1670 951 1702 verecundia
977 1671 1089 1702 dicere.
1133 1671 1208 1707 Dic,
1237 1681 1349 1712 quaeso,
1378 1672 1461 1711 huic,
1488 1671 1640 1713 Byrrhiu.

777 1766 1018 1779 eeeeeeeeeeee

177 1836 261 1876 quod
272 1833 443 1875 imp.'—l5
467 1834 564 1865 Unus
581 1834 658 1865 cod.
677 1844 695 1865 e
713 1835 839 1867 nostris
855 1835 959 1867 habet
987 1835 1073 1871 Quid
1097 1833 1184 1867 nisi?
1206 1839 1242 1866 ut
1265 1835 1345 1866 nihil
1370 1835 1540 1875 impetres,-
1562 1834 1643 1870 duo,

180 1879 266 1916 Quid
280 1875 367 1909 nisi?
388 1877 469 1908 nihil
482 1881 516 1908 ul
534 1878 689 1918 impetres.
730 1879 883 1910 Emenda
899 1879 1003 1920 igitur
1021 1879 1105 1914 Quid
1121 1877 1178 1910 ni?
1196 1879 1276 1910 nillil
1291 1882 1326 1909 ut
1342 1879 1496 1918 impetres.
1534 1877 1644 1918 Igitur

177 1923 186 1938 ‘
201 1921 258 1953 ut’
279 1919 394 1961 signif.
418 1921 498 1959 etsi,
523 1922 687 1961 quamvis.
716 1922 808 1954 Bent.
832 1931 931 1963 quem
959 1922 1114 1963 sequitur
1146 1922 1237 1952 Perl.
1283 1921 1368 1957 Quid
1390 1921 1452 1952 nisi
1475 1921 1555 1952 nihil
1570 1921 1644 1960 imp.

181 1965 329 1995 ssr.-16
351 1962 467 1995 Guelf.
482 1967 513 1995 l.
531 1964 661 1995 omittit
676 1964 832 1996 sime—17
859 1964 926 1996 Alii
951 1965 986 1996 in
1011 1965 1122 1996 malum
1139 1974 1269 1995 crucem.
1292 1965 1401 1995 XVest.
1445 1963 1530 1994 Abin
1548 1969 1645 1994 recte

181 2008 300 2048 legunt
327 2006 429 2037 codd.
455 2012 582 2046 praeter
607 2011 753 2047 quatuor
780 2013 927 2044 nostros,
943 2008 1002 2040 ubi
1019 2012 1072 2039 est
1087 2007 1161 2039 Abi.
1210 2008 1249 2038 In
1266 2008 1310 2038 V.
1328 2013 1364 2038 et
1382 2007 1438 2039 Vi.
1453 2017 1473 2037 n
1489 2007 1646 2037 abrasum

181 2056 246 2082 est.
294 2049 416 2080 Nullus
432 2058 514 2080 vero
532 2054 681 2080 nostrum
698 2050 801 2081 habet
813 2060 946 2082 crucem.
993 2051 1119 2082 Retine
1135 2060 1212 2081 rem.
1237 2051 1340 2081 Dent.
1379 2050 1542 2090 Suspicor
1560 2049 1646 2080 Abin

182 2098 243 2124 aut
257 2092 361 2123 Abeas
375 2092 511 2132 legend.
539 2094 594 2124 Er.
639 2093 702 2123 Abi
726 2094 784 2123 ΒΓ.
831 2095 961 2124 Crucem
989 2092 1102 2124 Guelf.
1131 2097 1161 2124 l.
1179 2096 1299 2124 2.—18
1324 2093 1401 2124 Alia
1417 2092 1579 2123 orationis
1598 2093 1646 2122 vis

184 2141 220 2167 et
245 2136 351 2166 virtus
375 2135 454 2174 erit,
475 2135 501 2166 si
531 2140 609 2176 post
633 2137 641 2152 ‘
657 2136 688 2166 0
715 2135 827 2166 salve'
850 2137 1011 2176 majorem
1037 2135 1162 2167 feceris
1187 2137 1510 2177 interpunctionem.
1558 2136 1647 2166 Nam

181 2180 272 2210 elata
287 2187 371 2209 voce
386 2177 677 2218 pronuntiandum
695 2185 748 2209 est
769 2180 778 2196 ‘
794 2179 994 2219 Pamphile!
1016 2179 1202 2210 Bent.—-19
1226 2179 1377 2210 Adi-enin.
1425 2179 1478 2209 lia
1506 2179 1563 2209 Pr.
1588 2178 1645 2209 lib.

186 2230 296 2253 xvm.
312 2227 348 2252 et
366 2221 450 2252 Mss.
473 2222 632 2261 plusculi,
651 2230 778 2262 eosque
803 2229 930 2253 secutae
957 2222 1036 2253 edd.
1062 2228 1219 2253 vetustte.
1268 2223 1380 2262 Vulgo
1405 2221 1504 2252 renio.
1538 2223 1649 2252 West.

182 2265 241 2306 qui
256 2269 355 2296 notat
370 2264 404 2294 in
420 2263 509 2296 Add.
525 2264 614 2296 renio
630 2265 744 2303 legere
761 2265 805 2296 G.
823 2266 891 2296 ET.
908 2266 990 2297 EM.
1025 2265 1101 2296 Hoc
1118 2270 1172 2296 est
1188 2265 1292 2296 etiam
1309 2265 1341 2295 iu
1357 2266 1415 2295 ΒΓ.
1433 2268 1442 2281 ⁶
1454 2264 1647 2295 Auxilium'

185 2313 263 2347 post
283 2306 436 2338 ‘consul
459 2307 539 2348 poni
559 2308 660 2348 jubet
685 2308 788 2339 Bent.
834 2309 967 2339 Morem
993 2307 1126 2339 faciunt
1152 2309 1248 2340 Perl-
1277 2308 1465 2339 notu-:20
1496 2307 1586 2340 Mur.
1612 2312 1649 2338 et

188 2352 226 2382 F.
244 2351 284 2382 F.
306 2350 450 2382 mallent
467 2351 512 2382 N.
536 2361 567 2391 p.
582 2349 698 2381 anxilii
721 2351 742 2382 l.
766 2351 797 2381 Ιι.
820 2361 852 2382 n.
875 2352 995 2382 consilii
1014 2362 1040 2382 c.
1064 2352 1172 2383 West.
1219 2352 1287 2382 Pro
1303 2351 1424 2382 consilii
1439 2352 1514 2390 lege
1529 2350 1650 2381 consili.

187 2394 276 2425 Nam
293 2395 437 2425 Veteres
453 2403 569 2425 omnes
585 2395 619 2424 in
634 2394 870 2432 substantivis,
893 2394 1096 2425 exeuntibus
1124 2395 1156 2425 in
1179 2394 1188 2411 ‘
1203 2393 1273 2425 ius'
1299 2395 1351 2425 vel
1376 2395 1384 2411 ‘
1399 2393 1490 2433 ium,'
1515 2403 1651 2433 semper

188 2436 370 2477 genitivos,
399 2441 436 2467 ut
462 2438 650 2475 vocatives,
671 2439 680 2453 ⁴
696 2436 724 2467 i'
749 2437 894 2477 simplici
921 2436 1123 2469 efferebant.
1168 2437 1238 2468 Sub
1265 2436 1413 2478 Augusti
1438 2436 1649 2468 senescentis

187 2481 325 2511 demum
339 2483 442 2510 aetate
457 2481 599 2511 mutatio
616 2480 856 2519 genitivorum,
879 2481 990 2521 qualis
1004 2480 1105 2511 hodie
1121 2485 1186 2518 est,
1206 2480 1297 2511 facta
1314 2485 1377 2511 est.
1422 2479 1555 2511 Deinde
1571 2479 1651 2510 Pet.

189 2527 224 2553 et
238 2523 280 2554 R.
295 2521 421 2553 habent
435 2532 530 2562 neque
545 2524 585 2553 ad
603 2522 818 2554 unsiliundum
842 2523 980 2563 copiam:
1004 2529 1040 2554 at
1068 2524 1152 2562 Eug.
1180 2533 1276 2563 neque
1297 2524 1336 2554 ad
1361 2523 1515 2554 auxilinm
1537 2523 1651 2562 copias.

190 2565 264 2605 Ego
280 2564 461 2605 legendum
478 2575 552 2596 esse
569 2575 702 2605 censeo,
716 2576 809 2606 neque
825 2567 865 2597 ad
877 2567 1029 2597 (rusilium
1045 2566 1173 2606 copiam.
1196 2567 1299 2598 Bent.
1337 2567 1487 2597 Omnino
1504 2575 1650 2606 sequun-

190 2613 247 2638 tur
273 2608 376 2639 Both.
404 2608 495 2639 Peri.
517 2618 658 2649 quorum
687 2609 779 2648 prior
804 2613 923 2640 notat:
949 2610 958 2626 ‘
975 2610 1085 2649 Vulgo
1102 2619 1196 2649 neque
1212 2609 1326 2640 auxilii
1341 2609 1470 2649 copiunt,
1493 2609 1652 2648 pessime.

193 2651 223 2682 A
238 2660 333 2690 neque
347 2651 388 2681 ml
403 2651 619 2682 alixiliamlum
634 2651 764 2691 copiam.
801 2651 868 2683 Gu.
883 2654 912 2682 2.
930 2653 1049 2692 copiam
1061 2652 1189 2690 auxilii,
1205 2652 1295 2692 quod
1310 2652 1391 2683 ferri
1410 2657 1536 2691 posset,
1551 2651 1651 2682 modo

192 2698 418 2733 reponeretur
433 2693 547 2725 auxili.
589 2694 656 2724 Sed
675 2699 905 2726 correctorem
922 2695 1008 2735 sapit
1028 2695 1269 2735 transpositio:
1309 2695 1442 2726 Consilii
1460 2696 1517 2726 Br.
1534 2699 1568 2724 at
1585 2703 1653 2724 mo-

191 2742 251 2766 net
269 2737 378 2767 Bruns
403 2737 511 2776 primo
528 2737 561 2767 in
579 2746 619 2768 eo
637 2737 763 2767 lectum
780 2738 927 2768 consiliis.
976 2738 1080 2778 Neque
1104 2739 1144 2769 ad
1159 2738 1374 2769 auxiliandum
1388 2748 1451 2777 cop.
1471 2737 1513 2768 id.
1532 2737 1652 2768 cod.—

192 2781 232 2811 21
258 2778 310 2810 Ila
325 2779 413 2810 aiunt
435 2778 551 2811 Guelf.
572 2782 601 2812 l.
653 2782 680 2810 0
698 2780 831 2821 Pamph.
856 2783 975 2813 3.-22
999 2781 1083 2812 Mss.
1108 2781 1244 2822 quidam
1270 2782 1310 2816 Q.
1328 2781 1349 2813 i.
1366 2784 1433 2811 est?
1459 2781 1650 2811 West.-23
