<?xml version="1.0" encoding="UTF-8"?>
<!DOCTYPE html PUBLIC "-//W3C//DTD XHTML 1.0 Transitional//EN"
    "http://www.w3.org/TR/xhtml1/DTD/xhtml1-transitional.dtd">
<html xmlns="http://www.w3.org/1999/xhtml" xml:lang="en" lang="en">
 <head>
  <title>
</title>
<meta http-equiv="Content-Type" content="text/html;charset=utf-8" />
  <meta name='ocr-system' content='tesseract 3.04.00' />
  <meta name='ocr-capabilities' content='ocr_page ocr_carea ocr_par ocr_line ocrx_word'/>
</head>
<body>
  <div class='ocr_page' id='page_1' title='image "./pubterentiiafric01tereuoft/pubterentiiafric01tereuoft_0442.png"; bbox 0 0 1903 3306; ppageno 0'>
   <div class='ocr_carea' id='block_1_1' title="bbox 337 196 1298 239">
    <p class='ocr_par' dir='ltr' id='par_1_1' title="bbox 337 196 1298 239">
     <span class='ocr_line' id='line_1_1' title="bbox 337 196 1298 239; baseline 0.002 -2"><span class='ocrx_word' id='word_1_1' title='bbox 337 196 422 237; x_wconf 68' lang='lat'>432</span> <span class='ocrx_word' id='word_1_2' title='bbox 836 210 873 238; x_wconf 83' lang='lat' dir='ltr'>P.</span> <span class='ocrx_word' id='word_1_3' title='bbox 906 209 1145 238; x_wconf 70' lang='lat' dir='ltr'>TEREN‘ru</span> <span class='ocrx_word' id='word_1_4' title='bbox 1182 210 1298 239; x_wconf 70' lang='lat' dir='ltr'>Arni</span> 
     </span>
    </p>
   </div>
   <div class='ocr_carea' id='block_1_2' title="bbox 341 295 1796 410">
    <p class='ocr_par' dir='ltr' id='par_1_2' title="bbox 341 295 1796 410">
     <span class='ocr_line' id='line_1_2' title="bbox 341 295 1796 357; baseline 0.002 -14"><span class='ocrx_word' id='word_1_5' title='bbox 341 295 504 357; x_wconf 81' lang='lat' dir='ltr'>Meque</span> <span class='ocrx_word' id='word_1_6' title='bbox 529 302 656 354; x_wconf 82' lang='lat' dir='ltr'>adeo,</span> <span class='ocrx_word' id='word_1_7' title='bbox 690 304 768 357; x_wconf 92' lang='lat' dir='ltr'>qui</span> <span class='ocrx_word' id='word_1_8' title='bbox 796 304 1051 356; x_wconf 80' lang='lat' dir='ltr'>restiterim3</span> <span class='ocrx_word' id='word_1_9' title='bbox 1095 307 1184 344; x_wconf 86' lang='lat' dir='ltr'>tum</span> <span class='ocrx_word' id='word_1_10' title='bbox 1208 309 1371 353; x_wconf 81' lang='lat' dir='ltr'>autem,</span> <span class='ocrx_word' id='word_1_11' title='bbox 1394 304 1469 357; x_wconf 88' lang='lat' dir='ltr'>qui</span> <span class='ocrx_word' id='word_1_12' title='bbox 1503 304 1625 345; x_wconf 85' lang='lat' dir='ltr'>illum</span> <span class='ocrx_word' id='word_1_13' title='bbox 1647 305 1796 346; x_wconf 85' lang='lat' dir='ltr'>flocci-</span> 
     </span>
     <span class='ocr_line' id='line_1_3' title="bbox 510 369 701 410; baseline 0.005 -1"><span class='ocrx_word' id='word_1_14' title='bbox 510 369 701 410; x_wconf 79' lang='lat' dir='ltr'><strong>fecerim.</strong></span> 
     </span>
    </p>
   </div>
   <div class='ocr_carea' id='block_1_3' title="bbox 341 436 1796 557">
    <p class='ocr_par' dir='ltr' id='par_1_3' title="bbox 341 436 1796 557">
     <span class='ocr_line' id='line_1_4' title="bbox 341 436 1796 488; baseline 0.001 -10"><span class='ocrx_word' id='word_1_15' title='bbox 341 436 431 478; x_wconf 87' lang='lat' dir='ltr'>Sed</span> <span class='ocrx_word' id='word_1_16' title='bbox 455 450 608 477; x_wconf 86' lang='lat' dir='ltr'>eccum</span> <span class='ocrx_word' id='word_1_17' title='bbox 635 437 980 478; x_wconf 81' lang='lat' dir='ltr'>Parmenonem!</span> <span class='ocrx_word' id='word_1_18' title='bbox 1013 438 1165 478; x_wconf 86' lang='lat' dir='ltr'>Salve.</span> <span class='ocrx_word' id='word_1_19' title='bbox 1227 437 1315 478; x_wconf 84' lang='lat' dir='ltr'>PA.</span> <span class='ocrx_word' id='word_1_20' title='bbox 1347 438 1468 488; x_wconf 85' lang='lat' dir='ltr'>Quid</span> <span class='ocrx_word' id='word_1_21' title='bbox 1494 442 1538 480; x_wconf 80' lang='lat' dir='ltr'>tu</span> <span class='ocrx_word' id='word_1_22' title='bbox 1560 453 1608 480; x_wconf 85' lang='lat' dir='ltr'>es</span> <span class='ocrx_word' id='word_1_23' title='bbox 1626 439 1796 481; x_wconf 69' lang='lat' dir='ltr'>tristis?</span> 
     </span>
     <span class='ocr_line' id='line_1_5' title="bbox 512 504 957 557; baseline 0.002 -13"><span class='ocrx_word' id='word_1_24' title='bbox 512 504 676 557; x_wconf 81' lang='lat' dir='ltr'>quidve</span> <span class='ocrx_word' id='word_1_25' title='bbox 697 517 744 544; x_wconf 89' lang='lat' dir='ltr'>es</span> <span class='ocrx_word' id='word_1_26' title='bbox 766 505 957 545; x_wconf 67' lang='lat' dir='ltr'>alacris?</span> 
     </span>
    </p>
   </div>
   <div class='ocr_carea' id='block_1_4' title="bbox 342 570 1798 759">
    <p class='ocr_par' dir='ltr' id='par_1_4' title="bbox 342 570 1798 759">
     <span class='ocr_line' id='line_1_6' title="bbox 342 570 1798 627; baseline 0.003 -17"><span class='ocrx_word' id='word_1_27' title='bbox 342 570 469 611; x_wconf 85' lang='lat' dir='ltr'>Unde</span> <span class='ocrx_word' id='word_1_28' title='bbox 489 571 559 612; x_wconf 82' lang='lat' dir='ltr'>is‘?</span> <span class='ocrx_word' id='word_1_29' title='bbox 623 571 711 613; x_wconf 83' lang='lat' dir='ltr'>CH.</span> <span class='ocrx_word' id='word_1_30' title='bbox 744 571 920 624; x_wconf 65' lang='lat' dir='ltr'>Egone?</span> <span class='ocrx_word' id='word_1_31' title='bbox 953 573 1106 613; x_wconf 87' lang='lat' dir='ltr'>nescio</span> <span class='ocrx_word' id='word_1_32' title='bbox 1133 573 1328 622; x_wconf 85' lang='lat' dir='ltr'>hercule,</span> <span class='ocrx_word' id='word_1_33' title='bbox 1357 586 1498 627; x_wconf 85' lang='lat' dir='ltr'>neque</span> <span class='ocrx_word' id='word_1_34' title='bbox 1535 573 1651 615; x_wconf 86' lang='lat' dir='ltr'>unde</span> <span class='ocrx_word' id='word_1_35' title='bbox 1684 587 1798 624; x_wconf 84' lang='lat' dir='ltr'>eam,</span> 
     </span>
     <span class='ocr_line' id='line_1_7' title="bbox 511 651 1033 693; baseline 0.002 -14"><span class='ocrx_word' id='word_1_36' title='bbox 511 652 653 693; x_wconf 88' lang='lat' dir='ltr'>neque</span> <span class='ocrx_word' id='word_1_37' title='bbox 675 651 888 692; x_wconf 80' lang='lat' dir='ltr'>quorsum</span> <span class='ocrx_word' id='word_1_38' title='bbox 910 652 1033 680; x_wconf 82' lang='lat' dir='ltr'>eam:</span> 
     </span>
     <span class='ocr_line' id='line_1_8' title="bbox 342 706 1073 759; baseline -0.001 -12"><span class='ocrx_word' id='word_1_39' title='bbox 342 707 415 748; x_wconf 80' lang='lat' dir='ltr'>Ita</span> <span class='ocrx_word' id='word_1_40' title='bbox 436 718 637 759; x_wconf 84' lang='lat' dir='ltr'>prorsum</span> <span class='ocrx_word' id='word_1_41' title='bbox 661 706 829 746; x_wconf 84' lang='lat' dir='ltr'>oblitus</span> <span class='ocrx_word' id='word_1_42' title='bbox 852 719 950 747; x_wconf 88' lang='lat' dir='ltr'>sum</span> <span class='ocrx_word' id='word_1_43' title='bbox 972 706 1073 746; x_wconf 89' lang='lat' dir='ltr'>mei.</span> 
     </span>
    </p>
   </div>
   <div class='ocr_carea' id='block_1_5' title="bbox 343 772 1800 893">
    <p class='ocr_par' dir='ltr' id='par_1_5' title="bbox 343 772 1800 893">
     <span class='ocr_line' id='line_1_9' title="bbox 343 772 1797 826; baseline 0.001 -11"><span class='ocrx_word' id='word_1_44' title='bbox 343 775 429 815; x_wconf 74' lang='grc' dir='ltr'>ΡΑ.</span> <span class='ocrx_word' id='word_1_45' title='bbox 464 773 571 823; x_wconf 82' lang='lat' dir='ltr'>Qui,</span> <span class='ocrx_word' id='word_1_46' title='bbox 604 774 795 826; x_wconf 70' lang='lat' dir='ltr'>quaeso?</span> <span class='ocrx_word' id='word_1_47' title='bbox 871 773 959 814; x_wconf 84' lang='lat' dir='ltr'>CH.</span> <span class='ocrx_word' id='word_1_48' title='bbox 991 772 1123 814; x_wconf 91' lang='lat' dir='ltr'>Amo.</span> <span class='ocrx_word' id='word_1_49' title='bbox 1185 775 1272 815; x_wconf 81' lang='grc' dir='ltr'>ΡΑ.</span> <span class='ocrx_word' id='word_1_50' title='bbox 1316 775 1460 817; x_wconf 85' lang='lat' dir='ltr'>Hem!</span> <span class='ocrx_word' id='word_1_51' title='bbox 1523 774 1613 816; x_wconf 87' lang='lat' dir='ltr'>CH.</span> <span class='ocrx_word' id='word_1_52' title='bbox 1647 774 1797 824; x_wconf 89' lang='lat' dir='ltr'>Nunc,</span> 
     </span>
     <span class='ocr_line' id='line_1_10' title="bbox 515 840 1800 893; baseline 0.002 -12"><span class='ocrx_word' id='word_1_53' title='bbox 515 841 750 890; x_wconf 79' lang='lat' dir='ltr'>Parmeno,</span> <span class='ocrx_word' id='word_1_54' title='bbox 772 845 814 880; x_wconf 84' lang='lat' dir='ltr'>te</span> <span class='ocrx_word' id='word_1_55' title='bbox 835 840 1061 890; x_wconf 82' lang='lat' dir='ltr'>ostendes,</span> <span class='ocrx_word' id='word_1_56' title='bbox 1084 841 1160 893; x_wconf 92' lang='lat' dir='ltr'>qui</span> <span class='ocrx_word' id='word_1_57' title='bbox 1184 841 1249 881; x_wconf 88' lang='lat' dir='ltr'>vir</span> <span class='ocrx_word' id='word_1_58' title='bbox 1272 842 1373 882; x_wconf 85' lang='lat' dir='ltr'>sies.</span> <span class='ocrx_word' id='word_1_59' title='bbox 1746 843 1800 883; x_wconf 85' lang='lat'>15</span> 
     </span>
    </p>
   </div>
   <div class='ocr_carea' id='block_1_6' title="bbox 343 908 1799 961">
    <p class='ocr_par' dir='ltr' id='par_1_6' title="bbox 343 908 1799 961">
     <span class='ocr_line' id='line_1_11' title="bbox 343 908 1799 961; baseline 0 -12"><span class='ocrx_word' id='word_1_60' title='bbox 343 908 444 949; x_wconf 83' lang='lat' dir='ltr'>Scis</span> <span class='ocrx_word' id='word_1_61' title='bbox 466 912 505 948; x_wconf 89' lang='lat' dir='ltr'>te</span> <span class='ocrx_word' id='word_1_62' title='bbox 527 908 630 948; x_wconf 84' lang='lat' dir='ltr'>mihi</span> <span class='ocrx_word' id='word_1_63' title='bbox 654 921 775 961; x_wconf 77' lang='lat' dir='ltr'>saepe</span> <span class='ocrx_word' id='word_1_64' title='bbox 796 909 1045 961; x_wconf 86' lang='lat' dir='ltr'>pollicitum</span> <span class='ocrx_word' id='word_1_65' title='bbox 1068 921 1194 950; x_wconf 81' lang='lat' dir='ltr'>esse:</span> <span class='ocrx_word' id='word_1_66' title='bbox 1227 908 1427 958; x_wconf 79' lang='lat' dir='ltr'>Chaerea,</span> <span class='ocrx_word' id='word_1_67' title='bbox 1466 908 1635 961; x_wconf 83' lang='lat' dir='ltr'>aliquid</span> <span class='ocrx_word' id='word_1_68' title='bbox 1656 909 1799 950; x_wconf 87' lang='lat' dir='ltr'>inveni</span> 
     </span>
    </p>
   </div>
   <div class='ocr_carea' id='block_1_7' title="bbox 342 1036 1806 1335">
    <p class='ocr_par' dir='ltr' id='par_1_7' title="bbox 342 1036 1806 1335">
     <span class='ocr_line' id='line_1_12' title="bbox 342 1036 1804 1079; baseline -0.001 -9"><span class='ocrx_word' id='word_1_69' title='bbox 342 1038 511 1079; x_wconf 71' lang='lat' dir='ltr'>terficiuut,</span> <span class='ocrx_word' id='word_1_70' title='bbox 528 1038 580 1078; x_wconf 82' lang='lat' dir='ltr'>qui</span> <span class='ocrx_word' id='word_1_71' title='bbox 596 1047 642 1068; x_wconf 87' lang='lat' dir='ltr'>me</span> <span class='ocrx_word' id='word_1_72' title='bbox 657 1038 746 1068; x_wconf 83' lang='lat' dir='ltr'>hodie</span> <span class='ocrx_word' id='word_1_73' title='bbox 759 1037 949 1076; x_wconf 77' lang='lat' dir='ltr'>garrulitate</span> <span class='ocrx_word' id='word_1_74' title='bbox 963 1045 1019 1067; x_wconf 85' lang='lat' dir='ltr'>sua</span> <span class='ocrx_word' id='word_1_75' title='bbox 1034 1036 1168 1068; x_wconf 75' lang='lat' dir='ltr'>detinuit</span> <span class='ocrx_word' id='word_1_76' title='bbox 1182 1048 1192 1068; x_wconf 92' lang='lat'>.·</span> <span class='ocrx_word' id='word_1_77' title='bbox 1215 1047 1321 1078; x_wconf 84' lang='lat' dir='ltr'>meque</span> <span class='ocrx_word' id='word_1_78' title='bbox 1343 1037 1448 1073; x_wconf 79' lang='lat' dir='ltr'>etiam,</span> <span class='ocrx_word' id='word_1_79' title='bbox 1472 1037 1524 1078; x_wconf 77' lang='lat' dir='ltr'>qui</span> <span class='ocrx_word' id='word_1_80' title='bbox 1539 1036 1586 1068; x_wconf 78' lang='lat' dir='ltr'>ire</span> <span class='ocrx_word' id='word_1_81' title='bbox 1599 1036 1780 1068; x_wconf 80' lang='lat' dir='ltr'>cessaverim</span> <span class='ocrx_word' id='word_1_82' title='bbox 1793 1047 1804 1073; x_wconf 84' lang='grc'>,-</span> 
     </span>
     <span class='ocr_line' id='line_1_13' title="bbox 342 1079 1804 1121; baseline -0.001 -9"><span class='ocrx_word' id='word_1_83' title='bbox 342 1086 408 1112; x_wconf 77' lang='lat' dir='ltr'>tum</span> <span class='ocrx_word' id='word_1_84' title='bbox 426 1091 549 1121; x_wconf 73' lang='lat' dir='ltr'>quoque,</span> <span class='ocrx_word' id='word_1_85' title='bbox 565 1082 616 1121; x_wconf 74' lang='lat' dir='ltr'>qui</span> <span class='ocrx_word' id='word_1_86' title='bbox 633 1081 720 1111; x_wconf 77' lang='lat' dir='ltr'>illum</span> <span class='ocrx_word' id='word_1_87' title='bbox 736 1081 782 1111; x_wconf 85' lang='lat' dir='ltr'>vel</span> <span class='ocrx_word' id='word_1_88' title='bbox 799 1080 917 1110; x_wconf 78' lang='lat' dir='ltr'>tantilli</span> <span class='ocrx_word' id='word_1_89' title='bbox 923 1079 1068 1118; x_wconf 70' lang='lat' dir='ltr'>fecerIm,</span> <span class='ocrx_word' id='word_1_90' title='bbox 1083 1084 1118 1110; x_wconf 86' lang='lat' dir='ltr'>ut</span> <span class='ocrx_word' id='word_1_91' title='bbox 1133 1090 1200 1110; x_wconf 86' lang='lat' dir='ltr'>cum</span> <span class='ocrx_word' id='word_1_92' title='bbox 1214 1080 1267 1110; x_wconf 83' lang='lat' dir='ltr'>illo</span> <span class='ocrx_word' id='word_1_93' title='bbox 1283 1090 1447 1111; x_wconf 82' lang='lat' dir='ltr'>manerem.</span> <span class='ocrx_word' id='word_1_94' title='bbox 1499 1080 1612 1111; x_wconf 84' lang='lat' dir='ltr'>Verum</span> <span class='ocrx_word' id='word_1_95' title='bbox 1637 1080 1804 1111; x_wconf 69' lang='lat' dir='ltr'>Parmeno-</span> 
     </span>
     <span class='ocr_line' id='line_1_14' title="bbox 342 1121 1804 1163; baseline 0 -9"><span class='ocrx_word' id='word_1_96' title='bbox 342 1135 411 1154; x_wconf 70' lang='lat' dir='ltr'>nem</span> <span class='ocrx_word' id='word_1_97' title='bbox 427 1124 476 1153; x_wconf 73' lang='grc' dir='ltr'>Ιιὶι·</span> <span class='ocrx_word' id='word_1_98' title='bbox 490 1124 590 1154; x_wconf 74' lang='lat' dir='ltr'>rideo.</span> <span class='ocrx_word' id='word_1_99' title='bbox 637 1124 750 1155; x_wconf 72' lang='lat' dir='ltr'>Salvus</span> <span class='ocrx_word' id='word_1_100' title='bbox 764 1123 817 1154; x_wconf 72' lang='lat' dir='ltr'>sis.</span> <span class='ocrx_word' id='word_1_101' title='bbox 863 1123 929 1153; x_wconf 87' lang='grc' dir='ltr'>ΡΑ.</span> <span class='ocrx_word' id='word_1_102' title='bbox 949 1122 1034 1157; x_wconf 83' lang='lat' dir='ltr'>Quid</span> <span class='ocrx_word' id='word_1_103' title='bbox 1047 1126 1081 1153; x_wconf 85' lang='lat' dir='ltr'>tu</span> <span class='ocrx_word' id='word_1_104' title='bbox 1096 1123 1199 1154; x_wconf 79' lang='lat' dir='ltr'>tristis</span> <span class='ocrx_word' id='word_1_105' title='bbox 1213 1121 1268 1154; x_wconf 82' lang='lat' dir='ltr'>es?</span> <span class='ocrx_word' id='word_1_106' title='bbox 1284 1123 1393 1163; x_wconf 70' lang='lat' dir='ltr'>quidve</span> <span class='ocrx_word' id='word_1_107' title='bbox 1408 1126 1472 1153; x_wconf 82' lang='lat' dir='ltr'>tum</span> <span class='ocrx_word' id='word_1_108' title='bbox 1487 1121 1804 1160; x_wconf 71' lang='lat' dir='ltr'>alacriter-festinas?</span> 
     </span>
     <span class='ocr_line' id='line_1_15' title="bbox 349 1165 1803 1206; baseline -0.001 -8"><span class='ocrx_word' id='word_1_109' title='bbox 349 1168 439 1198; x_wconf 67' lang='lat' dir='ltr'>(fuae</span> <span class='ocrx_word' id='word_1_110' title='bbox 456 1165 567 1197; x_wconf 72' lang='lat' dir='ltr'>renis?</span> <span class='ocrx_word' id='word_1_111' title='bbox 613 1168 682 1197; x_wconf 79' lang='lat' dir='ltr'>CH.</span> <span class='ocrx_word' id='word_1_112' title='bbox 706 1168 776 1205; x_wconf 85' lang='lat' dir='ltr'>Ego</span> <span class='ocrx_word' id='word_1_113' title='bbox 792 1166 892 1196; x_wconf 69' lang='lat' dir='ltr'>nescio</span> <span class='ocrx_word' id='word_1_114' title='bbox 908 1165 1068 1204; x_wconf 82' lang='lat' dir='ltr'>mehercle,</span> <span class='ocrx_word' id='word_1_115' title='bbox 1089 1175 1182 1206; x_wconf 81' lang='lat' dir='ltr'>neque</span> <span class='ocrx_word' id='word_1_116' title='bbox 1205 1167 1284 1196; x_wconf 84' lang='lat' dir='ltr'>unde</span> <span class='ocrx_word' id='word_1_117' title='bbox 1305 1165 1439 1203; x_wconf 70' lang='lat' dir='ltr'>veniam,</span> <span class='ocrx_word' id='word_1_118' title='bbox 1453 1175 1548 1205; x_wconf 84' lang='lat' dir='ltr'>neque</span> <span class='ocrx_word' id='word_1_119' title='bbox 1563 1166 1604 1196; x_wconf 80' lang='lat' dir='ltr'>ad</span> <span class='ocrx_word' id='word_1_120' title='bbox 1619 1175 1710 1205; x_wconf 83' lang='lat' dir='ltr'>qaam</span> <span class='ocrx_word' id='word_1_121' title='bbox 1728 1175 1803 1206; x_wconf 84' lang='lat' dir='ltr'>par-</span> 
     </span>
     <span class='ocr_line' id='line_1_16' title="bbox 343 1206 1803 1248; baseline -0.001 -9"><span class='ocrx_word' id='word_1_122' title='bbox 343 1213 406 1240; x_wconf 71' lang='lat' dir='ltr'>tem</span> <span class='ocrx_word' id='word_1_123' title='bbox 429 1220 493 1239; x_wconf 86' lang='lat' dir='ltr'>eum</span> <span class='ocrx_word' id='word_1_124' title='bbox 507 1221 518 1245; x_wconf 89' lang='lat'><em>;</em></span> <span class='ocrx_word' id='word_1_125' title='bbox 544 1210 590 1240; x_wconf 85' lang='lat' dir='ltr'>ita</span> <span class='ocrx_word' id='word_1_126' title='bbox 615 1210 736 1240; x_wconf 77' lang='lat' dir='ltr'>omniuo</span> <span class='ocrx_word' id='word_1_127' title='bbox 763 1210 923 1239; x_wconf 73' lang='lat' dir='ltr'>immemor</span> <span class='ocrx_word' id='word_1_128' title='bbox 948 1217 1016 1238; x_wconf 82' lang='lat' dir='ltr'>sam</span> <span class='ocrx_word' id='word_1_129' title='bbox 1037 1208 1110 1238; x_wconf 85' lang='lat' dir='ltr'>mei.</span> <span class='ocrx_word' id='word_1_130' title='bbox 1159 1210 1220 1239; x_wconf 78' lang='grc' dir='ltr'>ΡΑ.</span> <span class='ocrx_word' id='word_1_131' title='bbox 1247 1209 1324 1247; x_wconf 86' lang='lat' dir='ltr'>Cur,</span> <span class='ocrx_word' id='word_1_132' title='bbox 1338 1206 1464 1248; x_wconf 82' lang='lat' dir='ltr'>quoeso?</span> <span class='ocrx_word' id='word_1_133' title='bbox 1509 1209 1579 1239; x_wconf 85' lang='lat' dir='ltr'>Cn.</span> <span class='ocrx_word' id='word_1_134' title='bbox 1602 1209 1692 1239; x_wconf 83' lang='lat' dir='ltr'>Amo.</span> <span class='ocrx_word' id='word_1_135' title='bbox 1737 1208 1803 1239; x_wconf 83' lang='grc' dir='ltr'>ΡΑ.</span> 
     </span>
     <span class='ocr_line' id='line_1_17' title="bbox 346 1251 1805 1291; baseline -0.001 -8"><span class='ocrx_word' id='word_1_136' title='bbox 346 1253 440 1283; x_wconf 73' lang='lat' dir='ltr'>Hem.</span> <span class='ocrx_word' id='word_1_137' title='bbox 486 1253 555 1284; x_wconf 80' lang='lat' dir='ltr'>CH.</span> <span class='ocrx_word' id='word_1_138' title='bbox 582 1253 686 1291; x_wconf 78' lang='lat' dir='ltr'>Nunc,</span> <span class='ocrx_word' id='word_1_139' title='bbox 706 1253 869 1289; x_wconf 71' lang='lat' dir='ltr'>Parmeno,</span> <span class='ocrx_word' id='word_1_140' title='bbox 885 1252 1094 1281; x_wconf 85' lang='lat' dir='ltr'>demonstrare</span> <span class='ocrx_word' id='word_1_141' title='bbox 1116 1251 1217 1286; x_wconf 84' lang='lat' dir='ltr'>debes,</span> <span class='ocrx_word' id='word_1_142' title='bbox 1234 1251 1334 1290; x_wconf 78' lang='lat' dir='ltr'>qualis</span> <span class='ocrx_word' id='word_1_143' title='bbox 1349 1251 1397 1281; x_wconf 83' lang='lat' dir='ltr'>vir</span> <span class='ocrx_word' id='word_1_144' title='bbox 1410 1251 1476 1286; x_wconf 82' lang='lat' dir='ltr'>sis,-</span> <span class='ocrx_word' id='word_1_145' title='bbox 1493 1251 1668 1281; x_wconf 76' lang='lat' dir='ltr'>memineris</span> <span class='ocrx_word' id='word_1_146' title='bbox 1681 1254 1711 1281; x_wconf 81' lang='lat' dir='ltr'>te</span> <span class='ocrx_word' id='word_1_147' title='bbox 1725 1260 1805 1290; x_wconf 82' lang='lat' dir='ltr'>soepe</span> 
     </span>
     <span class='ocr_line' id='line_1_18' title="bbox 345 1292 1806 1335; baseline -0.001 -10"><span class='ocrx_word' id='word_1_148' title='bbox 345 1295 421 1326; x_wconf 77' lang='lat' dir='ltr'>mihi</span> <span class='ocrx_word' id='word_1_149' title='bbox 429 1296 620 1335; x_wconf 75' lang='lat' dir='ltr'>promisisse,</span> <span class='ocrx_word' id='word_1_150' title='bbox 635 1306 702 1326; x_wconf 83' lang='lat' dir='ltr'>cum</span> <span class='ocrx_word' id='word_1_151' title='bbox 716 1295 852 1325; x_wconf 81' lang='lat' dir='ltr'>diceres:</span> <span class='ocrx_word' id='word_1_152' title='bbox 878 1293 1020 1333; x_wconf 81' lang='lat' dir='ltr'>Choereu,</span> <span class='ocrx_word' id='word_1_153' title='bbox 1034 1295 1245 1324; x_wconf 67' lang='lat' dir='ltr'>tzmtummodo</span> <span class='ocrx_word' id='word_1_154' title='bbox 1261 1293 1400 1325; x_wconf 75' lang='lat' dir='ltr'>invenias</span> <span class='ocrx_word' id='word_1_155' title='bbox 1414 1292 1573 1324; x_wconf 83' lang='lat' dir='ltr'>mulierem</span> <span class='ocrx_word' id='word_1_156' title='bbox 1587 1303 1678 1333; x_wconf 82' lang='lat' dir='ltr'>qaam</span> <span class='ocrx_word' id='word_1_157' title='bbox 1698 1303 1781 1324; x_wconf 86' lang='lat' dir='ltr'>ames</span> <span class='ocrx_word' id='word_1_158' title='bbox 1794 1305 1806 1330; x_wconf 84' lang='grc'>,-</span> 
     </span>
    </p>
   </div>
   <div class='ocr_carea' id='block_1_8' title="bbox 961 1388 1197 1400">
    <p class='ocr_par' dir='ltr' id='par_1_8' title="bbox 961 1388 1197 1400">
     <span class='ocr_line' id='line_1_19' title="bbox 961 1388 1197 1400; baseline 0 -1"><span class='ocrx_word' id='word_1_159' title='bbox 961 1388 1197 1400; x_wconf 67' lang='lat' dir='ltr'>eeeeeeeeeeee</span> 
     </span>
    </p>
   </div>
   <div class='ocr_carea' id='block_1_9' title="bbox 344 1463 1817 2489">
    <p class='ocr_par' dir='ltr' id='par_1_9' title="bbox 344 1463 1817 2489">
     <span class='ocr_line' id='line_1_20' title="bbox 345 1463 1805 1506; baseline -0.001 -9"><span class='ocrx_word' id='word_1_160' title='bbox 345 1470 426 1497; x_wconf 79' lang='lat' dir='ltr'>aute</span> <span class='ocrx_word' id='word_1_161' title='bbox 445 1466 496 1496; x_wconf 87' lang='lat' dir='ltr'>vel</span> <span class='ocrx_word' id='word_1_162' title='bbox 515 1471 592 1506; x_wconf 85' lang='lat' dir='ltr'>post</span> <span class='ocrx_word' id='word_1_163' title='bbox 607 1476 720 1498; x_wconf 85' lang='lat' dir='ltr'>senem.</span> <span class='ocrx_word' id='word_1_164' title='bbox 769 1465 998 1497; x_wconf 82' lang='lat' dir='ltr'>Academicus</span> <span class='ocrx_word' id='word_1_165' title='bbox 1015 1465 1118 1497; x_wconf 89' lang='lat' dir='ltr'>etiam</span> <span class='ocrx_word' id='word_1_166' title='bbox 1132 1465 1192 1497; x_wconf 78' lang='lat' dir='ltr'>Dii</span> <span class='ocrx_word' id='word_1_167' title='bbox 1205 1465 1283 1497; x_wconf 79' lang='lat' dir='ltr'>Deoe</span> <span class='ocrx_word' id='word_1_168' title='bbox 1294 1474 1397 1496; x_wconf 82' lang='lat' dir='ltr'>omnes</span> <span class='ocrx_word' id='word_1_169' title='bbox 1411 1463 1540 1505; x_wconf 83' lang='lat' dir='ltr'>absque</span> <span class='ocrx_word' id='word_1_170' title='bbox 1556 1464 1615 1495; x_wconf 90' lang='lat' dir='ltr'>illo</span> <span class='ocrx_word' id='word_1_171' title='bbox 1629 1474 1688 1504; x_wconf 80' lang='lat' dir='ltr'>que</span> <span class='ocrx_word' id='word_1_172' title='bbox 1699 1474 1710 1495; x_wconf 91' lang='lat'>.·</span> <span class='ocrx_word' id='word_1_173' title='bbox 1738 1464 1805 1495; x_wconf 85' lang='lat' dir='ltr'>Re-</span> 
     </span>
     <span class='ocr_line' id='line_1_21' title="bbox 346 1507 1809 1550; baseline 0 -12"><span class='ocrx_word' id='word_1_174' title='bbox 346 1510 420 1549; x_wconf 85' lang='lat' dir='ltr'>gius</span> <span class='ocrx_word' id='word_1_175' title='bbox 437 1514 563 1547; x_wconf 80' lang='lat' dir='ltr'>antem,</span> <span class='ocrx_word' id='word_1_176' title='bbox 577 1510 631 1550; x_wconf 82' lang='lat' dir='ltr'>qui</span> <span class='ocrx_word' id='word_1_177' title='bbox 653 1509 742 1539; x_wconf 82' lang='lat' dir='ltr'>hodie</span> <span class='ocrx_word' id='word_1_178' title='bbox 763 1519 821 1540; x_wconf 86' lang='lat' dir='ltr'>me.</span> <span class='ocrx_word' id='word_1_179' title='bbox 868 1509 1022 1549; x_wconf 87' lang='lat' dir='ltr'>Repone,</span> <span class='ocrx_word' id='word_1_180' title='bbox 1053 1509 1097 1540; x_wconf 85' lang='lat' dir='ltr'>Ut</span> <span class='ocrx_word' id='word_1_181' title='bbox 1119 1509 1206 1540; x_wconf 82' lang='lat' dir='ltr'>illum</span> <span class='ocrx_word' id='word_1_182' title='bbox 1232 1509 1279 1539; x_wconf 73' lang='lat' dir='ltr'>Di</span> <span class='ocrx_word' id='word_1_183' title='bbox 1305 1509 1383 1540; x_wconf 79' lang='lat' dir='ltr'>Dece</span> <span class='ocrx_word' id='word_1_184' title='bbox 1402 1517 1506 1540; x_wconf 85' lang='lat' dir='ltr'>omnes</span> <span class='ocrx_word' id='word_1_185' title='bbox 1525 1507 1644 1538; x_wconf 80' lang='lat' dir='ltr'>senium</span> <span class='ocrx_word' id='word_1_186' title='bbox 1664 1508 1809 1547; x_wconf 72' lang='lat' dir='ltr'>perdant,</span> 
     </span>
     <span class='ocr_line' id='line_1_22' title="bbox 344 1549 1807 1592; baseline -0.001 -10"><span class='ocrx_word' id='word_1_187' title='bbox 344 1552 397 1592; x_wconf 83' lang='lat' dir='ltr'>qui</span> <span class='ocrx_word' id='word_1_188' title='bbox 412 1552 500 1582; x_wconf 80' lang='lat' dir='ltr'>hodie</span> <span class='ocrx_word' id='word_1_189' title='bbox 516 1562 564 1582; x_wconf 90' lang='lat' dir='ltr'>me</span> <span class='ocrx_word' id='word_1_190' title='bbox 579 1556 752 1583; x_wconf 79' lang='lat' dir='ltr'>remoratus</span> <span class='ocrx_word' id='word_1_191' title='bbox 762 1552 815 1582; x_wconf 87' lang='lat' dir='ltr'>sit.</span> <span class='ocrx_word' id='word_1_192' title='bbox 840 1552 944 1582; x_wconf 88' lang='lat' dir='ltr'>Bent.</span> <span class='ocrx_word' id='word_1_193' title='bbox 991 1552 1043 1583; x_wconf 79' lang='lat' dir='ltr'>Sit</span> <span class='ocrx_word' id='word_1_194' title='bbox 1059 1552 1162 1583; x_wconf 89' lang='lat' dir='ltr'>Bent.</span> <span class='ocrx_word' id='word_1_195' title='bbox 1178 1556 1286 1582; x_wconf 83' lang='lat' dir='ltr'>recte.</span> <span class='ocrx_word' id='word_1_196' title='bbox 1309 1551 1398 1582; x_wconf 85' lang='lat' dir='ltr'>Perl.</span> <span class='ocrx_word' id='word_1_197' title='bbox 1416 1552 1472 1592; x_wconf 90' lang='lat' dir='ltr'>qni</span> <span class='ocrx_word' id='word_1_198' title='bbox 1488 1550 1543 1580; x_wconf 88' lang='lat' dir='ltr'>hic</span> <span class='ocrx_word' id='word_1_199' title='bbox 1557 1549 1693 1580; x_wconf 86' lang='lat' dir='ltr'>omnino</span> <span class='ocrx_word' id='word_1_200' title='bbox 1710 1554 1807 1590; x_wconf 79' lang='lat' dir='ltr'>paret</span> 
     </span>
     <span class='ocr_line' id='line_1_23' title="bbox 346 1592 1808 1635; baseline -0.003 -9"><span class='ocrx_word' id='word_1_201' title='bbox 346 1595 517 1626; x_wconf 81' lang='lat' dir='ltr'>Bentleio.</span> <span class='ocrx_word' id='word_1_202' title='bbox 542 1594 652 1626; x_wconf 80' lang='lat' dir='ltr'>Senem</span> <span class='ocrx_word' id='word_1_203' title='bbox 663 1605 765 1625; x_wconf 77' lang='lat' dir='ltr'>omnes</span> <span class='ocrx_word' id='word_1_204' title='bbox 778 1596 921 1635; x_wconf 81' lang='lat' dir='ltr'>perdant.</span> <span class='ocrx_word' id='word_1_205' title='bbox 936 1595 996 1625; x_wconf 68' lang='grc' dir='ltr'>ΒΓ.</span> <span class='ocrx_word' id='word_1_206' title='bbox 1023 1595 1124 1625; x_wconf 79' lang='lat' dir='ltr'>Illum:</span> <span class='ocrx_word' id='word_1_207' title='bbox 1137 1600 1172 1625; x_wconf 86' lang='lat' dir='ltr'>et</span> <span class='ocrx_word' id='word_1_208' title='bbox 1186 1594 1275 1625; x_wconf 75' lang='lat' dir='ltr'>hodie</span> <span class='ocrx_word' id='word_1_209' title='bbox 1286 1603 1333 1624; x_wconf 84' lang='lat' dir='ltr'>me</span> <span class='ocrx_word' id='word_1_210' title='bbox 1348 1594 1536 1624; x_wconf 66' lang='lat' dir='ltr'>Rom—11</span> <span class='ocrx_word' id='word_1_211' title='bbox 1553 1592 1639 1623; x_wconf 88' lang='lat' dir='ltr'>Mss.</span> <span class='ocrx_word' id='word_1_212' title='bbox 1655 1592 1808 1633; x_wconf 83' lang='lat' dir='ltr'>qnidam,</span> 
     </span>
     <span class='ocr_line' id='line_1_24' title="bbox 345 1634 1809 1678; baseline -0.002 -10"><span class='ocrx_word' id='word_1_213' title='bbox 345 1639 398 1678; x_wconf 86' lang='lat' dir='ltr'>qui</span> <span class='ocrx_word' id='word_1_214' title='bbox 413 1639 500 1668; x_wconf 82' lang='lat' dir='ltr'>illum</span> <span class='ocrx_word' id='word_1_215' title='bbox 515 1647 573 1667; x_wconf 82' lang='lat' dir='ltr'>uon</span> <span class='ocrx_word' id='word_1_216' title='bbox 588 1637 630 1677; x_wconf 87' lang='lat' dir='ltr'>fl.</span> <span class='ocrx_word' id='word_1_217' title='bbox 676 1637 853 1670; x_wconf 83' lang='lat' dir='ltr'>Quomodo</span> <span class='ocrx_word' id='word_1_218' title='bbox 870 1642 904 1667; x_wconf 86' lang='lat' dir='ltr'>et</span> <span class='ocrx_word' id='word_1_219' title='bbox 930 1637 1068 1668; x_wconf 84' lang='lat' dir='ltr'>exhibet</span> <span class='ocrx_word' id='word_1_220' title='bbox 1091 1638 1163 1668; x_wconf 90' lang='grc' dir='ltr'>ΕΡ.</span> <span class='ocrx_word' id='word_1_221' title='bbox 1179 1637 1278 1669; x_wconf 82' lang='lat' dir='ltr'>Jum.</span> <span class='ocrx_word' id='word_1_222' title='bbox 1295 1637 1451 1677; x_wconf 77' lang='lat' dir='ltr'>aliaeque.</span> <span class='ocrx_word' id='word_1_223' title='bbox 1495 1634 1650 1675; x_wconf 80' lang='lat' dir='ltr'>Scilicet,</span> <span class='ocrx_word' id='word_1_224' title='bbox 1667 1639 1809 1666; x_wconf 79' lang='lat' dir='ltr'>notante</span> 
     </span>
     <span class='ocr_line' id='line_1_25' title="bbox 348 1677 1809 1719; baseline -0.001 -8"><span class='ocrx_word' id='word_1_225' title='bbox 348 1682 497 1719; x_wconf 76' lang='lat' dir='ltr'>Donato,</span> <span class='ocrx_word' id='word_1_226' title='bbox 525 1679 783 1711; x_wconf 75' lang='lat' dir='ltr'>‘floccifacere&#39;</span> <span class='ocrx_word' id='word_1_227' title='bbox 809 1685 844 1711; x_wconf 90' lang='lat' dir='ltr'>et</span> <span class='ocrx_word' id='word_1_228' title='bbox 868 1686 1089 1711; x_wconf 82' lang='lat' dir='ltr'>contemnere</span> <span class='ocrx_word' id='word_1_229' title='bbox 1110 1684 1146 1710; x_wconf 91' lang='lat' dir='ltr'>et</span> <span class='ocrx_word' id='word_1_230' title='bbox 1169 1689 1233 1710; x_wconf 89' lang='lat' dir='ltr'>non</span> <span class='ocrx_word' id='word_1_231' title='bbox 1252 1684 1471 1709; x_wconf 75' lang='lat' dir='ltr'>contemnere</span> <span class='ocrx_word' id='word_1_232' title='bbox 1488 1677 1672 1717; x_wconf 79' lang='lat' dir='ltr'>significat.</span> <span class='ocrx_word' id='word_1_233' title='bbox 1718 1678 1809 1718; x_wconf 86' lang='lat' dir='ltr'>Guy.</span> 
     </span>
     <span class='ocr_line' id='line_1_26' title="bbox 348 1720 1812 1762; baseline -0.002 -8"><span class='ocrx_word' id='word_1_234' title='bbox 348 1734 410 1754; x_wconf 89' lang='lat' dir='ltr'>suo</span> <span class='ocrx_word' id='word_1_235' title='bbox 427 1732 520 1754; x_wconf 88' lang='lat' dir='ltr'>more</span> <span class='ocrx_word' id='word_1_236' title='bbox 537 1723 620 1754; x_wconf 86' lang='lat' dir='ltr'>mire</span> <span class='ocrx_word' id='word_1_237' title='bbox 638 1723 736 1754; x_wconf 82' lang='lat' dir='ltr'>tinxit</span> <span class='ocrx_word' id='word_1_238' title='bbox 752 1723 841 1753; x_wconf 88' lang='lat' dir='ltr'>hunc</span> <span class='ocrx_word' id='word_1_239' title='bbox 858 1723 982 1762; x_wconf 88' lang='lat' dir='ltr'>locum,</span> <span class='ocrx_word' id='word_1_240' title='bbox 998 1723 1046 1753; x_wconf 90' lang='lat' dir='ltr'>ita</span> <span class='ocrx_word' id='word_1_241' title='bbox 1062 1733 1069 1753; x_wconf 74' lang='grc' dir='ltr'><strong>ε</strong></span> <span class='ocrx_word' id='word_1_242' title='bbox 1101 1723 1144 1753; x_wconf 85' lang='lat' dir='ltr'>Ut</span> <span class='ocrx_word' id='word_1_243' title='bbox 1165 1732 1232 1752; x_wconf 80' lang='lat' dir='ltr'>eum</span> <span class='ocrx_word' id='word_1_244' title='bbox 1259 1722 1304 1752; x_wconf 85' lang='lat' dir='ltr'>Di</span> <span class='ocrx_word' id='word_1_245' title='bbox 1323 1722 1462 1762; x_wconf 82' lang='lat' dir='ltr'>Deoeque</span> <span class='ocrx_word' id='word_1_246' title='bbox 1482 1721 1580 1752; x_wconf 71' lang='lat' dir='ltr'>sonim</span> <span class='ocrx_word' id='word_1_247' title='bbox 1597 1722 1745 1761; x_wconf 80' lang='lat' dir='ltr'>perdant,</span> <span class='ocrx_word' id='word_1_248' title='bbox 1757 1720 1812 1760; x_wconf 73' lang='lat' dir='ltr'>qui</span> 
     </span>
     <span class='ocr_line' id='line_1_27' title="bbox 348 1763 1811 1805; baseline -0.001 -9"><span class='ocrx_word' id='word_1_249' title='bbox 348 1776 396 1797; x_wconf 85' lang='lat' dir='ltr'>me</span> <span class='ocrx_word' id='word_1_250' title='bbox 408 1766 497 1796; x_wconf 81' lang='lat' dir='ltr'>hodie</span> <span class='ocrx_word' id='word_1_251' title='bbox 511 1770 682 1796; x_wconf 80' lang='lat' dir='ltr'>remoratus</span> <span class='ocrx_word' id='word_1_252' title='bbox 695 1769 742 1796; x_wconf 86' lang='lat' dir='ltr'>est</span> <span class='ocrx_word' id='word_1_253' title='bbox 757 1776 767 1796; x_wconf 86' lang='lat'>.·</span> <span class='ocrx_word' id='word_1_254' title='bbox 794 1766 905 1805; x_wconf 80' lang='lat' dir='ltr'>Meque</span> <span class='ocrx_word' id='word_1_255' title='bbox 920 1767 1006 1800; x_wconf 81' lang='lat' dir='ltr'>adeo,</span> <span class='ocrx_word' id='word_1_256' title='bbox 1028 1765 1080 1805; x_wconf 82' lang='lat' dir='ltr'>quz‘</span> <span class='ocrx_word' id='word_1_257' title='bbox 1101 1765 1269 1796; x_wconf 77' lang='lat' dir='ltr'>restiterim</span> <span class='ocrx_word' id='word_1_258' title='bbox 1286 1767 1363 1803; x_wconf 83' lang='lat' dir='ltr'>tum,</span> <span class='ocrx_word' id='word_1_259' title='bbox 1382 1764 1522 1804; x_wconf 79' lang='lat' dir='ltr'>haudque</span> <span class='ocrx_word' id='word_1_260' title='bbox 1535 1763 1622 1794; x_wconf 78' lang='lat' dir='ltr'>illum</span> <span class='ocrx_word' id='word_1_261' title='bbox 1634 1763 1679 1804; x_wconf 83' lang='lat' dir='ltr'>fl.</span> <span class='ocrx_word' id='word_1_262' title='bbox 1704 1763 1811 1794; x_wconf 86' lang='lat' dir='ltr'>West.</span> 
     </span>
     <span class='ocr_line' id='line_1_28' title="bbox 349 1805 1811 1849; baseline -0.001 -11"><span class='ocrx_word' id='word_1_263' title='bbox 349 1809 427 1839; x_wconf 85' lang='grc' dir='ltr'><em>Τιιηι</em></span> <span class='ocrx_word' id='word_1_264' title='bbox 442 1812 543 1839; x_wconf 80' lang='lat' dir='ltr'>autem</span> <span class='ocrx_word' id='word_1_265' title='bbox 555 1812 627 1848; x_wconf 78' lang='lat' dir='ltr'>quin</span> <span class='ocrx_word' id='word_1_266' title='bbox 643 1808 957 1849; x_wconf 76' lang='lat' dir='ltr'>illumfloccifecerim</span> <span class='ocrx_word' id='word_1_267' title='bbox 971 1808 1106 1846; x_wconf 78' lang='lat' dir='ltr'>legend.</span> <span class='ocrx_word' id='word_1_268' title='bbox 1122 1813 1278 1847; x_wconf 81' lang='lat' dir='ltr'>putamus</span> <span class='ocrx_word' id='word_1_269' title='bbox 1292 1816 1353 1847; x_wconf 86' lang='lat' dir='ltr'>pro</span> <span class='ocrx_word' id='word_1_270' title='bbox 1370 1807 1461 1845; x_wconf 69' lang='lat' dir='ltr'>vulg.</span> <span class='ocrx_word' id='word_1_271' title='bbox 1475 1807 1539 1846; x_wconf 78' lang='lat' dir='ltr'>qui.</span> <span class='ocrx_word' id='word_1_272' title='bbox 1563 1805 1711 1838; x_wconf 82' lang='lat' dir='ltr'>Quidam</span> <span class='ocrx_word' id='word_1_273' title='bbox 1725 1805 1811 1836; x_wconf 88' lang='lat' dir='ltr'>Mss.</span> 
     </span>
     <span class='ocr_line' id='line_1_29' title="bbox 348 1848 1810 1893; baseline -0.002 -12"><span class='ocrx_word' id='word_1_274' title='bbox 348 1854 402 1892; x_wconf 80' lang='lat' dir='ltr'>qui</span> <span class='ocrx_word' id='word_1_275' title='bbox 422 1852 510 1882; x_wconf 85' lang='lat' dir='ltr'>illum</span> <span class='ocrx_word' id='word_1_276' title='bbox 530 1852 645 1893; x_wconf 81' lang='lat' dir='ltr'>noufl.</span> <span class='ocrx_word' id='word_1_277' title='bbox 690 1852 857 1882; x_wconf 85' lang='lat' dir='ltr'>Miramur</span> <span class='ocrx_word' id='word_1_278' title='bbox 883 1851 1076 1882; x_wconf 78' lang='lat' dir='ltr'>Bentleiun·</span> <span class='ocrx_word' id='word_1_279' title='bbox 1103 1851 1135 1880; x_wconf 87' lang='lat' dir='ltr'>id</span> <span class='ocrx_word' id='word_1_280' title='bbox 1165 1850 1399 1880; x_wconf 70' lang='lat' dir='ltr'>transmisisse.</span> <span class='ocrx_word' id='word_1_281' title='bbox 1423 1849 1501 1888; x_wconf 77' lang='lat' dir='ltr'><strong><em>Rip.</em></strong></span> <span class='ocrx_word' id='word_1_282' title='bbox 1545 1848 1810 1888; x_wconf 71' lang='lat' dir='ltr'>Super-positum</span> 
     </span>
     <span class='ocr_line' id='line_1_30' title="bbox 348 1890 1811 1935; baseline -0.001 -11"><span class='ocrx_word' id='word_1_283' title='bbox 348 1895 456 1925; x_wconf 79' lang='lat' dir='ltr'>nonin</span> <span class='ocrx_word' id='word_1_284' title='bbox 476 1895 534 1925; x_wconf 70' lang='grc' dir='ltr'>ΒΓ.</span> <span class='ocrx_word' id='word_1_285' title='bbox 558 1895 615 1935; x_wconf 88' lang='lat' dir='ltr'>qui</span> <span class='ocrx_word' id='word_1_286' title='bbox 641 1894 764 1924; x_wconf 90' lang='lat' dir='ltr'>dividit</span> <span class='ocrx_word' id='word_1_287' title='bbox 780 1893 1015 1935; x_wconf 76' lang='lat' dir='ltr'>floccifecerinz‚</span> <span class='ocrx_word' id='word_1_288' title='bbox 1041 1898 1079 1924; x_wconf 89' lang='lat' dir='ltr'>nt</span> <span class='ocrx_word' id='word_1_289' title='bbox 1101 1893 1142 1924; x_wconf 88' lang='grc' dir='ltr'>Ζ.</span> <span class='ocrx_word' id='word_1_290' title='bbox 1165 1894 1267 1923; x_wconf 75' lang='lat' dir='ltr'>Bent.</span> <span class='ocrx_word' id='word_1_291' title='bbox 1297 1892 1389 1922; x_wconf 86' lang='lat' dir='ltr'>Perl.</span> <span class='ocrx_word' id='word_1_292' title='bbox 1417 1892 1608 1922; x_wconf 61' lang='lat' dir='ltr'>Boin-12</span> <span class='ocrx_word' id='word_1_293' title='bbox 1631 1891 1700 1922; x_wconf 85' lang='lat' dir='ltr'>Ms.</span> <span class='ocrx_word' id='word_1_294' title='bbox 1718 1890 1811 1930; x_wconf 78' lang='lat' dir='ltr'>Lips.</span> 
     </span>
     <span class='ocr_line' id='line_1_31' title="bbox 350 1933 1812 1976; baseline -0.003 -9"><span class='ocrx_word' id='word_1_295' title='bbox 350 1939 436 1968; x_wconf 81' lang='lat' dir='ltr'>alter</span> <span class='ocrx_word' id='word_1_296' title='bbox 452 1947 458 1967; x_wconf 92' lang='lat'><strong>:</strong></span> <span class='ocrx_word' id='word_1_297' title='bbox 483 1938 592 1976; x_wconf 82' lang='lat' dir='ltr'>quidve</span> <span class='ocrx_word' id='word_1_298' title='bbox 613 1937 738 1968; x_wconf 82' lang='lat' dir='ltr'>alacris.</span> <span class='ocrx_word' id='word_1_299' title='bbox 785 1937 873 1968; x_wconf 84' lang='lat' dir='ltr'>Haec</span> <span class='ocrx_word' id='word_1_300' title='bbox 890 1937 980 1976; x_wconf 84' lang='lat' dir='ltr'>Guy.</span> <span class='ocrx_word' id='word_1_301' title='bbox 996 1937 1175 1976; x_wconf 83' lang='lat' dir='ltr'>expungit,</span> <span class='ocrx_word' id='word_1_302' title='bbox 1191 1934 1404 1966; x_wconf 85' lang='lat' dir='ltr'>substituens</span> <span class='ocrx_word' id='word_1_303' title='bbox 1419 1945 1426 1963; x_wconf 76' lang='grc' dir='ltr'>ε</span> <span class='ocrx_word' id='word_1_304' title='bbox 1450 1933 1513 1965; x_wconf 81' lang='lat' dir='ltr'>Sed</span> <span class='ocrx_word' id='word_1_305' title='bbox 1526 1943 1628 1964; x_wconf 81' lang='lat' dir='ltr'>eccum</span> <span class='ocrx_word' id='word_1_306' title='bbox 1640 1934 1812 1964; x_wconf 85' lang='lat' dir='ltr'>Parmeno-</span> 
     </span>
     <span class='ocr_line' id='line_1_32' title="bbox 349 1973 1812 2019; baseline -0.003 -9"><span class='ocrx_word' id='word_1_307' title='bbox 349 1990 438 2011; x_wconf 80' lang='lat' dir='ltr'>nem.-</span> <span class='ocrx_word' id='word_1_308' title='bbox 463 1981 555 2011; x_wconf 78' lang='lat' dir='ltr'>salve.</span> <span class='ocrx_word' id='word_1_309' title='bbox 600 1979 667 2010; x_wconf 81' lang='grc' dir='ltr'>ΡΑ.</span> <span class='ocrx_word' id='word_1_310' title='bbox 691 1979 783 2009; x_wconf 73' lang='lat' dir='ltr'>Salve</span> <span class='ocrx_word' id='word_1_311' title='bbox 796 1983 850 2010; x_wconf 81' lang='lat' dir='ltr'>tu:</span> <span class='ocrx_word' id='word_1_312' title='bbox 873 1979 947 2019; x_wconf 79' lang='lat' dir='ltr'>quid</span> <span class='ocrx_word' id='word_1_313' title='bbox 961 1979 1062 2009; x_wconf 80' lang='lat' dir='ltr'>tristis</span> <span class='ocrx_word' id='word_1_314' title='bbox 1075 1982 1126 2009; x_wconf 83' lang='lat' dir='ltr'>es?</span> <span class='ocrx_word' id='word_1_315' title='bbox 1148 1978 1326 2009; x_wconf 84' lang='lat' dir='ltr'>Turnebus</span> <span class='ocrx_word' id='word_1_316' title='bbox 1344 1977 1475 2015; x_wconf 87' lang='lat' dir='ltr'>mallet,</span> <span class='ocrx_word' id='word_1_317' title='bbox 1491 1976 1603 2016; x_wconf 76' lang='lat' dir='ltr'>quidne</span> <span class='ocrx_word' id='word_1_318' title='bbox 1624 1986 1656 2006; x_wconf 80' lang='lat' dir='ltr'>es</span> <span class='ocrx_word' id='word_1_319' title='bbox 1671 1973 1812 2007; x_wconf 77' lang='lat' dir='ltr'>alacris?</span> 
     </span>
     <span class='ocr_line' id='line_1_33' title="bbox 351 2017 1810 2061; baseline -0.003 -8"><span class='ocrx_word' id='word_1_320' title='bbox 351 2032 399 2053; x_wconf 90' lang='lat' dir='ltr'>sc.</span> <span class='ocrx_word' id='word_1_321' title='bbox 416 2032 482 2053; x_wconf 91' lang='lat' dir='ltr'>non</span> <span class='ocrx_word' id='word_1_322' title='bbox 500 2021 656 2061; x_wconf 81' lang='lat' dir='ltr'>credens,</span> <span class='ocrx_word' id='word_1_323' title='bbox 682 2022 786 2053; x_wconf 81' lang='lat' dir='ltr'>tristis</span> <span class='ocrx_word' id='word_1_324' title='bbox 809 2027 844 2052; x_wconf 89' lang='lat' dir='ltr'>et</span> <span class='ocrx_word' id='word_1_325' title='bbox 870 2022 982 2053; x_wconf 80' lang='lat' dir='ltr'>alacris</span> <span class='ocrx_word' id='word_1_326' title='bbox 1009 2022 1107 2052; x_wconf 91' lang='lat' dir='ltr'>simul</span> <span class='ocrx_word' id='word_1_327' title='bbox 1133 2026 1223 2052; x_wconf 85' lang='lat' dir='ltr'>stare</span> <span class='ocrx_word' id='word_1_328' title='bbox 1250 2029 1360 2061; x_wconf 79' lang='lat' dir='ltr'>posse.</span> <span class='ocrx_word' id='word_1_329' title='bbox 1407 2020 1467 2050; x_wconf 86' lang='lat' dir='ltr'>Est</span> <span class='ocrx_word' id='word_1_330' title='bbox 1495 2028 1576 2050; x_wconf 86' lang='lat' dir='ltr'>vero</span> <span class='ocrx_word' id='word_1_331' title='bbox 1596 2018 1710 2049; x_wconf 80' lang='lat' dir='ltr'>alacris</span> <span class='ocrx_word' id='word_1_332' title='bbox 1733 2018 1764 2049; x_wconf 86' lang='grc' dir='ltr'>Ιι.</span> <span class='ocrx_word' id='word_1_333' title='bbox 1788 2017 1810 2048; x_wconf 91' lang='lat' dir='ltr'>l.</span> 
     </span>
     <span class='ocr_line' id='line_1_34' title="bbox 351 2060 1813 2106; baseline -0.003 -11"><span class='ocrx_word' id='word_1_334' title='bbox 351 2066 408 2106; x_wconf 87' lang='lat' dir='ltr'>qni</span> <span class='ocrx_word' id='word_1_335' title='bbox 437 2070 526 2095; x_wconf 78' lang='lat' dir='ltr'>totus</span> <span class='ocrx_word' id='word_1_336' title='bbox 554 2066 586 2095; x_wconf 90' lang='lat' dir='ltr'>in</span> <span class='ocrx_word' id='word_1_337' title='bbox 617 2065 768 2104; x_wconf 80' lang='lat' dir='ltr'>gestibus</span> <span class='ocrx_word' id='word_1_338' title='bbox 796 2070 830 2094; x_wconf 88' lang='lat' dir='ltr'>et</span> <span class='ocrx_word' id='word_1_339' title='bbox 855 2071 949 2096; x_wconf 88' lang='lat' dir='ltr'>motu</span> <span class='ocrx_word' id='word_1_340' title='bbox 977 2069 1030 2095; x_wconf 80' lang='lat' dir='ltr'>est</span> <span class='ocrx_word' id='word_1_341' title='bbox 1057 2064 1219 2104; x_wconf 82' lang='lat' dir='ltr'>corporis.</span> <span class='ocrx_word' id='word_1_342' title='bbox 1264 2063 1363 2094; x_wconf 87' lang='lat' dir='ltr'>Unde</span> <span class='ocrx_word' id='word_1_343' title='bbox 1381 2062 1529 2093; x_wconf 85' lang='lat' dir='ltr'>alacrem</span> <span class='ocrx_word' id='word_1_344' title='bbox 1547 2061 1720 2092; x_wconf 79' lang='lat' dir='ltr'>etlaetum</span> <span class='ocrx_word' id='word_1_345' title='bbox 1737 2060 1813 2101; x_wconf 84' lang='lat' dir='ltr'>plus</span> 
     </span>
     <span class='ocr_line' id='line_1_35' title="bbox 353 2102 1812 2148; baseline -0.003 -10"><span class='ocrx_word' id='word_1_346' title='bbox 353 2108 458 2138; x_wconf 83' lang='lat' dir='ltr'>semel</span> <span class='ocrx_word' id='word_1_347' title='bbox 479 2108 598 2148; x_wconf 82' lang='lat' dir='ltr'>junxit</span> <span class='ocrx_word' id='word_1_348' title='bbox 621 2108 754 2138; x_wconf 82' lang='lat' dir='ltr'>Cicero.</span> <span class='ocrx_word' id='word_1_349' title='bbox 783 2108 883 2139; x_wconf 79' lang='lat' dir='ltr'>IVest.</span> <span class='ocrx_word' id='word_1_350' title='bbox 930 2107 1051 2142; x_wconf 68' lang='lat' dir='ltr'>Quidve</span> <span class='ocrx_word' id='word_1_351' title='bbox 1075 2108 1115 2137; x_wconf 88' lang='lat' dir='ltr'>al.</span> <span class='ocrx_word' id='word_1_352' title='bbox 1138 2107 1285 2137; x_wconf 55' lang='lat' dir='ltr'>Bia-13</span> <span class='ocrx_word' id='word_1_353' title='bbox 1313 2105 1401 2136; x_wconf 84' lang='lat' dir='ltr'>Unde</span> <span class='ocrx_word' id='word_1_354' title='bbox 1425 2103 1480 2137; x_wconf 78' lang='lat' dir='ltr'>is?</span> <span class='ocrx_word' id='word_1_355' title='bbox 1524 2104 1594 2135; x_wconf 76' lang='lat' dir='ltr'>CH.</span> <span class='ocrx_word' id='word_1_356' title='bbox 1617 2104 1689 2143; x_wconf 82' lang='lat' dir='ltr'>Ego</span> <span class='ocrx_word' id='word_1_357' title='bbox 1710 2102 1812 2134; x_wconf 78' lang='lat' dir='ltr'>nescio</span> 
     </span>
     <span class='ocr_line' id='line_1_36' title="bbox 350 2145 1812 2189; baseline -0.003 -8"><span class='ocrx_word' id='word_1_358' title='bbox 350 2151 463 2181; x_wconf 69' lang='lat' dir='ltr'>here-le.</span> <span class='ocrx_word' id='word_1_359' title='bbox 488 2152 583 2181; x_wconf 75' lang='lat' dir='ltr'>Rem.</span> <span class='ocrx_word' id='word_1_360' title='bbox 600 2151 646 2181; x_wconf 88' lang='lat' dir='ltr'>ita</span> <span class='ocrx_word' id='word_1_361' title='bbox 663 2150 780 2185; x_wconf 80' lang='lat' dir='ltr'>habet,</span> <span class='ocrx_word' id='word_1_362' title='bbox 798 2148 929 2189; x_wconf 79' lang='lat' dir='ltr'>Egone?</span> <span class='ocrx_word' id='word_1_363' title='bbox 953 2150 1054 2180; x_wconf 79' lang='lat' dir='ltr'>nescio</span> <span class='ocrx_word' id='word_1_364' title='bbox 1069 2150 1186 2180; x_wconf 81' lang='lat' dir='ltr'>hercle.-</span> <span class='ocrx_word' id='word_1_365' title='bbox 1211 2149 1260 2179; x_wconf 85' lang='lat' dir='ltr'>ita</span> <span class='ocrx_word' id='word_1_366' title='bbox 1275 2148 1404 2188; x_wconf 88' lang='lat' dir='ltr'>optime</span> <span class='ocrx_word' id='word_1_367' title='bbox 1423 2156 1541 2178; x_wconf 83' lang='lat' dir='ltr'>versus</span> <span class='ocrx_word' id='word_1_368' title='bbox 1559 2146 1728 2187; x_wconf 82' lang='lat' dir='ltr'>procedit.</span> <span class='ocrx_word' id='word_1_369' title='bbox 1752 2145 1812 2176; x_wconf 87' lang='lat' dir='ltr'>Fa.</span> 
     </span>
     <span class='ocr_line' id='line_1_37' title="bbox 354 2188 1814 2232; baseline -0.005 -8"><span class='ocrx_word' id='word_1_370' title='bbox 354 2194 473 2224; x_wconf 49' lang='lat' dir='ltr'>Nosti-i</span> <span class='ocrx_word' id='word_1_371' title='bbox 500 2194 621 2224; x_wconf 85' lang='lat' dir='ltr'>vitiose</span> <span class='ocrx_word' id='word_1_372' title='bbox 650 2194 730 2231; x_wconf 79' lang='lat' dir='ltr'>Ego.</span> <span class='ocrx_word' id='word_1_373' title='bbox 754 2193 856 2223; x_wconf 84' lang='lat' dir='ltr'>Bent.</span> <span class='ocrx_word' id='word_1_374' title='bbox 903 2193 973 2232; x_wconf 74' lang='lat' dir='ltr'>Ego</span> <span class='ocrx_word' id='word_1_375' title='bbox 996 2193 1097 2222; x_wconf 82' lang='lat' dir='ltr'>nescio</span> <span class='ocrx_word' id='word_1_376' title='bbox 1120 2192 1220 2222; x_wconf 80' lang='lat' dir='ltr'>hercle</span> <span class='ocrx_word' id='word_1_377' title='bbox 1247 2192 1308 2221; x_wconf 78' lang='grc' dir='ltr'>ΒΓ.</span> <span class='ocrx_word' id='word_1_378' title='bbox 1354 2190 1471 2221; x_wconf 77' lang='lat' dir='ltr'>Hercle</span> <span class='ocrx_word' id='word_1_379' title='bbox 1495 2190 1597 2220; x_wconf 88' lang='lat' dir='ltr'>Bent.</span> <span class='ocrx_word' id='word_1_380' title='bbox 1615 2188 1720 2220; x_wconf 84' lang='lat' dir='ltr'>Both.</span> <span class='ocrx_word' id='word_1_381' title='bbox 1737 2188 1814 2228; x_wconf 77' lang='lat' dir='ltr'>Bip.</span> 
     </span>
     <span class='ocr_line' id='line_1_38' title="bbox 354 2231 1814 2276; baseline -0.005 -9"><span class='ocrx_word' id='word_1_382' title='bbox 354 2236 447 2267; x_wconf 81' lang='lat' dir='ltr'>Peri.</span> <span class='ocrx_word' id='word_1_383' title='bbox 478 2237 587 2275; x_wconf 81' lang='lat' dir='ltr'>Egone</span> <span class='ocrx_word' id='word_1_384' title='bbox 604 2237 702 2266; x_wconf 84' lang='lat' dir='ltr'>abest</span> <span class='ocrx_word' id='word_1_385' title='bbox 719 2245 738 2265; x_wconf 87' lang='lat' dir='ltr'>a</span> <span class='ocrx_word' id='word_1_386' title='bbox 754 2234 871 2266; x_wconf 81' lang='lat' dir='ltr'>Guelf.</span> <span class='ocrx_word' id='word_1_387' title='bbox 886 2238 918 2265; x_wconf 83' lang='lat'>2.</span> <span class='ocrx_word' id='word_1_388' title='bbox 937 2235 992 2276; x_wconf 89' lang='lat' dir='ltr'>qui</span> <span class='ocrx_word' id='word_1_389' title='bbox 1012 2235 1070 2266; x_wconf 88' lang='lat' dir='ltr'>‹lat</span> <span class='ocrx_word' id='word_1_390' title='bbox 1081 2244 1223 2275; x_wconf 82' lang='lat' dir='ltr'>quorsum</span> <span class='ocrx_word' id='word_1_391' title='bbox 1233 2235 1355 2264; x_wconf 86' lang='lat' dir='ltr'>vadam.</span> <span class='ocrx_word' id='word_1_392' title='bbox 1396 2233 1467 2271; x_wconf 83' lang='lat' dir='ltr'>Ego</span> <span class='ocrx_word' id='word_1_393' title='bbox 1479 2232 1578 2263; x_wconf 82' lang='lat' dir='ltr'>nescio</span> <span class='ocrx_word' id='word_1_394' title='bbox 1594 2231 1680 2263; x_wconf 84' lang='lat' dir='ltr'>GM.</span> <span class='ocrx_word' id='word_1_395' title='bbox 1698 2232 1814 2270; x_wconf 81' lang='lat' dir='ltr'>legere</span> 
     </span>
     <span class='ocr_line' id='line_1_39' title="bbox 356 2274 1813 2318; baseline -0.004 -9"><span class='ocrx_word' id='word_1_396' title='bbox 356 2283 505 2310; x_wconf 74' lang='lat' dir='ltr'>testatur</span> <span class='ocrx_word' id='word_1_397' title='bbox 522 2279 702 2309; x_wconf 57' lang='lat' dir='ltr'>Peli—14</span> <span class='ocrx_word' id='word_1_398' title='bbox 729 2279 861 2308; x_wconf 81' lang='lat' dir='ltr'>Prorsus</span> <span class='ocrx_word' id='word_1_399' title='bbox 884 2278 943 2309; x_wconf 76' lang='grc' dir='ltr'>ΒΓ.</span> <span class='ocrx_word' id='word_1_400' title='bbox 971 2278 1136 2318; x_wconf 78' lang='lat' dir='ltr'>Bip.—15</span> <span class='ocrx_word' id='word_1_401' title='bbox 1163 2277 1257 2307; x_wconf 81' lang='lat' dir='ltr'>Nunc</span> <span class='ocrx_word' id='word_1_402' title='bbox 1271 2280 1314 2315; x_wconf 88' lang='lat' dir='ltr'>te,</span> <span class='ocrx_word' id='word_1_403' title='bbox 1338 2276 1509 2313; x_wconf 84' lang='lat' dir='ltr'>Parmeno,</span> <span class='ocrx_word' id='word_1_404' title='bbox 1535 2276 1687 2306; x_wconf 80' lang='lat' dir='ltr'>ostendes,</span> <span class='ocrx_word' id='word_1_405' title='bbox 1734 2274 1813 2304; x_wconf 92' lang='lat' dir='ltr'>Non</span> 
     </span>
     <span class='ocr_line' id='line_1_40' title="bbox 356 2317 1815 2360; baseline -0.004 -8"><span class='ocrx_word' id='word_1_406' title='bbox 356 2326 425 2352; x_wconf 86' lang='lat' dir='ltr'>stat</span> <span class='ocrx_word' id='word_1_407' title='bbox 441 2322 637 2352; x_wconf 85' lang='lat' dir='ltr'>octonarius</span> <span class='ocrx_word' id='word_1_408' title='bbox 653 2321 717 2351; x_wconf 86' lang='lat' dir='ltr'>nisi</span> <span class='ocrx_word' id='word_1_409' title='bbox 737 2322 829 2360; x_wconf 82' lang='lat' dir='ltr'>legas</span> <span class='ocrx_word' id='word_1_410' title='bbox 849 2320 932 2350; x_wconf 89' lang='lat' dir='ltr'>utin</span> <span class='ocrx_word' id='word_1_411' title='bbox 949 2321 1045 2350; x_wconf 83' lang='lat' dir='ltr'>Bem.</span> <span class='ocrx_word' id='word_1_412' title='bbox 1064 2320 1144 2350; x_wconf 86' lang='lat' dir='ltr'>Bas.</span> <span class='ocrx_word' id='word_1_413' title='bbox 1162 2324 1196 2350; x_wconf 91' lang='lat' dir='ltr'>et</span> <span class='ocrx_word' id='word_1_414' title='bbox 1207 2319 1279 2349; x_wconf 81' lang='lat' dir='ltr'>aliis</span> <span class='ocrx_word' id='word_1_415' title='bbox 1295 2330 1302 2349; x_wconf 89' lang='lat'>:</span> <span class='ocrx_word' id='word_1_416' title='bbox 1323 2319 1428 2357; x_wconf 81' lang='lat' dir='ltr'>Nunc,</span> <span class='ocrx_word' id='word_1_417' title='bbox 1445 2318 1611 2354; x_wconf 80' lang='lat' dir='ltr'>Parmeno,</span> <span class='ocrx_word' id='word_1_418' title='bbox 1623 2320 1652 2347; x_wconf 82' lang='lat' dir='ltr'>te</span> <span class='ocrx_word' id='word_1_419' title='bbox 1662 2317 1815 2347; x_wconf 82' lang='lat' dir='ltr'>ostendes.</span> 
     </span>
     <span class='ocr_line' id='line_1_41' title="bbox 356 2358 1814 2404; baseline -0.005 -9"><span class='ocrx_word' id='word_1_420' title='bbox 356 2365 414 2395; x_wconf 80' lang='lat' dir='ltr'>Fa.</span> <span class='ocrx_word' id='word_1_421' title='bbox 437 2365 542 2404; x_wconf 76' lang='lat' dir='ltr'>Lege,</span> <span class='ocrx_word' id='word_1_422' title='bbox 557 2365 660 2399; x_wconf 86' lang='lat' dir='ltr'>Nunc,</span> <span class='ocrx_word' id='word_1_423' title='bbox 676 2364 842 2401; x_wconf 83' lang='lat' dir='ltr'>Parmeno,</span> <span class='ocrx_word' id='word_1_424' title='bbox 866 2367 896 2393; x_wconf 83' lang='lat' dir='ltr'>te</span> <span class='ocrx_word' id='word_1_425' title='bbox 912 2362 1093 2394; x_wconf 76' lang='lat' dir='ltr'>ostenderis.</span> <span class='ocrx_word' id='word_1_426' title='bbox 1138 2362 1275 2393; x_wconf 80' lang='lat' dir='ltr'>Poteris</span> <span class='ocrx_word' id='word_1_427' title='bbox 1292 2362 1408 2400; x_wconf 80' lang='lat' dir='ltr'>etiam,</span> <span class='ocrx_word' id='word_1_428' title='bbox 1424 2359 1621 2396; x_wconf 80' lang='lat' dir='ltr'>ostendesz&#39;s;</span> <span class='ocrx_word' id='word_1_429' title='bbox 1645 2359 1705 2390; x_wconf 82' lang='lat' dir='ltr'>sed</span> <span class='ocrx_word' id='word_1_430' title='bbox 1732 2358 1814 2389; x_wconf 90' lang='lat' dir='ltr'>illud</span> 
     </span>
     <span class='ocr_line' id='line_1_42' title="bbox 357 2401 1817 2443; baseline -0.003 -7"><span class='ocrx_word' id='word_1_431' title='bbox 357 2407 488 2438; x_wconf 86' lang='lat' dir='ltr'>melius.</span> <span class='ocrx_word' id='word_1_432' title='bbox 507 2408 606 2438; x_wconf 82' lang='lat' dir='ltr'>Bent.</span> <span class='ocrx_word' id='word_1_433' title='bbox 647 2407 802 2437; x_wconf 78' lang='lat' dir='ltr'>Osteudas</span> <span class='ocrx_word' id='word_1_434' title='bbox 818 2405 934 2437; x_wconf 88' lang='lat' dir='ltr'>Guelf.</span> <span class='ocrx_word' id='word_1_435' title='bbox 951 2408 970 2436; x_wconf 82' lang='lat'><strong>2</strong></span> <span class='ocrx_word' id='word_1_436' title='bbox 994 2415 1063 2435; x_wconf 85' lang='lat' dir='ltr'>vss.</span> <span class='ocrx_word' id='word_1_437' title='bbox 1082 2407 1199 2436; x_wconf 84' lang='grc'><strong>14.15.</strong></span> <span class='ocrx_word' id='word_1_438' title='bbox 1224 2405 1281 2435; x_wconf 90' lang='lat' dir='ltr'>Sic</span> <span class='ocrx_word' id='word_1_439' title='bbox 1311 2404 1395 2443; x_wconf 76' lang='lat' dir='ltr'>legit</span> <span class='ocrx_word' id='word_1_440' title='bbox 1420 2403 1587 2434; x_wconf 77' lang='lat' dir='ltr'>Bomius:</span> <span class='ocrx_word' id='word_1_441' title='bbox 1621 2402 1674 2432; x_wconf 87' lang='lat' dir='ltr'>Ita</span> <span class='ocrx_word' id='word_1_442' title='bbox 1701 2401 1817 2432; x_wconf 81' lang='lat' dir='ltr'>oblitus</span> 
     </span>
     <span class='ocr_line' id='line_1_43' title="bbox 354 2445 1816 2489; baseline -0.003 -10"><span class='ocrx_word' id='word_1_443' title='bbox 354 2459 482 2489; x_wconf 81' lang='lat' dir='ltr'>prorsus</span> <span class='ocrx_word' id='word_1_444' title='bbox 497 2450 558 2481; x_wconf 74' lang='lat' dir='ltr'>mei</span> <span class='ocrx_word' id='word_1_445' title='bbox 574 2459 654 2481; x_wconf 84' lang='lat' dir='ltr'>sum.</span> <span class='ocrx_word' id='word_1_446' title='bbox 700 2449 768 2480; x_wconf 82' lang='grc' dir='ltr'>ΡΛ.</span> <span class='ocrx_word' id='word_1_447' title='bbox 788 2449 863 2487; x_wconf 71' lang='lat' dir='ltr'>Qui,</span> <span class='ocrx_word' id='word_1_448' title='bbox 879 2446 1008 2489; x_wconf 79' lang='lat' dir='ltr'>quaeso?</span> <span class='ocrx_word' id='word_1_449' title='bbox 1033 2449 1103 2480; x_wconf 85' lang='lat' dir='ltr'>CH.</span> <span class='ocrx_word' id='word_1_450' title='bbox 1121 2448 1213 2479; x_wconf 88' lang='lat' dir='ltr'>Amo.</span> <span class='ocrx_word' id='word_1_451' title='bbox 1245 2447 1311 2478; x_wconf 82' lang='grc' dir='ltr'>ΡΑ.</span> <span class='ocrx_word' id='word_1_452' title='bbox 1327 2445 1438 2478; x_wconf 83' lang='lat' dir='ltr'>Hem!</span> <span class='ocrx_word' id='word_1_453' title='bbox 1473 2445 1542 2477; x_wconf 78' lang='lat' dir='ltr'>CH.</span> <span class='ocrx_word' id='word_1_454' title='bbox 1559 2445 1816 2484; x_wconf 79' lang='lat' dir='ltr'>Parmeno,nunc</span> 
     </span>
    </p>
   </div>
   <div class='ocr_carea' id='block_1_10' title="bbox 1021 2538 1166 2571">
    <p class='ocr_par' dir='ltr' id='par_1_10' title="bbox 1021 2538 1166 2571">
     <span class='ocr_line' id='line_1_44' title="bbox 1021 2538 1166 2571; baseline -0.021 0"><span class='ocrx_word' id='word_1_455' title='bbox 1021 2538 1166 2571; x_wconf 85' lang='lat' dir='ltr'>NOTAE</span> 
     </span>
    </p>
   </div>
   <div class='ocr_carea' id='block_1_11' title="bbox 359 2596 1818 2796">
    <p class='ocr_par' dir='ltr' id='par_1_11' title="bbox 359 2596 1818 2796">
     <span class='ocr_line' id='line_1_45' title="bbox 403 2596 1818 2645; baseline -0.008 -8"><span class='ocrx_word' id='word_1_456' title='bbox 403 2610 441 2638; x_wconf 89' lang='grc'>11</span> <span class='ocrx_word' id='word_1_457' title='bbox 468 2606 531 2642; x_wconf 73' lang='lat' dir='ltr'>Qui</span> <span class='ocrx_word' id='word_1_458' title='bbox 553 2606 641 2636; x_wconf 85' lang='lat' dir='ltr'>illum</span> <span class='ocrx_word' id='word_1_459' title='bbox 658 2604 897 2645; x_wconf 81' lang='lat' dir='ltr'>floccifecerz&#39;m]</span> <span class='ocrx_word' id='word_1_460' title='bbox 922 2603 1059 2634; x_wconf 89' lang='lat' dir='ltr'>Indicat</span> <span class='ocrx_word' id='word_1_461' title='bbox 1115 2603 1178 2633; x_wconf 85' lang='lat' dir='ltr'>Est</span> <span class='ocrx_word' id='word_1_462' title='bbox 1213 2605 1325 2632; x_wconf 75' lang='lat' dir='ltr'>autem</span> <span class='ocrx_word' id='word_1_463' title='bbox 1353 2599 1492 2640; x_wconf 68' lang='lat' dir='ltr'>floccum,</span> <span class='ocrx_word' id='word_1_464' title='bbox 1522 2599 1608 2629; x_wconf 83' lang='lat' dir='ltr'>lanae</span> <span class='ocrx_word' id='word_1_465' title='bbox 1640 2596 1818 2637; x_wconf 77' lang='lat' dir='ltr'>particula,</span> 
     </span>
     <span class='ocr_line' id='line_1_46' title="bbox 359 2646 1816 2692; baseline -0.008 -4"><span class='ocrx_word' id='word_1_466' title='bbox 359 2658 504 2690; x_wconf 67' lang='lat' dir='ltr'>Chaerea</span> <span class='ocrx_word' id='word_1_467' title='bbox 529 2666 562 2686; x_wconf 83' lang='lat' dir='ltr'>se</span> <span class='ocrx_word' id='word_1_468' title='bbox 589 2655 863 2686; x_wconf 82' lang='lat' dir='ltr'>Archidemidem</span> <span class='ocrx_word' id='word_1_469' title='bbox 889 2664 931 2684; x_wconf 85' lang='lat' dir='ltr'>ne</span> <span class='ocrx_word' id='word_1_470' title='bbox 960 2653 1058 2684; x_wconf 89' lang='lat' dir='ltr'>flocci</span> <span class='ocrx_word' id='word_1_471' title='bbox 1115 2662 1191 2692; x_wconf 57' lang='grc' dir='ltr'>(μην,</span> <span class='ocrx_word' id='word_1_472' title='bbox 1209 2651 1336 2682; x_wconf 86' lang='lat' dir='ltr'>inutilis</span> <span class='ocrx_word' id='word_1_473' title='bbox 1352 2660 1372 2682; x_wconf 82' lang='lat' dir='ltr'>a</span> <span class='ocrx_word' id='word_1_474' title='bbox 1388 2650 1513 2681; x_wconf 84' lang='lat' dir='ltr'>vellere</span> <span class='ocrx_word' id='word_1_475' title='bbox 1525 2646 1701 2680; x_wconf 81' lang='lat' dir='ltr'>divellitur</span> <span class='ocrx_word' id='word_1_476' title='bbox 1714 2650 1816 2689; x_wconf 86' lang='lat' dir='ltr'>atque</span> 
     </span>
     <span class='ocr_line' id='line_1_47' title="bbox 360 2702 1239 2748; baseline -0.006 -11"><span class='ocrx_word' id='word_1_477' title='bbox 360 2708 497 2748; x_wconf 82' lang='lat' dir='ltr'>quidem</span> <span class='ocrx_word' id='word_1_478' title='bbox 515 2706 627 2737; x_wconf 77' lang='lat' dir='ltr'>facere</span> <span class='ocrx_word' id='word_1_479' title='bbox 645 2705 814 2744; x_wconf 76' lang='lat' dir='ltr'>debuisse,</span> <span class='ocrx_word' id='word_1_480' title='bbox 830 2709 868 2735; x_wconf 88' lang='lat' dir='ltr'>nt</span> <span class='ocrx_word' id='word_1_481' title='bbox 882 2713 1059 2735; x_wconf 84' lang='lat' dir='ltr'>remanens</span> <span class='ocrx_word' id='word_1_482' title='bbox 1115 2702 1239 2733; x_wconf 87' lang='lat' dir='ltr'>evolat.</span> 
     </span>
     <span class='ocr_line' id='line_1_48' title="bbox 360 2754 1059 2796; baseline -0.007 -8"><span class='ocrx_word' id='word_1_483' title='bbox 360 2757 547 2788; x_wconf 80' lang='lat' dir='ltr'>desisteret</span> <span class='ocrx_word' id='word_1_484' title='bbox 590 2766 609 2786; x_wconf 83' lang='lat' dir='ltr'>a</span> <span class='ocrx_word' id='word_1_485' title='bbox 646 2755 880 2796; x_wconf 84' lang='lat' dir='ltr'>persequenda</span> <span class='ocrx_word' id='word_1_486' title='bbox 918 2754 1059 2793; x_wconf 79' lang='lat' dir='ltr'>virgine.</span> 
     </span>
    </p>
   </div>
  </div>
 </body>
</html>
