1903 3306
356 206 442 249 370
852 218 892 247 P.
924 216 1163 247 TERENTH
1198 215 1315 246 ΑΒΜ

359 312 468 366 Ejus
489 312 660 361 labore,
683 314 816 364 atque
834 310 929 364 ejus
946 310 1114 360 dolore,
1136 313 1267 363 gnato
1288 314 1338 350 ut
1358 309 1599 351 medicarer
1621 315 1714 351 tuo.

359 379 638 434 Impetrasti:
669 378 864 431 incoepi;
896 378 998 419 dum
1012 390 1082 418 res
1101 377 1267 418 tetulit:
1299 388 1414 416 nunc
1432 389 1520 417 non
1540 376 1647 418 fert:
1678 377 1810 444 fera}

358 447 488 488 Illam
509 447 612 487 hinc
636 446 782 487 civem
814 458 910 486 esse
939 444 1087 486 aiunt:
1131 456 1243 497 puer
1263 447 1329 484 est
1358 447 1511 485 natus:
1543 455 1628 485 nos
1648 444 1811 485 missos

531 513 645 554 face.

357 578 424 620 S1.
455 579 543 621 Per
564 593 646 633 ego
667 582 709 621 te
731 580 857 621 Deos
880 592 972 629 oro,
997 581 1133 637 utssne
1154 579 1247 620 illis
1275 578 1468 620 animum
1502 577 1686 622 inducas
1720 592 1812 620 cre-

531 647 652 697 dere,
1012 636 1015 637 ⁷
1043 633 1118 640 ''U‘'
1757 646 1812 686 15

359 713 538 764 Quibus
558 714 605 754 id
625 713 819 754 maxime
840 714 948 754 utile
970 712 1039 762 'st,
1062 712 1186 754 illum
1208 725 1310 753 esse
1332 726 1463 767 quam
1483 713 1775 754 deterrimum.

358 781 628 834 Nuptiarum
646 781 788 833 gratia
806 780 905 820 haec
926 783 1025 821 sunt
1046 779 1164 829 ficta,
1185 784 1323 832 atque
1343 780 1523 832 incepta
1543 780 1701 820 omnia.

357 847 450 888 Ubi
478 861 532 888 ea
562 860 712 896 causa,
745 847 1037 900 quamobrem
1068 846 1164 888 haec
1195 846 1381 896 faciunt,
1415 847 1498 887 erit
1534 847 1710 888 ademta
1728 847 1812 897 his,

531 914 748 955 desinent.

359 981 447 1023 CH.
479 982 635 1022 Erras:
682 994 783 1022 cum
820 981 952 1021 Davo
988 985 1160 1034 egomet
1186 981 1279 1023 vidi
1308 980 1554 1035 jurgantem
1590 980 1812 1022 ancillam.

532 1047 599 1088 S1.
632 1046 753 1088 Scio.

359 1114 447 1156 CH.
480 1114 544 1156 At
564 1128 669 1156 vero
692 1114 844 1166 voltu3
877 1127 993 1164 cum,
1025 1114 1088 1155 ibi
1117 1127 1188 1156 me
1211 1114 1388 1166 adesse,
1410 1118 1565 1156 neuter
1586 1117 1678 1155 tum
1699 1126 1811 1167 prae-

532 1185 742 1223 senserat.
1757 1181 1813 1221 20

357 1311 460 1343 labore
471 1315 562 1352 atque
577 1312 680 1343 dolore
693 1311 861 1343 remedium
875 1311 1022 1353 afferrem
1028 1311 1103 1352 filio
1119 1314 1184 1350 tuo,
1197 1321 1299 1343 amore
1314 1312 1398 1352 turpi
1409 1310 1589 1343 insanienti.
1622 1311 1668 1342 Tu
1685 1311 1719 1342 id
1733 1321 1752 1342 a
1767 1320 1813 1341 me

356 1355 540 1395 impetrasti.
564 1355 674 1385 Etiam
689 1355 788 1394 incepi
803 1356 927 1394 nuptias
942 1355 1132 1394 contrahere,
1147 1356 1219 1385 dum
1229 1364 1279 1384 res
1292 1355 1435 1394 permisit
1446 1365 1457 1386 .·
1478 1364 1557 1385 nunc
1571 1364 1630 1385 non
1642 1354 1813 1393 permittit.

360 1398 408 1428 Tu
430 1408 476 1428 me
491 1408 605 1437 quoque
620 1398 782 1428 consilium
804 1401 925 1428 mutare
947 1397 1122 1437 permittas
1165 1397 1297 1428 Dicitur
1317 1398 1413 1428 etiam
1437 1397 1618 1437 Glycerium
1639 1399 1734 1427 civem
1750 1405 1814 1427 esse

357 1440 522 1477 Atticam
545 1450 584 1471 ex
599 1450 634 1471 ea
648 1450 726 1480 puer
742 1440 815 1481 filio
831 1444 882 1471 tuo
898 1445 991 1471 natus
1005 1443 1071 1471 est:
1094 1440 1224 1480 proinde
1240 1439 1348 1470 omitte
1363 1449 1417 1470 nos
1431 1441 1468 1470 de
1482 1440 1602 1479 nuptiis
1622 1439 1812 1479 compellare.

357 1483 407 1514 Si.
433 1483 496 1513 Per
512 1483 596 1514 Deos
611 1492 666 1522 ego
679 1486 709 1513 te
722 1492 785 1521 oro,
800 1492 837 1513 ne
848 1483 922 1513 velis
937 1482 987 1513 his
998 1483 1132 1521 credere,
1148 1482 1256 1522 quibus
1269 1483 1347 1513 utile
1359 1485 1418 1522 est,
1430 1482 1564 1522 utfilius
1574 1491 1657 1512 meus
1664 1482 1815 1521 pessimus

356 1526 400 1556 sit
415 1530 506 1565 atque
520 1527 702 1556 oeslimetur.
748 1526 940 1565 Nuptiarum
956 1525 1218 1565 impediendarum
1232 1535 1322 1556 eausa
1336 1525 1384 1555 hoe
1402 1525 1543 1563 fallaciae
1563 1533 1665 1555 omnes
1680 1525 1814 1555 inventae

357 1572 431 1599 sunt
445 1572 536 1608 atque
551 1568 689 1608 inceptoe.
740 1568 801 1599 Ubi
811 1568 929 1608 nuptiae
942 1567 1234 1607 perfectoefuerint,
1250 1571 1280 1599 et
1293 1577 1396 1606 causa,
1410 1567 1605 1608 quamobrem
1611 1565 1816 1605 fraudulenti

355 1610 406 1641 illl
420 1611 484 1641 haee
492 1610 633 1650 faciunt,
646 1611 695 1641 his
710 1611 831 1641 ademta
843 1611 970 1649 ficerit,·
991 1611 1075 1641 dolos
1087 1615 1117 1641 et
1141 1611 1267 1641 technas
1281 1621 1354 1642 suas
1367 1611 1516 1642 desinent.
1561 1609 1632 1641 CH.
1655 1608 1790 1640 Falleris
1802 1619 1814 1645 ;

358 1658 478 1692 egomet
502 1654 569 1684 vidi
595 1654 739 1684 ancillam
763 1653 921 1694 Mysidem
946 1653 1102 1684 rixantem
1125 1662 1194 1684 cum
1223 1654 1326 1684 Davo.
1372 1653 1424 1684 Sr.
1448 1652 1534 1685 Scio.
1579 1652 1651 1683 CH.
1682 1651 1729 1682 At
1743 1660 1814 1681 vero

358 1697 458 1737 vultu,
467 1706 527 1728 non
540 1697 707 1734 simulalo;
729 1700 801 1728 tunc
816 1706 883 1727 cum
895 1699 1004 1727 neuter
1013 1705 1116 1727 eorum
1131 1705 1178 1727 me
1188 1695 1234 1726 ibi
1243 1698 1347 1728 adesse
1360 1699 1433 1727 ante
1446 1698 1597 1727 senserat.
1629 1694 1680 1725 SI.
1693 1694 1813 1730 (ἵν-θεῖα,-

967 1801 984 1812 0
988 1801 1027 1812 οφ
1031 1801 1046 1812 e
1052 1801 1066 1813 e
1071 1801 1209 1813 ‘nuto

360 1894 435 1915 cum
456 1884 604 1915 Bia—12
627 1884 773 1915 Mederer
793 1883 940 1914 Bru—13
965 1884 1133 1922 Imperasti
1157 1882 1221 1915 Ed.
1238 1883 1280 1914 V.
1308 1885 1403 1914 1483.
1430 1882 1516 1914 Tulit
1531 1883 1589 1913 Er.
1612 1881 1702 1913 Perl.
1727 1881 1815 1913 Tulit

359 1928 419 1957 Br-
443 1927 499 1968 qui
513 1926 574 1957 dat
588 1936 667 1957 nunc
680 1931 712 1956 ut
731 1926 812 1965 fert,
829 1925 930 1962 seras.
976 1927 1043 1957 Eic
1058 1930 1157 1957 notat
1174 1927 1307 1957 Bruns:
1331 1928 1340 1942 ‘
1353 1926 1416 1956 Ed.
1442 1935 1502 1955 non
1520 1925 1610 1962 fert:
1636 1924 1746 1964 potior
1761 1928 1815 1955 est

360 1969 462 2000 lectio
483 1969 631 2000 codicis:
675 1969 858 2008 Impetrasti
879 1969 1046 2008 inceptam,
1074 1978 1122 1999 res
1145 1969 1218 1999 (lum
1244 1968 1346 1999 Both.
1370 1967 1507 1999 ‘Guelfl
1527 1970 1557 1998 3.
1573 1966 1681 2004 feras:
1703 1965 1816 1998 fuerat

360 2016 460 2043 antea
472 2013 620 2052 neglect.
644 2016 723 2051 post
746 2011 1067 2051 suprascript.’——16
1091 2012 1175 2042 Eum
1199 2020 1260 2052 pro
1284 2011 1372 2041 illum
1397 2009 1513 2041 Guelf.
1529 2012 1648 2040 2.-17
1672 2010 1815 2041 Charta-

359 2065 440 2086 ceus
455 2054 692 2092 nosterfacta;
708 2058 744 2085 et
758 2063 777 2084 a
794 2054 901 2094 prima
914 2063 1014 2084 manu
1031 2053 1099 2084 duo
1114 2054 1193 2092 alii3
1220 2059 1338 2094 postea
1354 2052 1701 2094 interpolatumficta.
1723 2052 1815 2082 Vera

360 2098 463 2129 lectio
479 2101 529 2128 est
548 2097 651 2136 facta.
696 2096 823 2127 Videre
838 2096 916 2136 hoc,
942 2097 994 2128 vel
1011 2106 1052 2127 ex
1069 2097 1276 2137 conjectura,
1301 2096 1366 2127 alii.
1389 2096 1487 2127 Bent.
1532 2095 1633 2126 Facta
1650 2094 1768 2126 Guelf.
1784 2097 1815 2125 2.

359 2143 444 2171 --18
468 2140 551 2171 Mss.
574 2139 722 2181 quidam,
743 2143 809 2170 tum
827 2139 980 2170 desinent.
1003 2139 1110 2169 West.
1155 2139 1302 2178 Ademta,
1323 2138 1372 2169 his
1386 2139 1524 2168 desinent
1542 2138 1601 2169 ΒΓ.
1626 2146 1724 2178 quam
1746 2136 1814 2167 dis-

360 2183 558 2214 tinctionem
575 2183 682 2222 magis
702 2183 900 2213 concinnam
916 2191 990 2213 esse
1007 2186 1125 2213 censet
1142 2182 1354 2213 Erana—19
1374 2181 1463 2220 Lege
1490 2180 1700 2211 numerosius
1720 2179 1815 2210 ancil-

361 2227 424 2257 lam
439 2225 635 2264 jurgantem.
657 2225 759 2255 Bent.
804 2224 951 2255 Invertit
966 2228 1001 2255 et
1018 2225 1197 2256 Per1.—20
1220 2224 1323 2255 Varie
1344 2224 1415 2254 haec
1438 2224 1610 2263 leguntur,
1634 2222 1687 2253 vel
1707 2225 1816 2253 neuter

361 2270 435 2298 dum
447 2271 661 2308 praesenserat,
672 2267 725 2297 vel
740 2271 848 2298 neuter
862 2268 934 2298 dum
945 2270 1149 2308 persenserat.
1173 2267 1273 2297 Bodl.
1290 2270 1397 2297 neuter
1409 2269 1475 2296 tum
1490 2275 1527 2296 ne
1541 2268 1690 2296 senserat.
1706 2265 1814 2295 West.

362 2311 430 2342 Hic
446 2320 560 2341 versus
574 2311 606 2340 in
623 2311 719 2340 Rem.
736 2310 884 2350 incipita
897 2310 1047 2341 dictione
1062 2311 1161 2341 ‘An’
1184 2314 1334 2340 ceterum
1351 2309 1384 2339 in
1402 2309 1575 2340 scansione
1592 2317 1630 2339 ea
1648 2307 1815 2346 particula

361 2354 395 2384 in
412 2353 512 2384 finem
529 2352 760 2393 praecedentis
784 2362 902 2383 versus
927 2352 1090 2393 rejicitur.
1135 2352 1284 2392 conjicit
1309 2351 1448 2391 Lolgins
1474 2356 1584 2381 neuter
1607 2351 1700 2380 dum:
1723 2349 1811 2390 quod

361 2396 458 2427 nobis
473 2396 619 2426 maxime
632 2396 756 2435 placet.
802 2395 879 2426 Hoc
896 2400 1009 2426 tamen
1023 2394 1192 2434 addimus,
1210 2393 1318 2425 videri
1335 2395 1432 2425 nobis
1449 2393 1628 2433 legendum
1645 2401 1731 2431 esse,
1744 2401 1814 2431 per-

362 2442 509 2469 senserat.
533 2439 591 2469 Fa.
636 2438 734 2468 Tolle
762 2437 846 2468 illud
869 2438 927 2468 At.
971 2437 1110 2478 Lolgius
1124 2441 1232 2468 neuter
1245 2438 1328 2468 dum.
1371 2435 1479 2476 Atqui
1496 2435 1650 2466 codicum
1668 2435 1814 2465 omnium

363 2481 477 2521 lectio,
491 2485 565 2520 tum,
577 2480 695 2511 eodem
709 2490 846 2520 prorsus
862 2489 962 2511 sensu
978 2484 1041 2511 est.
1063 2482 1073 2498 ‘
1086 2479 1195 2518 Tum‚'
1218 2480 1227 2496 ‘
1240 2478 1340 2517 cum‚'
1365 2479 1508 2519 passim:
1526 2483 1562 2509 et
1574 2485 1812 2516 nonnunquam

359 2523 369 2541 ‘
385 2522 487 2564 cum,'
503 2523 513 2540 ⁴
527 2523 620 2554 tum.’
649 2523 739 2563 Ergo
755 2527 850 2555 recte
865 2526 941 2554 tum.
961 2523 1064 2555 Bent.
1091 2522 1152 2559 Ac,
1166 2531 1224 2554 seu
1238 2522 1349 2563 potius
1364 2522 1468 2562 Atque
1483 2522 1530 2553 C:
1556 2525 1664 2552 recte.
1702 2519 1814 2560 Vulgo

1015 2627 1155 2660 NOTAE

365 2704 413 2735 ita
429 2706 467 2733 ut
483 2702 731 2734 matrimonium
748 2703 998 2735 dissolveretur.
1118 2702 1272 2734 teritum.

411 2756 449 2785 13
474 2753 561 2784 Dum
571 2762 618 2784 res
632 2753 752 2793 tetulit]
776 2752 1065 2794 Antiquumprae-
