1903 3306
232 217 273 246 P.
305 215 546 245 TERENTu
580 215 698 246 Arm
733 215 781 245 m
818 215 1056 246 ANDRIAM
1093 217 1365 249 PROLOGUS.
1481 210 1566 251 273

554 373 1123 422 PROLOGUS.†

112 473 315 539 POETA,
337 503 436 531 cum
458 491 650 544 primum
669 492 859 532 animum
881 491 938 531 ad
960 491 1238 532 scribendum
1261 492 1449 545 appulit,

111 556 166 598 Id
190 557 277 597 sibi
298 558 444 609 negoti
466 559 652 600 credidit
674 559 819 599 solum
842 558 954 608 dari,

0 624 21 666 ·.”
82 612 286 677 [Populo
306 627 354 664 ut
374 624 615 677 placerent,
638 638 751 678 quas
771 625 946 666 fecisset
965 625 1152 667 fabulas.

108 690 276 732 Verum
297 691 423 732 aliter
444 693 618 733 evenire
638 693 777 734 multo
798 693 1001 746 intelligit
1019 708 1027 733 :

109 758 227 799 Nam
249 758 293 798 in
313 758 506 812 prologis
526 759 776 801 scribundis
799 773 976 813 operam
999 761 1190 801 abutitur
1209 774 1219 811 ;
1536 765 1563 803 5

813 821 941 838 Μ

154 886 232 916 Cum
245 887 378 926 primum
395 888 556 919 Terentius
570 887 671 919 Pozita
686 888 822 918 animum
836 888 986 928 applicuit
1002 890 1042 918 ud
1052 887 1217 928 faciendas
1234 890 1416 925 Comoedias,
1432 889 1565 920 credidit

108 927 190 959 hunc
203 929 264 960 sien·
279 933 400 961 tantum
414 930 549 961 laborem
562 931 690 970 imponi,
704 934 739 960 ut
756 931 931 970 Comoeclz'ae,
953 941 1026 971 quas
1042 932 1182 969 fecisset,
1203 933 1346 972 populum
1359 934 1563 963 delectarent:

108 979 213 1002 verum
229 973 463 1013 animadvertit,
478 975 573 1004 multo
588 973 680 1004 aliter
694 982 784 1013 quam
797 977 963 1013 putat-erat
978 975 1100 1005 evenire
1112 986 1122 1005 :
1145 985 1216 1005 nam
1231 976 1263 1005 in
1276 975 1414 1015 prologis
1429 975 1563 1006 scriben-

714 1069 932 1081 eeueeuaevae
936 1071 954 1080 e-

151 1136 214 1178 *ξ
235 1137 345 1169 Notas
373 1138 607 1179 Bentleianas,
632 1150 715 1180 quas
732 1140 766 1170 in
782 1140 833 1171 his
848 1141 925 1172 VV.
942 1140 1009 1172 LL.
1027 1140 1069 1171 ad
1086 1140 1252 1171 Andriam
1282 1141 1464 1180 inveneris,
1489 1151 1506 1171 e
1526 1141 1564 1171 Z.

107 1178 182 1210 fere
198 1181 420 1212 extraximus.
464 1182 505 1213 Id
520 1183 657 1223 quidem
673 1181 829 1222 fecimus,
855 1190 893 1214 ut
918 1183 1079 1214 brevitati
1105 1184 1367 1214 consuleremus.
1412 1184 1471 1224 At,
1487 1194 1563 1215 cum

109 1222 260 1254 Bentleii
275 1222 375 1255 famae
392 1230 428 1256 et
445 1234 533 1256 verre
550 1226 669 1256 harum
684 1226 758 1257 VV.
775 1227 844 1257 LL.
862 1226 1006 1257 utilitati
1023 1226 1079 1256 vix
1096 1227 1157 1257 hac
1174 1227 1304 1257 ratione
1322 1227 1404 1258 satis
1434 1226 1564 1258 factum

107 1270 230 1305 postea
247 1265 434 1306 videretur,
449 1267 585 1298 tandem
605 1268 834 1309 judicavimus
848 1269 883 1300 in
899 1269 1000 1299 variis
1018 1274 1210 1300 ceterarum
1229 1269 1430 1301 Fabularum
1447 1270 1566 1301 lectio-

107 1307 205 1338 nibus
222 1310 434 1348 exponendis
450 1311 551 1351 paulo
569 1311 704 1352 quidem
722 1312 922 1352 longiorem,
946 1318 982 1342 at
999 1317 1093 1343 certe
1117 1312 1222 1352 magis
1248 1312 1361 1348 fidam,
1387 1312 1509 1343 Faerni
1527 1323 1567 1344 ac

106 1350 257 1382 Bentleii
274 1352 443 1383 Notarum
459 1354 642 1393 Epitomen
657 1353 1052 1387 exhibendam—Quam
1070 1356 1236 1386 rationem
1253 1355 1369 1386 inierit
1384 1355 1458 1396 ipse
1475 1356 1563 1387 Zeu-

107 1393 195 1432 nius,
218 1395 424 1434 explicatam
451 1396 524 1436 ejus
556 1397 670 1428 verbis
700 1398 839 1438 accipe:
864 1398 873 1414 ‘
891 1397 1060 1428 Faernum
1091 1399 1227 1439 quidem
1254 1398 1347 1437 olim,
1378 1404 1413 1429 et
1444 1403 1564 1439 postea

106 1436 302 1467 Bentleium
319 1447 395 1469 cum
412 1439 653 1471 intellexissem
671 1440 810 1471 multam
832 1441 1038 1471 Terentiano
1055 1441 1166 1472 textui
1191 1441 1406 1472 emendando
1432 1447 1468 1472 et
1496 1443 1564 1472 lec-

107 1478 235 1510 tionum
250 1481 460 1513 auctoritate
476 1482 707 1513 confirmando
724 1493 861 1522 operam
882 1483 1015 1513 dedisse
1031 1493 1040 1520 3
1065 1483 1105 1514 ab
1133 1493 1192 1514 usu
1209 1484 1307 1524 hujus
1325 1484 1484 1515 editionis
1499 1485 1562 1515 cri·

106 1521 391 1562 tico‚praesertim
407 1533 483 1555 cum
499 1525 616 1556 multae
632 1525 876 1565 Lindenbrogii
902 1533 991 1556 notae
1021 1526 1166 1557 eundem
1192 1531 1364 1566 spectent,
1391 1537 1455 1558 non
1481 1528 1564 1558 alie-

106 1573 187 1594 num
203 1564 297 1605 duxi,
314 1566 439 1607 ubique
455 1568 632 1609 utriusque
652 1568 713 1598 viri
732 1568 937 1599 sententiam
955 1569 1164 1609 adjungere3
1190 1569 1262 1608 sed,
1278 1579 1320 1599 ne
1335 1570 1422 1600 liber
1438 1572 1562 1609 magni-

107 1606 227 1638 tudine
243 1612 280 1638 et
295 1608 496 1641 scholiorum
514 1612 606 1641 nube
622 1612 783 1642 molestus
800 1611 995 1651 lectoribus,
1021 1617 1056 1642 et
1071 1610 1161 1642 forte
1179 1612 1292 1650 pretio
1309 1612 1495 1643 emtoribus
1513 1614 1562 1643 in-

107 1649 303 1681 commodus
318 1652 496 1692 existeret,
513 1653 575 1685 hoc
592 1658 864 1693 temperamento
890 1663 963 1685 sum
989 1664 1081 1693 usus,
1108 1659 1147 1685 ut
1170 1653 1243 1685 fere
1270 1655 1380 1686 verbis
1397 1656 1493 1694 meis,
1519 1656 1563 1686 ad

106 1701 178 1723 rem
195 1692 345 1735 brevius,
360 1696 453 1727 salva
470 1696 732 1737 perspicuitate,
750 1696 1019 1737 significandam,
1034 1697 1211 1738 uti-iusque
1228 1698 1291 1728 viri
1308 1698 1513 1729 sententiam
1529 1700 1563 1729 in

108 1735 346 1775 compendium
357 1738 560 1778 redigerem,
576 1744 611 1770 et
627 1739 683 1770 uni
699 1740 827 1770 nomini
844 1739 1030 1770 tribuerem
1047 1740 1219 1778 Bentleii;
1244 1740 1329 1771 adeo
1346 1746 1384 1772 ut
1400 1742 1499 1781 copia
1515 1742 1563 1773 lo·

108 1786 224 1809 corum
240 1779 376 1817 omissa,
392 1786 428 1812 et
444 1781 624 1813 verborum
640 1781 928 1822 formularumque
958 1782 1155 1822 ambagibus
1183 1782 1348 1814 detractis
1374 1789 1409 1814 et
1434 1785 1562 1815 crebris

105 1820 258 1861 ejusdem
285 1823 334 1854 rei
361 1824 622 1864 repetitionibus
647 1825 776 1863 vitatis,
803 1825 885 1855 nihil
912 1824 976 1855 nisi
1002 1826 1181 1856 sententiae
1204 1832 1561 1868 argumentorumque,

106 1863 179 1894 sive
195 1873 214 1894 a
228 1865 383 1896 codicum
400 1867 616 1906 auctoritate,
629 1867 700 1898 sive
717 1869 816 1899 metri
831 1868 976 1907 legibus,
991 1868 1059 1899 sive
1073 1869 1232 1909 loquendi
1250 1879 1325 1907 usu,
1341 1875 1375 1900 et
1391 1870 1562 1909 elegantia

107 1907 270 1962 sermonis
287 1913 489 1950 sumtorum,
504 1919 666 1942 summam
691 1911 915 1952 spectandam
943 1911 1219 1952 sequentiamque
1247 1912 1327 1943 mihi
1352 1922 1424 1943 esse
1449 1914 1564 1944 existi-

105 1957 247 1980 marem.

147 1993 168 2022 2
191 1993 324 2032 Negotiz·
338 1994 396 2025 ΒΓ.
418 1994 549 2026 Pareus
565 1994 746 2037 distinguit
761 1996 832 2027 dari
849 1996 980 2036 Populo,
994 2000 1050 2028 ut.-
1073 1996 1211 2028 damnat
1228 1997 1400 2029 lVest.-—5
1427 1998 1562 2038 Operam

105 2034 198 2074 vulg.
215 2040 252 2066 at
267 2036 350 2068 Par.
376 2047 419 2068 ex
445 2038 535 2069 Pall.
561 2048 664 2078 opera.
695 2040 827 2070 Perlet.
876 2040 981 2079 Opera
1005 2049 1138 2081 quoque
1167 2050 1242 2071 esse
1269 2041 1303 2071 in
1331 2041 1431 2072 Bodl.
1460 2046 1562 2073 notat

6 2127 25 2186 ’.ᾖ
758 2145 899 2178 NoTAE

147 2214 162 2243 †
172 2211 339 2252 Prologus]
355 2213 416 2244 Est
427 2215 551 2254 oratio,
561 2225 636 2256 quae
650 2216 690 2247 ad
705 2225 803 2257 spec-

104 2264 216 2293 tantes
232 2266 311 2294 ante
325 2262 477 2295 fabulam
492 2264 658 2296 habetur:
682 2271 803 2307 estque

104 2311 158 2342 vel
171 2313 479 2354 commendatitias,
497 2315 549 2346 vel
558 2315 736 2355 relativus,
750 2316 804 2347 vel

105 2363 409 2404 argumentativus,
437 2365 492 2396 vel
518 2365 653 2397 mixtus.
703 2366 802 2397 Com-

104 2412 326 2444 mendatitius
362 2419 428 2456 est,
473 2425 542 2457 quo
588 2414 706 2447 fabula
748 2417 803 2447 vel

104 2462 217 2495 Poe'ta
237 2465 513 2497 commendatur:
547 2466 709 2498 relativus
732 2467 803 2499 sive

103 2514 325 2555 anaphoricus
354 2519 419 2555 est,
444 2526 511 2557 quo
536 2517 720 2548 maledicta
743 2518 803 2549 ad·

102 2565 267 2605 versario,
283 2570 343 2598 aut
357 2567 477 2608 gratiae
498 2569 624 2609 populo
648 2569 801 2602 referun-

102 2619 181 2647 tur:
212 2619 512 2658 argumentativus,
538 2620 608 2650 sive
634 2620 802 2662 hypothe-

105 2665 192 2697 ticus
223 2672 288 2707 est,
319 2677 385 2708 quo
416 2673 650 2709 argumentum
678 2670 802 2704 fabulae

104 2720 280 2748 narratur:
306 2718 430 2749 mixtus
453 2724 519 2759 est,
540 2721 597 2761 qui
623 2722 722 2761 plura
743 2722 801 2753 ho-

101 2775 178 2798 rum
205 2772 263 2799 aut
288 2769 401 2799 omnia
416 2769 450 2799 iu
474 2779 510 2801 se
531 2771 697 2805 continet.
734 2772 802 2804 Hic

190 2819 308 2861 Delpli.
324 2825 355 2852 et
372 2822 446 2854 Var.
462 2823 545 2854 Clas.

859 2217 1026 2259 Prologus
1047 2222 1100 2249 est
1121 2219 1355 2259 anaphoricus,
1382 2220 1453 2252 sive
1475 2222 1559 2252 rela-

858 2268 962 2308 tivus,
986 2268 1220 2301 defensionem
1251 2270 1370 2302 Poe'tae
1398 2271 1558 2303 adversus

857 2319 1099 2350 malevolorum
1109 2321 1344 2352 accusationes
1359 2322 1558 2363 suscipiens.

901 2371 918 2400 1
943 2369 1092 2410 Appulit]
1115 2369 1304 2411 Appellere
1328 2373 1466 2412 proprie
1493 2377 1559 2413 est,

858 2427 901 2449 ex
926 2419 994 2450 alto
1017 2420 1101 2451 mari
1123 2420 1156 2450 in
1179 2426 1312 2461 portum
1338 2422 1476 2454 invehi:
1502 2424 1558 2455 cui

858 2470 1065 2501 contrarium
1087 2476 1137 2502 est
1159 2471 1302 2512 solvere,
1327 2482 1402 2504 cum
1420 2472 1557 2506 funibus

858 2520 975 2551 solutis
989 2521 1085 2551 navis
1103 2531 1121 2551 e
1139 2527 1240 2562 portu
1257 2522 1415 2556 discedit.

898 2573 916 2600 5
945 2570 1079 2611 Operam
1090 2571 1245 2613 abutitur]
1268 2573 1434 2605 Abutitur
1446 2576 1557 2616 prolo-

857 2631 902 2662 go
915 2621 1109 2662 Terentius,
1133 2624 1288 2665 quoniam
1312 2635 1377 2656 non
1404 2627 1557 2667 explicat

855 2677 1104 2713 argumentum,
1130 2674 1219 2715 quod
1246 2684 1327 2706 vere
1352 2677 1482 2716 prologi
1505 2683 1556 2708 est

855 2721 1021 2762 officium;
1060 2724 1119 2755 sed
1145 2726 1332 2766 respondet
1365 2727 1555 2767 malevolis,

856 2773 977 2814 quibus
993 2772 1077 2806 facit
1093 2775 1266 2808 invidiam.

798 2826 919 2857 Terent.
1444 2829 1466 2859 S
