1903 3306
344 242 427 284 150
736 250 915 281 sumus
948 247 1117 279 GAEsAa
1150 246 1392 277 scALmER

346 348 492 385 ratione
510 359 579 398 par
599 352 703 384 esset
723 345 863 392 iambo,
884 356 962 382 non
983 343 1113 394 potuit
1130 354 1176 380 eo
1197 355 1283 380 esse
1303 342 1464 380 celerior
1484 341 1556 379 nisi
1578 353 1672 380 sane
1693 331 1792 380 teim-

344 423 480 463 porum
518 418 768 461 temporaque
805 407 1061 446 deferentium
1093 405 1329 457 syllabarum
1350 405 1440 452 situ,
1469 417 1548 456 qua
1567 418 1645 443 una
1664 418 1704 444 re
1738 405 1792 443 illi

346 476 455 513 fieret
476 474 687 512 dissimilis.
742 472 876 510 Trahit
910 472 1009 509 enim
1038 470 1234 509 trochaeus
1256 469 1406 520 syllaba
1426 470 1551 520 priore
1569 481 1705 506 vocem
1723 469 1791 515 ita,

346 547 390 577 ut
421 540 458 576 in
489 537 698 589 posteriore
727 536 965 582 emollescat,
1001 548 1046 573 ac
1066 535 1178 585 quasi
1195 538 1415 572 evanescat.
1474 533 1629 570 Iambus
1659 545 1679 569 e
1698 544 1792 570 con-

347 603 478 648 trario,
498 602 730 640 celeritatem
752 601 965 651 professus,
986 599 1214 650 gravitatem
1245 603 1417 648 praestat.
1475 597 1611 647 Itaque
1633 594 1793 647 sangui-

348 667 477 704 narius
498 679 580 717 pes,
597 672 635 703 et
653 674 825 716 promtus
843 664 892 702 ad
914 662 1208 708 vulnerandum,
1225 660 1375 699 indicat
1395 667 1434 698 et
1453 661 1637 710 impetum
1656 660 1792 711 primo,

346 737 385 768 et
405 730 602 767 statariam
640 741 811 780 pugnam
846 740 950 765 mox.
1026 726 1071 763 Id
1106 725 1212 776 quod
1252 725 1459 775 Hipponax
1496 736 1584 761 cum
1608 723 1792 761 acerrimo

346 794 502 844 ingenio
524 793 578 829 vir
598 791 929 836 animadverteret,
947 802 1061 841 quam
1085 789 1271 826 rationem
1291 788 1459 838 impetus
1487 787 1525 824 in
1546 786 1645 838 pede
1665 799 1787 837 agno-

346 856 479 901 visset,
499 869 584 893 eam
605 856 642 891 in
660 855 891 906 peculiarem
912 853 1001 905 pedi
1019 866 1172 891 versum
1194 851 1392 890 transtulit
1410 864 1418 888 ε
1449 858 1505 897 ut,
1528 851 1626 889 sicut
1641 851 1793 888 iambus

348 919 387 957 in
409 920 558 971 syllaba
578 919 696 969 longa
712 918 889 970 pertinax
910 924 1113 969 pugnaret,
1135 916 1190 955 sic
1211 916 1397 953 iambicus
1418 928 1551 953 versus
1573 915 1609 952 in
1632 914 1793 965 longum

350 983 488 1034 pedem
509 983 760 1020 incumberet.
792 982 987 1020 Leviorem
1010 981 1110 1019 enim
1131 987 1237 1019 ratus
1250 980 1435 1026 iambum,
1455 991 1572 1030 quam
1591 985 1634 1017 ut
1653 978 1703 1016 ad
1724 979 1795 1016 im-

348 1046 590 1098 pressionem
627 1045 845 1084 faciendam
883 1045 976 1082 satis
1007 1051 1125 1091 esset,
1162 1044 1200 1081 in
1239 1043 1414 1094 quintam
1452 1042 1611 1094 praelato
1649 1041 1796 1088 sedem,

349 1110 559 1149 succedere
580 1110 613 1148 ei
635 1109 862 1160 spondaeum
884 1108 987 1146 fecit.
1045 1108 1174 1152 Quare
1203 1106 1241 1144 id
1261 1119 1416 1158 quoque
1430 1105 1577 1157 judicio
1597 1106 1798 1144 consecuti

351 1185 483 1212 sumus
505 1187 590 1219 nos,
611 1173 764 1225 propius
786 1172 835 1210 ad
856 1179 1033 1211 naturam
1063 1172 1228 1224 partium
1262 1184 1510 1209 accessurum
1534 1169 1653 1208 fuisse
1672 1175 1796 1207 totum

350 1252 515 1283 versum,
538 1239 568 1276 si
598 1238 748 1275 iambus
769 1237 993 1288 imparibus,
1026 1235 1222 1273 trochaeus
1243 1235 1399 1286 paribus
1420 1233 1578 1272 sedibus
1597 1232 1798 1271 constituti

350 1303 526 1340 fuissent.
585 1302 706 1352 Cujus
736 1301 789 1339 rei
823 1300 1056 1351 exemplum,
1076 1299 1259 1350 quoniam
1294 1311 1354 1336 res
1375 1306 1434 1336 est
1454 1298 1579 1335 minus
1598 1295 1757 1342 usitata,
1776 1308 1798 1333 e

351 1366 492 1403 nostris
513 1365 717 1416 poematiis
750 1363 997 1415 subjiciemus
1029 1376 1148 1400 unum
1174 1376 1221 1400 ex
1255 1362 1451 1400 iambicis:
1481 1365 1491 1382 ‘
1509 1360 1625 1399 Malis
1644 1360 1800 1398 fortuna

351 1429 607 1480 Cornucopiae
627 1428 806 1467 fundit2’
849 1429 1011 1466 alterum
1044 1440 1091 1465 ex
1122 1426 1354 1465 trochaicis:
1402 1430 1411 1446 ‘
1430 1425 1470 1462 Si
1502 1424 1654 1477 plaudit
1685 1423 1796 1461 malis

349 1495 517 1539 fortuna,
538 1493 631 1544 quid
660 1493 777 1544 justis
798 1492 889 1531 fit?’
937 1492 1012 1536 Qui
1043 1492 1164 1529 flexus
1200 1503 1444 1528 numerorum
1470 1489 1500 1527 si
1522 1488 1584 1527 cui
1605 1487 1797 1526 absurdus

349 1557 513 1603 videtur,
560 1557 592 1594 is
632 1556 845 1594 meminerit
881 1555 1030 1593 aurium
1069 1554 1391 1593 consuetudinem
1427 1553 1637 1591 violentam
1683 1563 1796 1590 esse:

351 1634 528 1672 novaque
563 1628 679 1671 atque
714 1620 898 1657 inusitata
929 1631 1006 1656 non
1042 1626 1119 1655 tam
1157 1630 1307 1668 semper
1331 1616 1524 1663 admirari,
1556 1628 1672 1666 quam
1692 1627 1797 1667 saepe

350 1698 545 1736 respuere.
582 1684 725 1722 Verum
745 1695 980 1734 magnopere
998 1689 1134 1720 nostra
1154 1682 1328 1727 interest,
1351 1681 1416 1731 qui
1435 1679 1565 1730 quoad
1583 1680 1673 1718 licet
1689 1679 1797 1718 Aris-

351 1748 480 1788 totelis
526 1747 704 1799 exemplo
753 1760 879 1785 rerum
927 1758 1069 1784 causas
1111 1744 1364 1795 vestigamus,
1416 1743 1547 1782 venari
1594 1743 1797 1790 rationem,

351 1819 509 1863 propter
534 1824 664 1862 quam,
700 1823 786 1848 cum
823 1810 950 1848 iambo
984 1808 1116 1847 sedem
1151 1809 1397 1859 assignarent
1429 1807 1558 1858 prisci,
1592 1807 1799 1846 maluerint

351 1889 463 1927 pares
485 1875 660 1913 retinere.
719 1874 835 1920 Nam,
867 1874 898 1911 si
931 1874 968 1911 iu
1003 1873 1196 1925 dactylico
1229 1873 1381 1910 senario
1413 1884 1491 1909 una
1520 1877 1670 1909 tantum
1704 1872 1799 1909 satis

351 1940 436 1986 fuit,
458 1940 594 1990 quinta
623 1939 772 1977 scilicet
790 1951 799 1976 τ
829 1939 908 1976 sive
930 1938 993 1976 ille
1020 1938 1093 1975 fuit
1114 1936 1366 1988 spondaicus,
1387 1948 1465 1973 una
1484 1935 1575 1973 item
1595 1935 1668 1973 fuit
1688 1935 1798 1980 satis,

350 2004 493 2055 quippe
515 2010 651 2041 sexta:
681 2015 800 2054 quare
833 2002 1004 2040 trochaeo
1039 2002 1218 2052 impares,
1247 2000 1341 2038 alias
1374 1999 1501 2037 iambo
1533 1998 1797 2037 constituere?

350 2080 439 2104 nam
461 2066 535 2104 hoc
556 2078 649 2104 sane
674 2072 813 2116 praeter
832 2072 1009 2103 naturam
1040 2065 1184 2102 factum
1206 2064 1375 2102 videtur.
1434 2062 1585 2100 Etenim
1605 2075 1671 2113 per
1690 2062 1798 2100 initia

351 2131 382 2169 si
404 2130 496 2168 solis
516 2136 583 2167 aut
613 2129 748 2166 iambis
770 2135 836 2166 aut
868 2129 1048 2167 trochaeis
1070 2141 1202 2167 versus
1238 2129 1487 2174 constabant,
1517 2126 1668 2164 videtur
1703 2138 1798 2163 sane

350 2194 512 2245 primam
543 2205 737 2243 quamque
768 2192 899 2230 sedem
926 2192 1013 2230 illos
1050 2192 1215 2242 arripere
1247 2191 1442 2229 debuisse.
1500 2190 1651 2234 Quibus
1671 2189 1797 2228 verbis

351 2264 395 2294 ut
413 2256 683 2307 respondeam,
704 2268 796 2293 sane
817 2256 981 2306 primum
1003 2256 1059 2293 sic
1080 2268 1208 2306 agam.
1258 2255 1344 2292 Non
1367 2267 1453 2293 esse
1475 2267 1601 2292 rerum
1621 2261 1798 2291 naturam

353 2327 508 2359 secutos
528 2320 814 2369 veterespoe'tas
845 2332 853 2357 :
888 2319 1010 2356 multa
1029 2318 1104 2356 illis
1125 2331 1194 2369 pro
1215 2317 1370 2356 libidine
1401 2319 1503 2355 facta.
1522 2318 1657 2364 fuisse,
1678 2317 1799 2355 multa

351 2383 505 2421 fortuito
538 2381 743 2428 excidisse,
777 2395 865 2432 quae
890 2388 1027 2432 postea
1066 2394 1135 2432 pro
1165 2381 1313 2432 legibus
1344 2383 1610 2431 probarentur.
1668 2380 1798 2418 Unum

351 2446 446 2484 illud
484 2446 577 2483 satis
607 2451 775 2490 constat,
811 2457 903 2482 cum
935 2444 1107 2483 trochaeo
1129 2444 1260 2482 sedem
1288 2444 1449 2494 primam
1469 2444 1690 2489 retinerent,
1719 2457 1797 2481 non

348 2508 571 2547 inconsulto
593 2507 782 2544 diversam
804 2508 851 2545 ab
872 2520 930 2552 ea,
963 2514 1003 2545 et
1023 2508 1107 2545 aliis
1128 2507 1338 2558 imparibus
1365 2506 1527 2544 adverso
1546 2507 1637 2557 pedi
1671 2507 1799 2545 iambo

349 2572 585 2622 assignasse.
643 2571 772 2614 Quare
793 2579 925 2609 autem
953 2571 1056 2609 hanc
1089 2571 1193 2617 huic,
1213 2571 1317 2608 illam
1348 2570 1402 2607 illi
1435 2569 1683 2616 reddiderint,
1703 2583 1798 2608 sane

351 2636 456 2673 haud
477 2635 589 2673 facile
610 2641 668 2672 est
688 2635 901 2673 intellectu.
951 2636 1077 2685 Atque
1090 2635 1151 2673 hic
1167 2634 1322 2685 quidem
1343 2635 1396 2671 ita
1411 2633 1528 2671 sentit
1549 2633 1797 2671 Priscianus:

355 2699 561 2743 Quoniam,
582 2698 718 2747 inquit,
740 2698 777 2734 in
799 2698 972 2735 secundo
992 2698 1091 2748 pede
1105 2711 1191 2736 cum
1213 2696 1449 2734 dimetiendo
1462 2696 1635 2734 feriretur
1650 2709 1798 2741 versus,

352 2764 473 2801 minor
495 2763 527 2799 ei
548 2762 632 2802 loco
654 2774 759 2798 mora
778 2760 908 2799 debita
928 2768 999 2798 est.
1047 2761 1145 2798 Nam
1165 2760 1256 2798 mihi
1277 2768 1412 2798 contra
1427 2759 1590 2806 videtur,
1611 2760 1795 2810 majorem

353 2839 496 2866 moram
518 2825 645 2864 deberi
667 2825 704 2861 iu
726 2825 1024 2874 pronuntiando,
1045 2825 1107 2863 ubi
1129 2832 1300 2874 tempore
1326 2824 1409 2875 ipso
1431 2824 1686 2861 iuunoramur.
1746 2823 1796 2861 Et
