1903 3306
359 209 443 250 158
767 216 945 248 sumus
979 215 1144 246 CAESAR
1180 213 1421 244 scrinium

360 328 407 352 ne
428 315 476 352 ab
495 314 570 352 illis
589 314 776 351 barbarus
797 313 1037 364 appelletur:
1067 317 1271 361 propterea.
1290 309 1394 359 quod
1425 306 1621 352 Germani,
1641 318 1804 357 praeser-

359 379 427 416 tim
454 387 646 416 nostrates
666 377 873 422 Vindelici,
905 376 1050 420 Carini,
1082 373 1226 419 Norici,
1260 373 1350 410 item
1386 372 1515 416 Suevi,
1548 371 1722 408 Saxones
1751 369 1806 406 ita

359 442 456 480 illud
486 443 640 480 verbum
672 441 935 492 pronuntiant,
965 439 1024 475 vix
1046 445 1088 474 ut
1108 449 1192 474 eam
1214 436 1384 473 vocalem
1405 433 1605 472 exaudias.
1660 431 1805 470 Verum

361 507 553 558 equidem,
581 519 707 557 neque
727 504 890 543 irridebo
911 509 1106 540 maternos
1128 513 1220 538 avos
1242 512 1361 545 meos,
1382 510 1508 548 neque
1526 495 1692 534 hominis
1713 508 1805 533 con-

362 571 502 616 silium,
533 571 675 621 quippe
704 568 769 619 qui
798 578 942 604 memor
971 565 1041 603 sim
1070 564 1152 615 ejus
1174 576 1306 600 versus
1329 575 1373 599 ex
1395 561 1566 598 Casina:
1596 566 1605 581 ‘
1624 560 1740 597 Nunc
1758 571 1807 597 ne

362 641 404 672 tu
424 633 657 684 respondere
676 630 851 683 postules
872 642 932 667 rne
954 628 1049 666 tibi!
1104 627 1191 664 Non
1212 626 1328 676 igitur
1345 624 1533 675 judicium
1555 622 1810 674 reprehendo,

364 696 433 734 sed
448 696 586 747 judicii
603 696 746 733 locum.
804 693 849 730 Ei
868 693 969 730 enim
988 690 1115 728 versui
1135 690 1280 740 optimo
1300 695 1417 738 atque
1436 687 1693 738 pulcherrimo
1713 699 1810 737 qua-

365 760 490 805 drato,
507 773 555 797 ex
571 758 731 803 Andria,
751 757 851 794 hanc
871 755 1045 806 injuriam
1062 753 1252 791 faciebat:
1275 757 1283 773 ‘
1298 753 1397 788 Cum
1414 750 1445 788 is
1461 751 1555 788 nihil
1570 756 1809 801 promereat:

366 823 577 874 postulare,
608 822 647 859 id
669 820 803 871 gratioe
824 819 966 870 apponi
989 817 1088 855 sibi.'
1141 816 1283 853 Verum
1304 822 1343 852 et
1361 814 1423 852 hic
1446 813 1541 851 nihil
1562 827 1722 851 necesse
1742 813 1811 851 ha-

365 889 459 924 beas
480 885 698 930 concidere,
720 892 758 922 et
776 884 936 934 primam
958 888 1095 919 natura
1114 893 1201 917 cum
1221 878 1415 929 corripiat,
1434 890 1510 915 non
1532 877 1657 929 potuit
1677 876 1811 915 sibilus

366 950 642 1002 impedimento
664 961 748 986 esse
770 948 807 985 in
827 947 893 984 illo
911 945 1067 983 Casinae
1084 957 1211 989 versu,
1227 943 1319 994 quin
1336 942 1452 979 unico
1470 949 1619 980 tantum
1641 948 1812 992 tempore

367 1014 625 1065 proferretur:
655 1013 798 1049 factum
819 1010 921 1048 enim
941 1015 1002 1047 est
1029 1022 1089 1054 ex,
1121 1020 1251 1059 posse,
1282 1012 1319 1043 et
1350 1006 1482 1043 tolere.
1542 1005 1680 1056 Neque
1711 1003 1813 1042 enim

368 1077 498 1115 literas
518 1076 782 1127 geminabant,
803 1073 908 1125 quod
928 1073 1044 1111 etiam
1064 1071 1178 1108 durat
1196 1070 1234 1107 in
1255 1068 1463 1120 praeterito,
1482 1067 1616 1106 tetuli:
1637 1077 1676 1106 et
1695 1072 1815 1105 teram

371 1139 532 1192 simplici
553 1140 744 1177 elemento
765 1139 948 1189 scriptam
980 1137 1018 1174 in
1052 1135 1159 1173 libris
1189 1146 1394 1184 augurum,
1425 1132 1478 1170 ait
1497 1131 1645 1169 Varro:
1675 1138 1714 1169 et
1741 1131 1816 1169 hoc

371 1209 503 1241 monet
521 1215 592 1240 nos
610 1202 784 1253 plurimis
804 1201 901 1239 locis
921 1199 1092 1246 Verrius,
1126 1198 1286 1249 ejusque
1306 1197 1493 1247 interpres
1514 1203 1630 1246 atque
1649 1194 1817 1232 imitator

373 1269 528 1306 Festus.
585 1267 764 1305 Ceterum
786 1266 968 1303 Erasmus
988 1264 1135 1301 utinam
1169 1275 1254 1299 eam
1288 1273 1419 1299 curam
1449 1259 1565 1297 alium
1595 1260 1634 1296 in
1664 1272 1817 1297 versum

371 1331 649 1377 transtulisset,
671 1330 720 1368 ad
740 1343 878 1368 nomen
899 1329 988 1374 hoc,
1007 1325 1192 1379 periculo,
1213 1325 1341 1376 potius
1361 1337 1475 1375 quam
1495 1323 1647 1361 tolleret
1666 1335 1818 1360 omnem

374 1396 562 1434 sermonis
583 1394 830 1445 elegantiam,
864 1399 981 1443 atque
1001 1390 1100 1428 adeo
1120 1389 1392 1427 Atticismum:
1423 1386 1563 1437 quippe
1592 1399 1820 1437 pronomen,

373 1459 474 1502 hoc3
505 1465 565 1496 est
584 1464 713 1495 autem
734 1470 781 1495 ex
801 1455 950 1493 Andria
982 1454 1041 1492 is:
1072 1457 1081 1474 ‘
1099 1453 1191 1490 Sine
1222 1452 1326 1489 omni
1356 1450 1555 1503 periculo:
1584 1463 1672 1488 nam
1699 1449 1822 1488 hocce

373 1521 479 1559 haud
515 1521 673 1559 dubium
707 1527 779 1566 est,
813 1519 906 1570 quin
941 1517 1155 1555 Chremes!
1209 1514 1444 1560 Praesertim,
1477 1526 1564 1552 cum
1598 1521 1822 1564 anapaestus

377 1599 462 1624 esse
481 1586 647 1636 potuerit
666 1584 704 1621 in
725 1584 849 1634 primo
867 1582 981 1634 pede.
1028 1581 1141 1627 Nam,
1161 1579 1299 1625 omnis,
1319 1578 1476 1629 primam
1497 1576 1653 1630 corripit
1671 1585 1823 1623 natura,

380 1649 540 1687 ductum
560 1648 662 1686 enim
685 1655 746 1685 est
775 1649 875 1697 παρὰ
904 1646 943 1684 τὸ
977 1646 1083 1696 ὁμῶς.
1141 1642 1381 1680 Universitas
1412 1641 1512 1679 enim
1544 1641 1584 1678 fit
1617 1654 1665 1679 ex
1699 1653 1823 1680 rerum

378 1713 666 1764 conjunctione.
724 1712 794 1748 Est
814 1710 915 1748 enim
936 1710 1167 1755 universum,
1188 1714 1297 1745 extra
1315 1705 1420 1757 quod
1441 1705 1537 1742 nihil
1557 1711 1630 1742 est.
1686 1704 1824 1755 Neque

379 1776 466 1814 illas
496 1782 641 1814 mutam
677 1788 722 1812 ac
752 1773 938 1825 liquidam
971 1772 1144 1823 potuisse
1163 1783 1303 1821 cogere
1323 1769 1513 1821 syllabam
1534 1768 1584 1806 ad
1609 1768 1826 1820 producen-

381 1839 488 1885 dum,
519 1847 558 1877 et
586 1840 693 1889 pueri
726 1838 867 1883 sciunt,
896 1843 935 1874 et
967 1835 1191 1873 Priscianus
1224 1833 1339 1871 docet
1368 1846 1414 1870 ex
1446 1831 1676 1869 Callimachi
1696 1844 1826 1870 versu.

383 1904 511 1954 Major
531 1916 621 1941 vero
640 1902 849 1954 difficultas
870 1900 1048 1951 objicitur
1074 1899 1112 1936 in
1133 1898 1289 1935 nomine
1320 1897 1407 1941 hoc,
1440 1895 1643 1946 voluptas:
1673 1909 1719 1934 ex
1750 1909 1828 1947 quo

383 1967 446 2006 ille
466 1967 640 2004 vocalem
662 1956 826 2004 mediam
847 1963 1095 2002 auferendam
1116 1968 1262 2005 censet,
1283 1974 1329 1998 eo
1348 1972 1460 1997 versu
1480 1959 1657 1998 Andriae:
1689 1963 1699 1981 ‘
1714 1959 1828 2004 Quod

383 2032 604 2082 voluptates
624 2043 754 2068 eorum
776 2029 938 2080 propriae
958 2036 1070 2066 sunt:
1093 2039 1180 2063 nam
1199 2025 1289 2063 mihi
1308 2022 1605 2061 immortalitas!
1643 2023 1831 2061 Nonnihil

389 2107 479 2133 vero
491 2101 563 2140 est,
579 2094 611 2132 si
631 2094 680 2131 sit
694 2094 747 2131 ita
763 2089 1304 2144 pronuntiatidum‚dolplas:
1320 2087 1414 2125 nihil
1429 2087 1529 2125 enim
1550 2086 1599 2123 ad
1620 2086 1832 2124 Theutoni-

386 2171 476 2196 cum
507 2170 646 2195 sonum
665 2156 849 2195 accedere
879 2163 1009 2207 potest
1038 2154 1236 2205 proprius:
1267 2160 1383 2203 atque
1403 2151 1478 2188 hoc
1497 2157 1539 2188 ut
1560 2149 1831 2202 effugeremus,

388 2228 457 2259 aut
475 2222 796 2259 constitueremus
817 2220 1000 2258 creticum
1021 2219 1059 2256 in
1079 2217 1214 2269 prima,
1235 2216 1431 2254 autetiam
1449 2222 1708 2266 anapaestum.
1737 2214 1834 2250 Cor·

389 2291 499 2335 repta
518 2284 620 2321 enim
639 2283 862 2334 conjunctio
882 2289 942 2321 est
961 2282 1063 2327 alibi,
1093 2281 1153 2318 vel
1182 2280 1324 2332 judicio
1354 2279 1483 2316 illius:
1512 2291 1630 2329 quare
1653 2277 1717 2315 hic
1737 2289 1834 2328 quo-

390 2361 466 2398 que
501 2354 620 2384 esset.
678 2347 730 2383 At
759 2347 900 2384 frustra
923 2345 1068 2383 viderer
1095 2343 1313 2382 laboratre:
1344 2342 1526 2393 quoniam
1546 2341 1624 2379 duo
1642 2353 1776 2380 versus
1796 2341 1834 2378 in

394 2411 540 2448 Casina
559 2416 663 2456 sunt,
683 2410 803 2448 nihilo
823 2410 934 2448 nobis
955 2408 1199 2448 secundiores
1217 2421 1226 2445 :
1256 2413 1265 2429 ‘
1285 2407 1376 2444 Sine
1396 2414 1484 2444 tuos
1505 2405 1650 2444 ocellos
1671 2405 1837 2444 deoscu-

392 2475 463 2519 ler,
492 2473 670 2523 voluptas
690 2486 788 2512 mea.
845 2473 949 2517 Quid
969 2471 1172 2511 deosculer
1201 2470 1269 2509 te?
1297 2484 1385 2521 quae
1420 2469 1513 2508 res?
1541 2483 1630 2520 quae
1658 2469 1837 2519 voluptas

396 2549 482 2574 mea
494 2534 522 2571 Τ
570 2535 670 2572 Nam
690 2536 777 2583 nisi,
797 2537 923 2586 volup,
942 2536 1065 2586 legas,
1085 2542 1152 2572 aut
1171 2534 1292 2572 facias
1313 2539 1568 2584 anapaestum,
1588 2546 1683 2570 sane
1703 2544 1841 2583 aspera

395 2607 457 2637 est
488 2598 763 2649 pronuntiatio.
823 2600 914 2646 Sed,
946 2600 1136 2650 voluptas,
1170 2598 1244 2635 fuit
1273 2598 1486 2648 volupetas,
1506 2609 1542 2642 a,
1562 2595 1650 2633 volo
1669 2602 1708 2632 et
1724 2601 1838 2646 peto;

397 2676 487 2714 quae
508 2662 636 2699 omnia
656 2675 742 2699 cum
764 2663 842 2700 sint
860 2663 1004 2708 brevia,
1032 2674 1110 2700 non
1143 2661 1395 2698 immutarunt
1417 2666 1607 2696 naturam.
1664 2658 1764 2696 Nam
1785 2657 1839 2696 sic

398 2738 554 2781 quoque
573 2725 757 2776 corripias
789 2727 826 2764 in
848 2739 959 2764 versu
977 2740 1023 2764 ex
1043 2725 1499 2769 Heautontimorumeno,
1533 2723 1563 2760 si
1594 2723 1647 2760 ita
1665 2723 1774 2773 legas
1794 2733 1841 2759 ex
