1945 3296
648 224 673 251 n
684 224 707 252 n
742 223 803 252 'ru
816 222 992 252 EA'rRO.
1493 213 1549 252 75

81 320 471 364 contabulationibus‚
493 319 523 356 si
549 318 686 364 mavis,
707 324 905 355 exstructa
926 317 1019 354 fuit:
1051 317 1153 353 circa
1175 328 1271 367 quas
1294 315 1449 366 singula
1471 329 1548 355 arn-

79 385 253 430 hulam-a,
291 390 358 422 aut
391 382 565 433 porticus
611 382 803 419 columnis
843 381 1018 432 pluribus
1069 380 1262 417 distinctae
1303 379 1546 417 videbantur.

81 452 210 499 Atque
230 461 276 486 ea
296 447 402 484 frons
425 460 553 483 scenae
575 445 774 496 appellata
794 445 880 483 fuit.
940 445 984 481 ln
1006 443 1214 494 cujuslibet
1239 444 1546 492 contignationis

81 512 336 562 frontispicio,
352 510 460 561 quod
481 510 692 547 Theatrum
714 510 960 559 respiciebat,
995 516 1119 559 portae
1147 508 1460 557 ingeniosissime
1481 507 1549 544 de-

83 577 197 628 pictae
218 583 257 613 et
277 576 402 613 exitus
424 574 518 611 varii
539 574 709 618 fuerunt,
733 573 769 609 in
788 573 940 623 quibus,
959 572 1172 622 praesertim
1195 572 1433 621 superiorum
1455 585 1549 609 con-

84 639 355 691 tignafflonum,
377 637 502 683 Mimi‚
536 636 808 680 Mirmillones,
839 643 878 673 et
911 635 1028 672 ceteri
1061 634 1172 672 Ludii
1195 634 1318 671 varios
1346 642 1481 685 gestus
1500 649 1546 674 ac

84 701 402 754 gesticulationes
423 701 607 746 edebant,
623 699 726 737 unde
742 699 896 736 Scenici
915 699 1066 750 proprie
1082 698 1189 736 dicti.
1248 699 1399 737 Chorus
1421 700 1550 746 etiam,

85 780 172 806 mea
202 766 411 812 sententia,
453 765 490 802 in
526 765 571 802 iis
602 764 865 815 superioribus
905 763 1266 814 contignationibus
1302 764 1550 809 referebatur,

85 832 177 869 dum
199 837 409 882 agerentur
438 829 673 879 Tragoediae,
694 828 766 866 nisi
796 829 934 874 mavis,
969 835 1058 878 post
1079 841 1236 865 scenam
1259 827 1295 864 in
1319 827 1405 866 loco
1429 829 1550 867 desti-

85 903 179 933 nato
199 895 321 934 fuisse
342 895 517 939 chorum,
539 901 578 931 et
598 900 777 930 cantores
805 905 850 929 ac
871 892 1065 937 tibicines,
1100 892 1164 941 qui
1186 891 1295 929 locus
1318 892 1487 939 Odeum,
1509 902 1553 931 ut

86 967 195 1010 puto,
217 960 267 996 ob
287 958 327 996 id
356 959 572 996 vocabatur
592 971 614 994 a
635 957 829 994 cantibus.
891 957 968 994 Sed
990 957 1027 993 in
1049 957 1094 994 iis
1116 969 1270 1006 quoque
1292 956 1388 995 locis
1407 958 1553 996 fiebant

87 1031 126 1062 et
158 1023 389 1061 nebularum
424 1023 571 1068 icones,
606 1029 645 1059 et
680 1022 852 1059 Deorum
873 1022 1103 1064 descensus,
1134 1029 1173 1058 et
1199 1028 1328 1058 cetera
1348 1021 1386 1058 id
1409 1035 1551 1072 genus,

87 1087 136 1125 ad
170 1100 333 1139 magnas
365 1095 404 1125 et
437 1093 658 1125 sumtuosas
696 1086 921 1124 Comoedias
959 1094 1062 1136 apta.
1121 1085 1310 1123 Existimo
1345 1094 1474 1124 tamen
1514 1088 1551 1124 in

87 1151 220 1190 humili
261 1151 467 1189 Comoedia
515 1165 591 1189 non
635 1151 755 1189 fuisse
800 1160 953 1189 tantum
989 1158 1234 1202 apparatum.
1308 1151 1390 1189 Ima
1424 1165 1551 1189 scenae

88 1217 333 1267 contignatio
368 1216 695 1267 prominentiores
739 1217 922 1254 exerebat
969 1216 1186 1260 columnas,
1221 1216 1339 1254 veluti
1382 1216 1552 1267 porti-:us

88 1281 278 1332 quasdam
311 1280 469 1318 latiores
491 1281 563 1317 sub
586 1281 725 1331 quibus
747 1279 893 1317 casulae
928 1286 967 1317 et
986 1280 1130 1317 rustica
1151 1280 1351 1318 domicilia
1371 1282 1406 1318 in
1431 1280 1552 1317 Novis

89 1344 447 1390 Comoediis,variis
469 1357 600 1382 scenae
631 1345 740 1389 locis,
767 1352 994 1382 constructa
1025 1352 1148 1390 erant,
1177 1346 1291 1383 urbes
1314 1359 1482 1396 quoque,
1515 1354 1553 1383 et

88 1410 175 1448 loca
194 1409 454 1447 remotissima
472 1409 738 1447 referebantur
768 1409 806 1445 in
827 1408 1072 1459 Tragoediis:
1115 1421 1135 1445 e
1170 1409 1311 1459 quibus
1345 1410 1555 1459 prodibant

89 1480 255 1519 actores,
275 1481 314 1511 et
330 1473 422 1510 illuc
443 1485 600 1523 quoque
621 1485 663 1509 se
685 1473 904 1510 referebant
924 1473 975 1509 ad
997 1480 1165 1523 tempus.
1209 1474 1252 1510 In
1270 1474 1408 1511 eadem
1425 1487 1553 1512 scenae

88 1545 198 1588 parte
224 1536 434 1575 excitatum
467 1537 550 1581 fuit,
580 1536 687 1586 quod
719 1536 884 1574 Podium
916 1537 1183 1588 appellabant,
1212 1539 1302 1586 (etsi
1337 1538 1495 1589 podium
1516 1539 1553 1574 in

89 1600 331 1640 columnisid
352 1601 572 1651 significare
593 1601 734 1646 soleat,
753 1599 859 1651 quod
878 1607 1021 1637 vocant
1035 1601 1237 1649 Pedaste,)
1249 1602 1351 1639 circa
1368 1602 1552 1640 secundae

90 1666 261 1717 porticus
282 1665 453 1703 medium
480 1665 737 1716 prominebat,
771 1677 819 1701 ne
852 1673 1011 1702 noceret
1043 1666 1251 1703 actoribus.
1311 1666 1434 1704 Breve
1457 1679 1555 1717 quo-

92 1744 166 1782 que
187 1730 270 1776 suit,
289 1739 328 1768 et
347 1741 560 1780 paucorum
581 1742 719 1780 capax,
743 1729 862 1780 idque
891 1729 970 1767 fere
988 1729 1194 1767 videbatur
1214 1730 1368 1776 referre,
1389 1731 1492 1782 quod
1515 1731 1555 1768 in

92 1795 267 1832 aedificiis
303 1794 552 1832 nobilioribus
585 1794 687 1831 circa
720 1792 933 1830 secundam
982 1794 1178 1844 praecipue
1221 1795 1555 1844 contignationem

91 1859 307 1910 prominere
339 1859 515 1896 videmus
549 1857 599 1895 ad
640 1858 847 1904 fenestras,
882 1857 1092 1895 Perronem
1127 1859 1267 1908 vulgus
1302 1867 1431 1904 vocat,
1466 1866 1557 1910 post

91 1923 284 1974 pulpitum
317 1931 491 1961 exertum
527 1922 743 1960 videbatur.
816 1922 1001 1973 Opertum
1048 1930 1130 1961 erat
1181 1924 1349 1961 tentorio
1385 1923 1555 1974 quodam

93 1987 251 2038 insigni,
272 1994 311 2024 et
331 1986 438 2037 quod
458 1987 585 2037 ipsum
605 1985 879 2036 undecumque
911 1986 1088 2032 ambiret,
1109 1996 1152 2024 ut
1172 1987 1210 2023 in
1233 2001 1278 2025 eo
1300 1988 1487 2025 secretius
1518 1994 1558 2025 et

93 2051 219 2103 magis
239 2051 368 2089 abdite
392 2058 615 2103 spectarent
636 2051 853 2101 Principes,
874 2051 941 2101 qui
976 2064 1258 2101 nonnunquam
1289 2051 1380 2088 illuc
1401 2065 1441 2089 se
1463 2064 1557 2088 con-

94 2116 282 2154 ferebant.
356 2116 457 2153 Nam
487 2129 508 2153 e
549 2115 668 2165 podio
702 2114 833 2151 Ludos
862 2127 907 2151 ac
943 2114 1165 2152 Comoedias
1203 2122 1403 2166 spectasse
1436 2115 1558 2153 Nero-

97 2192 185 2217 nem
205 2181 338 2218 scribit
367 2179 630 2230 Tranquillus.
691 2179 849 2216 Dictum
886 2179 1007 2225 aiunt,
1038 2179 1142 2229 quod
1179 2179 1216 2216 in
1247 2193 1293 2217 eo
1315 2187 1556 2231 spectatores

97 2250 165 2281 aut
183 2245 298 2281 etiam
318 2244 495 2281 tibicines
526 2244 690 2294 pedibus
707 2243 828 2280 innixi
849 2250 995 2289 essent,
1025 2256 1103 2281 non
1132 2243 1338 2282 sederent:
1369 2244 1428 2282 vel
1451 2245 1557 2294 quod

97 2308 136 2344 in
157 2321 203 2345 eo
232 2321 511 2358 nonnunquam
534 2308 699 2358 pedibus
731 2307 1060 2358 gesticularentur
1090 2308 1298 2346 histriones
1334 2308 1372 2345 in
1400 2315 1556 2346 actuum

97 2372 415 2411 commutatione.
456 2372 656 2423 Pulpitum
676 2372 712 2408 in
732 2385 865 2419 scena,
882 2373 1031 2422 (Graeci
1049 2375 1181 2421 λόγιον
1202 2374 1426 2420 vocabant,)
1447 2373 1556 2410 locus

98 2441 180 2473 erat
199 2435 238 2473 in
258 2450 370 2487 quem
388 2436 598 2488 prodibant
621 2443 772 2474 actores
794 2449 814 2474 e
844 2437 989 2474 casulis
1011 2445 1079 2475 aut
1099 2436 1347 2474 domunculis
1368 2437 1450 2474 suis
1473 2450 1559 2475 sce-

99 2499 209 2545 nicis,
222 2500 274 2538 ad
292 2501 536 2539 recitandum
553 2514 562 2538 z
597 2501 718 2539 nostri
733 2511 873 2538 vocant
891 2501 1153 2552 Eschqffault.
1204 2500 1293 2538 Fuit
1309 2501 1555 2539 exactissime

101 2564 213 2602 situm
234 2573 324 2603 ante
344 2565 508 2603 frontem
531 2579 675 2612 scenae,
696 2572 735 2604 et
754 2566 840 2604 loco
861 2566 984 2617 ipsius
1004 2565 1148 2611 medio,
1169 2565 1234 2616 qui
1250 2566 1406 2603 Theatri
1424 2573 1557 2603 centro

100 2629 380 2680 responderet;
411 2642 560 2680 semper
579 2629 749 2680 ligneum
772 2630 855 2675 fuit,
877 2637 994 2680 atque
1025 2629 1218 2676 exenitile,
1240 2630 1355 2667 etiam
1386 2630 1417 2667 si
1439 2642 1557 2667 scena

102 2693 266 2731 structili
284 2693 445 2731 materia
465 2701 689 2731 constructa
705 2694 857 2732 fuisset.
916 2693 1246 2744 Eximebaturque
1267 2694 1304 2730 in
1323 2694 1555 2732 athletarum

103 2765 142 2796 et
173 2757 433 2809 gladiatorum
466 2757 714 2808 spectaculis,
748 2772 866 2796 scena
898 2758 1146 2796 nihilominus
1182 2759 1332 2809 integra
1361 2767 1556 2796 manente.
