1945 3296
292 226 349 267 42
655 218 718 267 ΒΕ
750 236 1023 267 TRAcOEmA
1058 236 1117 266 ET
1150 236 1405 269 coMOEmA.

294 344 366 369 sua
386 330 547 368 faecibus
576 329 820 380 pei-linebant
853 329 1011 376 scenici,
1042 337 1131 367 ante
1152 343 1264 368 usum
1296 343 1563 382 personarum,
1595 330 1643 368 ab
1664 331 1752 370 AEs-
1802 341 1804 343 ·

294 394 412 447 chylo
446 400 655 445 repertum.
712 394 848 431 Faeces
878 393 980 431 enim
1013 392 1194 430 dicuntur
1225 393 1363 432 Graece
1397 393 1556 444 τρὺγες.3
1613 393 1664 432 Et
1691 394 1751 433 his

294 458 452 510 quidem
477 457 607 496 causis
627 457 846 508 Tragoediae
867 470 1008 495 nomen
1033 464 1093 495 est
1114 456 1326 495 inventurn.
1381 457 1434 494 At
1452 470 1557 504 vero,
1576 457 1751 496 nondum

295 523 442 561 coactis
491 523 530 559 in
577 523 711 560 urbem
758 521 1080 566 Atheniensibus,
1137 534 1225 559 cum
1271 521 1443 572 Apollini
1489 521 1645 568 Nomio,
1692 521 1754 559 vel

295 583 552 638 AFyAOffi,*4
572 585 611 622 id
634 591 709 631 est,
728 592 927 636 pastorum
948 584 1238 635 vicinorumque
1259 585 1415 635 praesidi
1433 585 1532 632 Deo,
1551 591 1753 623 construc-

295 651 345 689 tis
366 650 442 688 aris
473 652 513 687 in
532 650 719 687 honorem
740 648 883 686 divinae
912 648 965 685 rei
986 648 1130 686 circum
1164 648 1303 686 Atticae
1323 649 1447 694 vicos,
1469 647 1595 695 villas,
1615 660 1754 700 pagos,

297 720 336 752 et
356 714 527 764 compita
547 713 689 750 festum
718 724 875 749 carmen
890 714 901 735 ⁵
934 710 1146 749 solenniter
1165 718 1391 750 cantarent:
1422 719 1507 750 orta
1524 719 1585 750 est
1601 712 1755 750 Comoe-

299 778 378 824 dia,
412 779 485 815 ἀπὸ
518 784 590 815 τῶν
611 784 739 827 κωμῶν
759 778 818 813 καὶ
849 785 910 822 τῆς
942 774 1036 827 ῴδῆς
1068 775 1285 825 composito
1319 776 1486 822 nomine,
1508 775 1568 814 vel
1599 776 1673 814 ἀπὸ
1693 780 1757 813 τοῦ

303 843 491 892 κωμάἆειν
526 843 586 879 καὶ
619 839 740 890 ᾅδειν,
773 839 878 890 quod
900 847 973 884 est,
1001 847 1262 878 comessatum
1292 839 1346 878 ire
1374 846 1607 878 cantantes:
1649 839 1757 890 quod

301 918 324 943 a
341 905 468 957 poetis
489 903 641 942 solenni
661 903 723 941 die
743 903 802 940 vel
836 903 1019 941 amatorie
1039 903 1332 941 lascivientibus
1352 903 1480 942 choris
1500 904 1659 942 comicis
1678 915 1756 941 non

301 969 514 1008 absurdum
534 975 606 1006 est.
677 968 829 1018 Itaque,
862 974 907 1005 ut
936 980 1075 1012 rerum,
1107 967 1161 1004 ita
1191 967 1305 1005 etiam
1337 976 1555 1018 temporum
1586 967 1755 1018 ipsorum

301 1041 428 1085 coepto
449 1033 584 1071 ordine
604 1032 812 1083 Tragoedia
833 1032 955 1082 primo
974 1031 1127 1083 prolata
1147 1044 1232 1069 esse
1261 1031 1524 1082 cognoscitur.
1580 1031 1696 1076 Nam,
1717 1037 1762 1068 ut

305 1099 354 1136 ab
376 1097 533 1136 incultis
560 1104 599 1136 et
616 1096 705 1134 seris
727 1096 896 1134 moribus
917 1095 1104 1147 paulatim
1122 1102 1351 1146 perventum
1381 1102 1442 1133 est
1461 1095 1511 1133 ad
1531 1100 1758 1132 mansuetu-

303 1162 449 1208 dinem,
471 1163 662 1210 urbesque
684 1166 775 1197 sunt
795 1158 978 1204 conditae,
1008 1164 1048 1196 et
1073 1158 1151 1196 vita
1182 1158 1307 1197 mitior
1339 1165 1454 1210 atque
1484 1157 1643 1196 otiosior
1671 1169 1760 1209 pro-

303 1225 424 1264 cessit
442 1238 451 1262 :
481 1224 536 1262 ita
554 1237 613 1263 res
634 1225 791 1275 tragicae
808 1223 925 1274 longe
946 1230 1036 1261 ante
1056 1222 1226 1261 comicas
1244 1223 1428 1261 inventae.
1486 1221 1673 1265 Quamvis
1692 1233 1762 1258 au·-

303 1295 381 1327 tem
403 1296 503 1326 retro
523 1288 652 1339 prisca
670 1287 914 1326 volventibus
942 1286 1155 1337 reperiatur
1183 1287 1349 1337 Thespis
1369 1285 1588 1337 Tragoediae
1612 1284 1757 1337 primus

305 1353 508 1392 inventor:
551 1359 591 1390 et
611 1351 825 1389 Comoediae
846 1351 986 1389 veteris
1021 1358 1130 1401 pater
1151 1350 1311 1401 Eupolis
1333 1363 1421 1388 cum
1437 1349 1597 1388 Cratino
1616 1349 1763 1386 Aristo-

305 1416 510 1467 phaneque
531 1427 618 1452 esse
642 1414 820 1452 dicatur:
852 1414 1045 1452 Homerus
1067 1421 1211 1459 tamen,
1233 1415 1298 1465 qui
1330 1414 1409 1452 fere
1442 1414 1567 1451 omnis
1597 1412 1761 1464 poeticae

304 1479 549 1531 largissimus
573 1478 660 1516 fons
693 1487 766 1523 est,
800 1478 913 1516 etiam
945 1476 1005 1514 his
1039 1476 1274 1514 carminibus
1308 1475 1485 1528 exempla
1517 1475 1693 1527 praebuit,
1724 1483 1763 1513 et

306 1544 415 1582 velut
433 1542 603 1594 quadarn
624 1554 779 1580 suorum
813 1553 971 1592 operum
991 1540 1076 1591 lege
1096 1541 1356 1591 praescripsit:
1387 1539 1453 1591 qui
1466 1539 1625 1577 Iliadem
1642 1541 1764 1577 instar

308 1607 542 1659 Tragoediae,
564 1606 784 1657 Odysseam
804 1605 854 1642 ad
875 1605 1081 1656 imaginem
1113 1605 1327 1642 Comoediae
1355 1604 1493 1642 secisse
1514 1609 1763 1642 monstratur.

312 1672 413 1710 Nam
434 1678 524 1722 post
555 1670 657 1708 illius
685 1670 762 1707 tale
794 1676 1022 1720 tantumque
1056 1668 1333 1707 documentum
1364 1669 1412 1706 ab
1442 1666 1763 1718 ingeniosissimis

310 1735 568 1780 imitatoribus
601 1742 640 1772 et
660 1734 816 1785 digesta
837 1741 929 1772 sunt
954 1735 991 1772 in
1024 1733 1216 1778 ordinem,
1246 1740 1284 1771 et
1304 1732 1428 1770 divisa
1445 1744 1506 1778 ea,
1539 1744 1628 1781 quae
1648 1730 1763 1769 etiam

310 1807 392 1838 turn
426 1805 569 1836 temere
600 1798 866 1836 scribebantur
887 1797 1014 1835 adhuc
1035 1796 1221 1847 impolita,
1244 1804 1359 1847 atque
1384 1796 1422 1833 in
1443 1795 1537 1846 ipsis
1571 1794 1766 1833 rudimen·

312 1865 362 1902 tis
381 1862 698 1913 haudquaquam,
736 1868 777 1899 ut
796 1869 932 1913 postea
965 1863 1069 1899 facta
1089 1868 1194 1907 sunt,
1225 1861 1368 1899 decora
1387 1867 1504 1911 atque
1532 1859 1659 1897 laevia.
1713 1859 1766 1896 At

316 1941 388 1966 nos
409 1940 468 1974 ea,
487 1940 576 1977 quae
597 1927 748 1977 proprie
775 1926 824 1964 de
855 1926 1064 1977 Tragoedia
1098 1925 1266 1964 dicenda
1296 1931 1399 1972 sunt,
1436 1924 1548 1962 titulo
1579 1923 1768 1975 propositi

355 2066 374 2094 3
398 2063 557 2094 Dicuntur
574 2063 684 2093 Graece
703 2061 861 2102 TP‘ITEC]
884 2061 1009 2093 Athen.

312 2114 372 2144 lib.
388 2123 428 2145 11.
453 2113 529 2144 Ἀπὸ
541 2112 644 2152 μέθης,
657 2113 707 2144 καὶ
732 2113 752 2151 ἡ
776 2114 831 2151 τῆς
857 2112 1011 2151 κωμῳδίας

313 2163 365 2194 καὶ
382 2164 401 2200 ἦ
426 2165 480 2201 τῆς
503 2162 671 2204 τράγῳδίας
696 2163 811 2204 εὕρεσις
837 2164 869 2194 ἐν
894 2162 1011 2204 Ἰκαρίῳ

313 2216 370 2252 τῆς
393 2215 534 2251 Ἀττικῆς
558 2213 674 2255 εὑρέθη,
694 2213 744 2244 καὶ
765 2214 833 2244 κατ’
850 2214 943 2244 αὐτὸν
956 2214 1012 2245 τὸν

314 2266 371 2301 τῆς
385 2264 501 2305 τρύγης
515 2263 627 2304 καιρὸν,
640 2264 692 2303 ἀφ’
703 2262 737 2295 οὗ
750 2264 787 2301 δὴ
798 2263 848 2295 καὶ
863 2264 1014 2305 τρυγῳδία

314 2315 353 2345 τὸ
389 2317 508 2355 πρῶτον
544 2313 656 2352 ἐκλήθη
689 2314 709 2352 ἡ
742 2314 890 2354 κωμῳδία.
936 2315 1013 2346 Vid.

318 2370 325 2381 ‘
340 2365 487 2404 Etymol.
507 2365 668 2404 Magnum
685 2365 718 2395 in
733 2363 908 2404 Τραγῳδίαι)
934 2366 983 2395 ΙιΙ.

361 2418 381 2446 4
419 2417 557 2455 Apollini
588 2416 712 2454 Nomio,
749 2417 797 2446 vel
832 2415 1015 2456 AFyAOcz]

319 2466 406 2497 Haec
429 2472 477 2496 est
506 2466 677 2506 scriptura
704 2467 890 2506 priscorum
918 2467 1017 2499 codd.

320 2525 394 2557 qum
426 2514 619 2555 refingenda
650 2517 785 2547 videtur
810 2517 873 2548 lioc
894 2518 1016 2548 inodo:

319 2565 459 2605 Apollini
478 2565 591 2595 Nomio
607 2567 652 2595 rel
666 2566 797 2607 Agyieu.
843 2568 898 2598 De
917 2566 1019 2607 Apol·

319 2616 387 2646 line
406 2615 529 2647 Nomio
553 2615 649 2647 Serv.
666 2625 715 2647 iv.
748 2616 946 2656 Georgicor.
978 2615 1019 2647 ad

321 2665 376 2696 illa
389 2665 504 2702 verba,
519 2666 527 2681 ⁴
541 2665 710 2706 Anditque
724 2671 860 2696 vocatus
877 2664 1023 2706 Apollo)

320 2715 444 2754 ἈὙυιὰς
460 2720 570 2745 autem
586 2716 658 2746 Elei
676 2717 904 2756 appellarunt,
931 2721 1020 2747 teste

324 2767 492 2798 Pausania
510 2767 541 2796 in
560 2766 695 2805 Etiam,
712 2765 782 2797 τοὺς
796 2766 842 2796 ὑπ’
860 2765 1022 2803 Ἀθηναίων

1066 2059 1270 2100 καλουμένους
1284 2059 1468 2093 στενωπούς.
1494 2061 1538 2092 Et
1551 2060 1628 2091 liiuc
1645 2059 1767 2100 Apollo

1065 2110 1231 2153 Agyieus,
1255 2111 1298 2143 de
1316 2122 1384 2153 quo
1400 2111 1475 2142 fuse
1492 2110 1616 2142 Gr‘aeci.
1641 2109 1767 2141 Horat.

1066 2163 1178 2194 Carm.
1209 2163 1269 2194 lib.
1299 2172 1352 2194 lv.
1383 2162 1451 2194 Od.
1465 2165 1494 2193 6.
1517 2162 1526 2178 ‘
1545 2160 1644 2192 Lenis
1673 2159 1769 2201 Agy-

1066 2213 1161 2253 ieus,'
1178 2218 1213 2244 et
1230 2213 1277 2243 ibi
1295 2213 1462 2254 Porphyr.
1481 2210 1637 2243 Mam-ob.
1654 2211 1770 2242 Satur-

1068 2265 1134 2295 nal.
1150 2264 1209 2295 lib.
1226 2273 1250 2295 1.
1268 2274 1343 2304 cap.
1359 2266 1391 2295 9.
1437 2263 1561 2294 Postea
1578 2262 1626 2293 sic
1643 2261 1770 2302 legitur

1069 2315 1102 2346 in
1119 2315 1203 2346 Mss.
1229 2320 1389 2355 pastorum
1413 2314 1582 2345 vicinorum
1598 2313 1689 2343 Deo:
1712 2311 1768 2343 ubi

1070 2366 1101 2396 in
1116 2365 1216 2396 editis
1229 2371 1295 2406 est,
1308 2365 1534 2405 vicinorumque
1547 2363 1676 2404 proesidi
1690 2363 1770 2395 Deo.

1069 2416 1122 2447 Id.

1114 2470 1131 2496 5
1159 2466 1284 2496 Festum
1295 2463 1433 2504 carmen]
1458 2463 1497 2494 In
1514 2464 1579 2494 Ms.
1598 2464 1684 2494 Dan.
1704 2462 1771 2502 ses-

1071 2517 1170 2547 linum
1185 2526 1304 2546 carmen
1316 2515 1482 2546 solenniter
1497 2516 1674 2545 cantaretur
1687 2524 1696 2544 :
1711 2512 1771 2544 ἀπὸ

1071 2569 1133 2597 τῶν
1147 2568 1253 2604 κωμῶν
1269 2564 1318 2596 καὶ
1341 2566 1398 2602 τῆς
1423 2564 1500 2603 ᾠδῆς
1520 2563 1666 2594 comoedia
1690 2564 1771 2593 voci-

1074 2621 1141 2648 tata
1157 2620 1215 2656 est,
1238 2620 1272 2647 ut
1283 2617 1402 2656 opinor,
1425 2625 1442 2645 (ι
1465 2614 1555 2653 pagis
1575 2618 1604 2644 et
1620 2614 1772 2644 cantilena

1073 2667 1236 2707 composito
1257 2666 1390 2705 nomine,
1412 2665 1458 2695 vel
1470 2663 1594 2695 ἀπὸτοῦ
1608 2662 1772 2703 κωμάζειν,

1074 2719 1126 2757 ἆγε.
1150 2716 1201 2747 Id.
