1903 3306
433 236 495 265 nn
528 235 728 265 conficis
764 235 1177 267 nrmmrsmmssus.
1446 227 1530 268 1423
1578 262 1586 264 ,

81 332 112 367 si
138 330 338 367 eximatur.
396 329 501 372 Quid
532 329 634 366 enim
665 336 782 376 esset,
812 330 1006 366 ‘enimero
1021 329 1049 366 ’ζ’
1078 329 1155 367 Sed
1189 341 1307 367 unam
1338 329 1526 380 syllabam

78 393 212 438 fuisse,
243 392 397 438 ‘enim,’
425 405 514 430 cum
534 392 678 431 vellent
711 392 896 430 arbitror:
928 392 1120 443 siquidem
1155 393 1335 431 Graecum
1369 394 1439 431 fuit
1470 396 1526 440 ἣν,

78 460 150 502 ἠνὶ.
187 459 241 493 At
259 456 371 506 quasi
392 469 461 506 pro
481 465 721 494 consonante
738 470 936 508 accepere,
952 464 995 494 ut
1009 457 1264 503 ostendimus,
1282 457 1321 493 in
1341 463 1350 477 ⁶
1366 457 1527 503 Stellio:

79 525 90 540 ‘
105 519 276 564 invidia,'
305 519 497 570 ‘injuria.'
551 519 667 563 Quod
690 520 721 557 si
746 519 808 557 cui
833 519 949 570 paulo
971 520 1142 570 asperior
1161 520 1336 557 videatur
1356 533 1528 571 pronun-

77 582 212 625 tiatio;
241 582 274 620 is
294 595 372 620 non
393 583 577 628 meminit,
605 595 650 619 ea
677 583 839 627 ratione,
869 583 979 620 ‘cui’
1006 596 1091 621 esse
1121 583 1459 634 monosyllabum:
1490 591 1529 622 et

78 651 87 667 ‘
105 645 284 696 Pompei’
304 645 562 697 disyllabum:
593 653 632 683 et
652 649 661 665 ‘
679 646 750 683 Cai
764 646 772 661 '
793 646 1118 697 monosyllabum,
1139 655 1176 685 et
1197 652 1206 668 ‘
1223 647 1290 685 hui
1307 647 1330 685 ς’
1350 655 1402 694 et,
1421 647 1527 697 quod

75 708 244 747 omnium
279 708 529 746 durissimum
564 715 637 754 est,
669 713 680 729 ‘
696 708 813 747 huic!
869 709 1245 749 Proceleusmaticos
1278 719 1406 748 autem
1442 710 1526 748 aliis

77 772 228 810 duobus
247 772 422 810 versibus
443 772 749 810 animadvertere
768 772 942 823 quidam,
962 781 1125 824 utroque
1142 788 1188 812 ex
1201 774 1370 812 Andria:
1394 778 1402 794 ‘
1420 774 1528 811 WIala

76 848 199 882 mens,
218 835 343 873 malus
364 836 514 873 animus
533 849 542 873 ε
572 849 686 887 quem
706 836 864 887 quidem
884 850 958 888 ego
980 837 1012 874 si
1040 839 1225 876 sensero.'
1280 844 1288 860 ‘
1303 837 1388 875 Tibi
1409 851 1527 888 gene-

74 911 158 936 rum
176 899 339 946 firmum,
369 906 407 937 et
439 900 529 938 filiae
549 900 721 938 invenies
741 901 890 938 virum.'
946 903 1004 939 Ac
1037 902 1085 939 de
1115 902 1240 952 priore
1270 901 1425 952 quidem
1448 914 1526 939 non

75 969 137 1001 est
169 962 481 1014 disceptandum.
538 963 582 1001 In
616 965 831 1015 posteriore
865 973 994 1004 autem
1025 966 1176 1003 mollior
1210 973 1295 1003 est:
1325 972 1528 1016 propterea

77 1026 182 1076 quod
201 1027 350 1077 antiqui
371 1027 613 1078 pronomina,
635 1032 645 1048 ‘
662 1028 739 1075 mi,’
766 1035 805 1066 et
833 1033 843 1050 ⁴
859 1029 913 1076 ti‚’
933 1029 1202 1081 monosyllaba
1222 1029 1528 1079 pronuntiabant

77 1090 125 1127 ab
146 1089 393 1128 AEolensibus
412 1098 587 1141 accepta,
606 1093 683 1142 μοὶ,
704 1094 784 1130 τοὶς
815 1098 870 1139 tu,
890 1091 957 1131 τύε
979 1094 1032 1139 τὲ,
1054 1101 1105 1131 te.
1159 1092 1223 1130 Sic
1243 1092 1343 1130 enim
1363 1092 1402 1129 in
1423 1092 1527 1129 Gur-

76 1154 233 1203 gulione
253 1154 522 1206 accipiendum
543 1161 626 1193 est:
656 1160 665 1175 ‘
682 1155 828 1193 Curato
846 1168 856 1193 :
885 1169 958 1206 ego
978 1157 1046 1194 tibi
1066 1156 1171 1207 quod
1203 1169 1324 1203 amaS,
1347 1155 1429 1206 jam
1450 1155 1524 1194 huc

75 1216 299 1256 adducam!
353 1217 487 1255 ‘Tibi'
515 1218 901 1268 proceleusmaticum
934 1219 997 1258 hic
1027 1233 1182 1270 quoque
1212 1220 1369 1265 facient,
1401 1231 1526 1268 neque

76 1281 271 1318 errabunt.
345 1280 432 1318 Hoc
465 1287 615 1318 tanturn
649 1282 875 1332 agebamus,
912 1289 956 1320 ut
986 1283 1223 1334 intelligeres
1258 1282 1526 1321 secundiorem

74 1343 220 1381 fluxum
239 1356 372 1381 earum
393 1343 629 1395 syllabarum
661 1344 710 1382 ad
744 1346 1147 1396 proceleusmaticum,
1182 1360 1341 1398 quarum
1371 1346 1460 1383 duae
1486 1345 1525 1382 in

74 1419 190 1445 unam
211 1406 334 1457 redigi
359 1413 476 1457 atque
497 1407 717 1447 coalescere
748 1410 913 1460 possint.
972 1410 1032 1447 De
1062 1411 1205 1449 cretico
1236 1417 1379 1456 autem,
1409 1421 1525 1460 quem

73 1471 137 1509 isti
157 1470 259 1508 omni
279 1476 421 1508 conatu
456 1471 739 1522 subterfugere,
772 1472 946 1522 pluribus
968 1474 1180 1512 rationibus
1202 1481 1316 1525 atque
1338 1474 1526 1525 exemplis

75 1541 136 1572 est
155 1533 448 1585 disputandum.
487 1534 602 1582 Nam,
625 1535 655 1572 si
675 1535 711 1571 in
733 1534 929 1573 heroicum
951 1536 1179 1584 admittitur,
1200 1538 1231 1575 si
1251 1538 1289 1576 in
1305 1538 1525 1589 Tragoedia,

75 1597 181 1649 quod
200 1604 261 1636 est
279 1598 419 1648 poe'ma
442 1597 603 1645 clarum,
637 1598 779 1645 nobile,
810 1599 968 1646 elatum,
1001 1608 1165 1648 castum,
1195 1601 1323 1639 locum
1350 1602 1522 1645 invenit;

73 1673 193 1713 quare
221 1660 261 1698 in
295 1659 466 1697 medium
497 1673 542 1699 ac
572 1661 774 1712 vulgatum
804 1675 1022 1701 sermonem
1056 1677 1134 1702 non
1165 1664 1398 1716 recipiatur?
1455 1665 1527 1702 Est

71 1727 191 1778 igitur
209 1724 314 1777 apud
348 1725 533 1763 Poetam:
563 1730 573 1746 ‘
592 1725 642 1763 Et
674 1726 907 1777 naufragum
940 1727 1225 1779 Scyllacaeum.'
1282 1729 1426 1767 Dicent
1445 1742 1522 1767 non

72 1790 192 1829 fuisse
212 1788 458 1828 emendatum
478 1789 628 1828 librum.
684 1790 738 1827 At
756 1791 848 1828 Vari
869 1799 908 1829 et
926 1792 1067 1830 Tuccae
1093 1792 1242 1843 judicio
1274 1792 1523 1831 emendatum

73 1853 146 1893 fuit
166 1853 254 1892 hoc.
313 1853 363 1891 At
379 1852 496 1891 estin
518 1853 836 1893 emendatissimo
867 1855 962 1893 libro
995 1855 1231 1907 Georgicon,
1266 1856 1372 1907 quod
1406 1870 1525 1908 supra

73 1915 334 1955 adduximus:
364 1919 375 1937 ‘
393 1916 543 1962 Stellio,
573 1923 612 1955 et
644 1917 852 1968 lucifugis!
907 1919 960 1957 At
990 1926 1051 1957 est
1080 1919 1276 1971 Euripidae
1307 1933 1395 1958 curn
1422 1920 1524 1967 alibi,

74 1987 155 2018 tum
174 1980 213 2018 in
236 1980 423 2018 Hecuba:
450 1980 563 2018 Δυοῖν
582 1979 624 2018 δὲ
643 1980 792 2019 παίδοιν
811 1980 872 2019 δύο
891 1985 1002 2031 νεκρὼ
1022 1984 1237 2032 κατόψεται.
1275 1984 1373 2020 Cum
1394 1990 1525 2022 tamen

74 2043 202 2083 dicere
219 2044 438 2096 potuisset:
468 2044 619 2083 παίδοιν
650 2044 767 2083 δυοῖν.
824 2046 960 2096 Itaque
994 2059 1065 2085 nos
1093 2060 1247 2098 quoque
1280 2048 1316 2084 in
1353 2047 1525 2094 Nemesi,

74 2107 291 2146 studuimus
323 2109 517 2159 gravitati,
550 2116 590 2147 et
621 2110 800 2147 auribus:
831 2114 840 2131 ‘
859 2110 946 2147 Heu
972 2123 1096 2161 genus
1117 2109 1354 2148 nefandum.'
1409 2110 1523 2157 Nam,

74 2170 223 2221 abjecta
248 2171 527 2223 interjectione,
559 2172 770 2222 exsanguis
800 2172 923 2210 oratio
956 2179 1041 2211 est:
1070 2173 1162 2211 item
1192 2173 1221 2211 si
1253 2173 1374 2219 dicas,
1405 2179 1414 2195 ‘
1434 2174 1523 2212 Heu

73 2247 172 2284 gens
191 2235 389 2272 nefanda!
445 2236 495 2272 Et
515 2235 589 2273 alio
609 2236 696 2273 loco
722 2236 936 2286 posuimus,
967 2241 976 2258 ‘
995 2237 1152 2275 sinistra
1169 2237 1191 2275 ε’
1222 2237 1412 2288 potuisset
1432 2237 1523 2285 dici,

73 2302 83 2318 ⁴
100 2297 254 2336 scaevass
300 2298 378 2336 Sed
398 2299 532 2350 paucis
552 2311 664 2337 aures
685 2301 848 2350 po'eticae
869 2300 972 2338 datae
993 2308 1096 2339 sunt.
1145 2300 1355 2347 Praeterea,
1377 2302 1408 2338 si
1428 2301 1521 2339 dac-

74 2361 178 2412 tylus
198 2368 238 2399 et
256 2369 478 2412 anapaestus
498 2362 537 2399 in
558 2363 673 2401 iambi
692 2364 780 2401 loca
801 2364 952 2402 suffecti
973 2371 1078 2410 sunt,
1097 2376 1262 2415 quorum
1281 2364 1426 2402 utervis
1444 2378 1523 2403 una

71 2424 180 2463 illum
200 2432 240 2463 et
258 2425 409 2477 syllaba
428 2432 467 2464 et
485 2432 658 2477 tempore
680 2434 892 2477 superaret,
920 2441 1039 2478 quare
1058 2440 1142 2465 eam
1162 2427 1357 2465 licentiam
1378 2441 1523 2466 sermo·

72 2487 131 2525 nis
151 2487 287 2526 eadem
308 2489 453 2540 puritas
472 2502 550 2527 non
571 2490 743 2540 coegerit
761 2490 930 2540 recipere
951 2490 1142 2541 quasdam
1161 2503 1293 2537 voces,
1321 2491 1359 2528 in
1380 2493 1523 2542 qulbus

74 2557 178 2589 esset
196 2551 391 2590 creticus?
423 2554 638 2604 praesertim
659 2567 746 2592 cum
768 2567 788 2591 e
808 2555 914 2605 puris
935 2554 1086 2593 creticis
1107 2554 1255 2605 aliquot
1273 2568 1407 2593 versus
1427 2569 1521 2594 con-

74 2621 191 2652 stent.
233 2615 444 2662 Praeterea,
461 2630 506 2654 ea
526 2618 697 2664 nomina,
717 2619 926 2669 verbaque,
949 2618 1071 2665 Deus,
1092 2618 1189 2664 dies,
1209 2618 1295 2664 fuit,
1316 2631 1414 2664 rnea,
1436 2633 1521 2666 sua,

73 2684 155 2725 tua,
173 2690 218 2716 eo
239 2678 446 2729 pertinent,
479 2687 534 2727 ut,
565 2693 653 2718 cum
673 2680 942 2719 collectionem
964 2682 1002 2719 in
1022 2695 1138 2720 unam
1161 2682 1350 2733 syllabam
1369 2684 1520 2733 patian-

74 2747 150 2786 tur,
171 2740 338 2780 doceant
357 2756 428 2781 nos
447 2744 485 2780 in
506 2744 648 2783 cretico
669 2744 771 2782 idern
791 2758 945 2796 quoque
967 2746 1047 2784 fieri
1067 2758 1198 2797 posse,
1219 2752 1263 2783 ut
1277 2746 1520 2784 emolliantur
