1903 3306
324 232 410 275 116
612 244 738 276 LOCA
772 243 1041 275 MENANnm
1078 244 1137 274 ΕΤ
1176 243 1488 275 Ammonem

325 339 385 377 Ta*
403 346 474 377 τῶν
493 341 611 382 φίλων
629 341 729 386 κοιν’,
749 342 790 378 οὒ
808 341 924 390 μόνον
943 342 989 377 roi
1007 341 1195 390 χρήματα,

325 402 404 440 Καὶ
427 409 489 440 νοῦ
508 402 547 440 δὲ
567 405 625 440 καὶ
645 408 851 455 φρονήσεως
872 407 1057 441 κοινωνία.

328 466 559 504 Communia
579 466 724 504 amicos
744 466 855 512 inter,
875 478 952 503 non
973 464 1148 515 pecuniae

326 530 508 574 Tantum,
529 528 596 567 sed
617 536 656 567 et
676 541 784 567 mens
806 528 947 578 pariter
966 534 1004 565 et
1022 527 1242 579 prudentia.

895 625 983 663 Act.
1002 637 1042 662 v,
1065 625 1128 663 Sc.
1148 637 1211 662 1v.

330 711 339 727 ‘
360 707 463 744 Duxi
485 709 668 744 uxorem!
711 706 800 744 Huc
821 711 971 756 spectat
989 704 1086 742 illud
1108 704 1315 742 Menandri
1340 704 1444 756 apud
1466 705 1687 743 Stobaeum:

328 770 381 807 Τὸ
403 773 544 818 γυναῖκ’
565 771 682 821 ἔχειν,
704 768 801 807 εἶναι’
819 786 858 807 τε
876 769 1035 814 παίδων,
1056 768 1281 818 Παρμένων,

330 833 499 882 Πατέρα,
521 837 698 883 μερίμνας
717 836 765 884 τῷ
791 832 863 885 βίῳ
883 835 1022 870 πολλὰς
1041 836 1156 883 φέρει.

332 896 499 934 Uxorem
519 896 674 941 habere,
695 897 915 942 liberorum,
936 897 1143 941 Parmeno,

332 961 487 998 Patrem
507 973 606 1005 esse,
627 974 738 999 curas
759 961 900 1000 multas
920 960 958 997 in
979 961 1095 997 vitam
1114 959 1273 996 invehit.

386 1025 460 1061 Et:

331 1089 383 1127 Τὸ
404 1091 582 1137 γενέσθαι
604 1093 744 1137 πατέρα
763 1087 918 1132 παίδων,
939 1086 985 1132 ἦν
1003 1087 1116 1132 λῦπη,
1136 1085 1262 1138 φόβος,
1282 1090 1438 1138 φροντίς.

332 1154 555 1191 Liberorum
576 1161 722 1203 patrem
743 1165 830 1190 esse
850 1152 1010 1197 factum,
1038 1163 1176 1188 moeror
1194 1151 1279 1196 fuit,
1298 1149 1478 1195 formido,
1493 1156 1532 1186 et
1551 1147 1740 1187 anxietas.

785 1255 990 1292 HECYRA.
1021 1254 1110 1291 Act.
1129 1266 1179 1291 11.
1211 1253 1276 1291 Sc.
1300 1266 1329 1290 1.

336 1340 345 1357 ‘
363 1337 499 1386 Neque
523 1335 758 1373 declinatam
778 1335 986 1386 quicquam
1017 1335 1064 1372 ab
1085 1334 1245 1372 aliarum
1275 1333 1432 1383 ingenio
1450 1331 1570 1370 ullam
1591 1332 1790 1383 repedas?

390 1399 609 1437 Menander
626 1411 634 1436 z

334 1462 433 1509 Γυνὴ
453 1463 625 1510 γυναικὸς
644 1464 778 1499 πώποτ’
797 1460 906 1498 οὐδὲν
926 1459 1102 1512 διαφέρει.

335 1527 369 1563 Α
389 1526 546 1564 foemina
564 1525 618 1562 nil
638 1525 796 1562 foemina
813 1536 986 1574 unquam
1006 1523 1214 1575 discrepat.

337 1595 345 1611 ‘
361 1588 618 1628 Postmodum
639 1588 853 1625 rescisces!
883 1585 1126 1624 Menander:

337 1654 449 1690 Ταῦθ’
470 1654 621 1701 ὕστερον
641 1650 773 1698 λάβοις
791 1651 840 1688 ἂν
855 1653 1110 1701 ἡμαρτημένα.

338 1717 528 1760 Quaenam
551 1716 629 1753 sint
644 1715 864 1760 commissa,
884 1714 969 1752 haec
989 1720 1031 1751 tu
1052 1713 1300 1764 postmodum
1319 1713 1521 1752 rescisces.

879 1816 966 1853 Act.
986 1828 1059 1853 111.
1089 1816 1155 1853 Se.
1178 1828 1248 1852 111.

340 1897 348 1913 ‘
367 1892 558 1930 Omnibus
578 1891 690 1928 nobis
712 1897 754 1929 ut
772 1902 832 1928 res
854 1890 951 1928 dant
971 1903 1070 1937 sese,
1091 1890 1146 1927 ita
1164 1889 1296 1941 magni
1317 1895 1432 1940 atque
1453 1890 1617 1929 humiles
1634 1892 1792 1930 sumus.⁹

390 1955 650 2007 Apollodorus
664 1967 673 1992 t

337 2021 464 2060 Οὕτως
483 2021 633 2057 ἕκαστος
652 2017 716 2055 διά
735 2021 781 2055 τά
803 2018 1005 2069 πράγματα
1027 2018 1157 2069 σεμνὸς
1178 2017 1224 2063 ἦν
1244 2020 1301 2055 καὶ
1319 2022 1504 2055 ταπεινός.

338 2087 400 2124 Ita
421 2083 597 2135 quisque,
617 2088 660 2119 ut
680 2095 740 2119 res
763 2081 859 2119 dant
879 2095 979 2127 sese,
996 2089 1036 2120 et
1055 2083 1182 2133 gravis
1199 2088 1238 2119 et
1255 2081 1411 2119 humilis
1431 2094 1516 2119 esse
1537 2080 1651 2119 solet.

897 2196 983 2232 Act.
1003 2208 1074 2231 111.
1106 2195 1169 2233 Sc.
1190 2207 1230 2232 v,

343 2273 351 2287 ‘
371 2267 529 2305 Salvum
552 2275 668 2319 atque
690 2268 884 2306 validum.’
914 2268 1131 2306 Menander
1149 2282 1158 2305 :

340 2330 577 2382 Εὑτυχοῦντα
597 2334 656 2369 καὶ
676 2335 925 2383 σεσωσμένον.

342 2394 597 2432 Fortunatum
627 2395 868 2446 salvumque.

738 2532 740 2534 Ι
894 2480 982 2517 Act.
1005 2492 1065 2516 1v.
1088 2479 1154 2517 Sc.
1177 2492 1226 2516 11.

346 2558 354 2574 ‘
373 2554 426 2590 Ut
458 2566 507 2590 ne
527 2554 588 2590 cui
619 2567 715 2591 meae
748 2554 1013 2604 longinquitas
1045 2555 1172 2591 aetatis
1203 2555 1345 2600 obstet,
1370 2560 1579 2592 mortemve
1612 2558 1792 2605 expectet

397 2618 549 2654 meam.’
578 2617 806 2655 Menander.

347 2681 488 2730 Πικρόν
507 2682 585 2718 ἐστι
604 2684 748 2731 θρέμμα
771 2685 890 2730 γέρων
913 2683 953 2718 ἐν
973 2684 1069 2730 οἰκίᾳ
1087 2685 1222 2731 μένων.

348 2744 623 2782 Amarulentus
644 2751 704 2782 est
725 2744 905 2782 alumnus
928 2757 1044 2782 senex
1065 2744 1170 2782 domi
1189 2755 1362 2780 manens.
