1976 3296
759 208 1029 239 rRAEFA‘rio.
1598 199 1624 239 9

168 304 346 346 laudavi
371 317 520 358 supra.
584 303 699 345 Haec
723 317 803 355 ego
828 303 1002 355 κειμήλια
1025 303 1177 357 quanti
1211 303 1407 353 fecerim,
1441 304 1624 344 saciam-

169 385 269 425 que,
290 372 434 413 verbis
455 372 699 425 exprimere
715 384 800 412 non
822 385 1033 425 possum3
1067 375 1188 412 tanto
1211 372 1367 422 magis,
1390 371 1509 423 quod
1530 371 1623 410 nul-

168 438 258 478 lum
280 439 364 478 sibi
389 437 538 478 divitis
561 437 819 479 Academiae
841 437 1117 478 Oxoniensis
1151 437 1354 489 aliosque
1392 436 1625 477 Britanno·

168 518 265 545 rum
286 506 457 546 loculos
477 506 759 559 perlustranti
776 511 995 559 repertum
1018 505 1183 547 Donati
1202 503 1357 557 scripti
1374 503 1625 556 exemplum

168 571 274 612 mihi
296 571 531 613 affirmavit
550 572 848 613 Doctissimus
870 572 1153 613 Abrahamus
1175 571 1444 612 Gronovius.
1476 568 1625 623 Atque

170 652 198 678 o
231 639 399 680 utinam
430 640 592 693 integer
621 644 877 693 superesset
911 639 1139 679 Donatus!
1203 637 1274 678 lta
1295 649 1398 677 vero
1421 636 1561 677 multa
1582 637 1626 677 in

171 703 452 746 Comicorum
484 706 706 759 Principe,
729 719 831 760 quae
866 706 997 746 etiam
1031 718 1147 746 nunc
1181 704 1309 757 quasi
1342 704 1387 743 in
1419 704 1623 744 interiore

171 772 328 825 angulo
346 773 571 814 recondita
590 774 743 823 latent,
767 774 934 814 dudum
956 774 1175 814 illustrata
1196 784 1406 812 cerneres,
1446 771 1627 821 Verum,

171 844 223 879 ut
243 852 360 879 nunc
382 843 464 890 est,
487 840 684 881 contenti
709 841 847 881 simus
869 840 954 880 hoc
976 839 1162 880 Catone.
1222 837 1405 879 Accidit
1425 837 1628 878 nimirum

172 907 340 960 optimo
361 907 612 960 Interpreti,
634 908 754 961 quod
778 907 999 948 accidisse
1022 907 1129 948 olim
1149 906 1349 959 pluribus
1369 918 1457 945 non
1487 905 1629 958 pessi—

171 986 256 1014 mae
275 978 393 1015 notae
413 974 716 1028 Scriptoribus
748 976 902 1016 merito
935 974 1084 1015 dolent
1116 973 1309 1023 Eruditi,
1342 978 1392 1013 ut
1424 973 1629 1013 nimirum

173 1041 289 1082 bona
313 1054 382 1082 sul
402 1046 528 1095 parte
548 1042 738 1083 mutilati
762 1042 817 1083 ad
840 1054 918 1082 nos
935 1041 1229 1095 pervenirent.
1274 1039 1398 1090 Quid
1421 1040 1631 1081 Erasmus

174 1108 352 1161 quidem
374 1108 429 1149 de
450 1112 601 1150 nostro
623 1110 705 1150 hoc
729 1110 910 1151 Donato
932 1109 1161 1159 censuerit,
1183 1108 1256 1149 vel
1278 1108 1456 1148 Titulus
1492 1107 1634 1148 Editi-

174 1176 271 1215 ouis
297 1175 588 1217 Frobenianae
608 1177 790 1226 indicat,
812 1177 857 1217 in
876 1190 965 1230 quo
977 1177 1073 1218 haec
1095 1177 1319 1228 leguntur:
1344 1178 1356 1196 ‘
1373 1175 1531 1216 Habes
1545 1174 1631 1225 hic,

175 1243 332 1286 Amice
353 1245 526 1295 Lector,
548 1246 603 1286 P.
621 1246 819 1287 Terentii
841 1245 1112 1295 Comoedias,
1130 1258 1215 1285 una
1237 1258 1337 1285 cum
1361 1244 1550 1285 Scholiis
1575 1257 1633 1284 ex

176 1312 357 1361 Donati,
379 1311 556 1366 Asperi‚
579 1318 623 1354 et
644 1313 828 1354 Cornuti
850 1311 1185 1353 Commentariis
1207 1311 1460 1366 decerptis.'
1491 1311 1634 1365 Aspe-

177 1379 214 1419 ri
235 1379 411 1432 quidem
434 1381 502 1421 vel
539 1381 760 1430 Donatus,
793 1381 864 1421 vel
898 1381 1168 1434 quicumque
1197 1379 1311 1420 alius
1347 1379 1544 1420 meminit
1577 1380 1634 1420 ad

178 1445 369 1501 Adelph.
403 1459 465 1488 xv.
497 1449 538 1489 2.
571 1449 641 1489 20.
708 1447 906 1489 Annaeus
947 1447 1106 1488 Celsus
1143 1449 1186 1487 et
1218 1447 1435 1488 Helenius
1468 1445 1633 1496 Acron,

177 1513 484 1565 Grammatici,
527 1516 602 1569 qui
641 1516 833 1556 Terentii
874 1515 1144 1568 Interpretes
1182 1514 1362 1564 fuerint,
1398 1514 1636 1556 laudantur

179 1580 398 1624 Charisio.
460 1583 530 1624 De
550 1583 720 1633 horum,
745 1583 821 1624 sed
844 1587 888 1623 et
908 1582 963 1623 de
986 1581 1138 1635 Capri,
1170 1582 1323 1630 Probi,
1358 1581 1636 1635 aliorumque

181 1653 312 1691 aetate
332 1649 479 1690 dicere
499 1650 606 1690 nihil
626 1650 784 1691 habeo.
847 1649 970 1700 Quid
991 1662 1123 1703 porro
1145 1649 1199 1690 de
1223 1649 1396 1703 judicio
1419 1653 1462 1690 et
1484 1655 1635 1691 aucto-

179 1718 306 1758 ritate
329 1717 729 1758 Grammaticorum
751 1717 1029 1759 statuendum
1056 1717 1129 1767 sit,
1151 1717 1360 1758 edisserit
1381 1716 1637 1758 Illustrissi-

179 1797 280 1825 mus
314 1783 510 1836 Scaliger
542 1784 598 1825 ad
630 1783 811 1838 Virgilii
845 1783 1028 1838 Copam.
1089 1784 1251 1825 Petrus
1283 1797 1386 1825 vero
1417 1783 1637 1834 Nannius,

184 1850 381 1892 Miscell.
403 1851 483 1891 lib.
505 1861 535 1892 1.
558 1863 596 1892 0.
618 1851 660 1893 6.
694 1854 705 1871 ‘
724 1850 905 1905 Aliquis
926 1851 1165 1901 indoctus,'
1186 1852 1343 1905 inquit,
1366 1851 1640 1893 ‘indoctissi-

122 1910 124 1913 ’
183 1920 268 1960 mis
290 1919 439 1960 verbis
459 1919 748 1972 paraphrasin
770 1920 951 1973 scripsit
970 1920 1016 1960 in
1035 1920 1273 1960 Donatum.
1334 1919 1387 1960 Id
1403 1919 1497 1973 jam
1519 1932 1641 1961 mun-

188 1987 246 2028 do
271 1986 518 2028 obtruditur
540 1999 620 2039 pro
656 1985 870 2027 Donato.'
927 1985 1145 2040 Loquitur
1166 1991 1312 2027 autem
1335 1986 1390 2027 de
1413 1986 1641 2028 Commen-

185 2054 309 2095 tariis
331 2055 374 2095 in
396 2053 575 2107 Virgilii
596 2054 801 2095 AEneida.
863 2054 991 2095 Idem
1012 2067 1116 2095 vero
1139 2054 1247 2095 alibi
1277 2054 1332 2094 de
1361 2053 1640 2096 Terentianis

186 2135 317 2175 agens
362 2121 743 2162 ‘indoctissimum
779 2122 1045 2163 nebulonem
1064 2120 1074 2136 '
1104 2125 1251 2172 vocat,
1280 2122 1386 2175 ‘qui
1417 2135 1498 2175 pro
1519 2122 1640 2163 AElio

196 2191 371 2231 Donato
394 2202 442 2230 se
462 2188 781 2230 venditaverit?
842 2189 1001 2231 Nihilo
1024 2190 1177 2231 mitius
1197 2190 1251 2230 de
1273 2202 1328 2230 eo
1341 2190 1558 2244 judicium
1578 2194 1643 2231 tu·

186 2259 239 2300 lit
270 2257 547 2311 Tanaquilus
582 2258 741 2307 Faber,
774 2257 831 2297 ad
867 2256 1022 2298 Phaed.
1057 2268 1088 2298 1.
1111 2259 1154 2299 4.
1188 2257 1378 2298 ‘Dicam
1412 2257 1641 2307 audacter,

187 2325 266 2368 sed
284 2338 401 2376 vere,
423 2337 508 2365 non
528 2326 671 2378 magis
695 2324 894 2366 Servium
911 2325 1045 2366 hodie
1065 2326 1292 2374 habemus,
1321 2338 1454 2378 quam
1475 2325 1642 2367 Donati

187 2393 232 2434 in
250 2393 502 2434 Terentium
525 2392 903 2434 Commentarios.'
955 2392 1182 2447 Excerpta
1207 2396 1374 2433 tantum
1396 2398 1641 2447 supersunt,

188 2466 233 2502 et
253 2461 416 2515 saepius
446 2474 472 2502 a
505 2460 623 2501 mala
644 2460 806 2501 manu.'
865 2461 1051 2502 Temere
1089 2461 1208 2514 loqui
1245 2460 1418 2501 credis?
1480 2460 1641 2511 ‘Quod

185 2526 516 2576 demonstrare:
548 2527 686 2578 addit,
718 2530 730 2548 ‘
749 2528 788 2569 si
809 2528 909 2583 quis
925 2529 1010 2569 sibi
1030 2528 1246 2582 postulet,
1265 2532 1352 2569 tam
1376 2528 1579 2581 equidem
1597 2529 1642 2569 id

189 2595 359 2652 possim
381 2596 532 2645 facile,
552 2608 685 2649 quam
708 2596 957 2646 ostendere,
977 2598 1044 2644 Δὶς
1061 2595 1118 2636 δύο
1136 2595 1223 2635 εἶναι
1245 2594 1437 2653 ‘stri-aga?
1488 2595 1643 2645 Quan-

190 2666 325 2716 qUam
347 2663 514 2704 eaedem
536 2676 607 2704 res
640 2663 682 2703 in
716 2664 896 2704 Donato
916 2676 1227 2717 nonnunquam
1250 2664 1320 2704 bis
1343 2668 1460 2704 terve
1482 2664 1641 2715 repeti-

192 2734 263 2780 tae,
284 2743 592 2785 nonnunquam
616 2731 861 2781 contrariae,
882 2726 1056 2773 Erasmi
1074 2731 1297 2785 judicium
1310 2730 1478 2772 firmare
1491 2731 1643 2772 viden-
