1903 3306
535 233 742 265 ANDR1AE
778 235 883 266 exc-T,
918 236 979 268 iv.
1011 236 1078 267 sc.
1112 239 1155 267 v.
1484 232 1567 273 365

116 327 212 369 DA.
236 327 327 369 Hic
349 340 475 370 socer
496 334 588 370 est:
620 329 710 370 alio
730 333 865 382 pacto
883 329 1001 371 haud
1023 336 1201 384 poterat
1219 332 1328 383 fieri,

114 393 456 449 UEQEQ-hae‘b
477 408 577 448 quae
597 397 814 437 volumus.
874 396 976 438 MY.
999 398 1133 448 Hem,
1154 400 1435 452 praediceres.

113 460 209 502 DA.
241 461 427 513 Paulum
447 461 663 503 interesse
685 475 858 513 censes,
880 477 938 504 ex
958 465 1102 506 animo
1123 467 1289 516 omnia,
1510 470 1567 509 55

114 527 180 569 Ut
198 528 284 569 fert
299 520 471 579 natura,
492 529 650 580 facias,
671 543 727 570 an
748 530 802 571 de
823 531 1065 573 industria?

110 648 183 679 DA.
210 647 273 678 Hic
290 648 434 680 Chremes
446 652 492 679 est
505 649 728 687 socerfaturas
746 651 914 692 Pamphili,
961 652 1030 683 Hic
1049 662 1110 683 non
1131 656 1254 693 poterat
1281 654 1341 684 alio
1366 657 1453 686 modo
1474 658 1565 691 scire,

110 699 177 730 quae
191 690 342 721 voluimus
356 694 391 721 ut
405 691 522 726 sciret:
544 702 672 731 puerum
693 702 800 733 nempe
824 704 863 724 ex
879 695 1043 734 Pamphilo
1070 696 1249 736 Glycerium
1260 697 1427 737 peperisse,
1442 708 1566 739 eamque

108 741 174 764 esse
187 733 285 763 civem
296 733 448 765 Atticam.
490 734 568 765 MY.
593 734 675 765 Haec
688 745 735 766 me
749 745 937 775 praemonere
947 737 1108 768 debueras.
1154 738 1221 769 DA.
1246 739 1405 770 Parumne
1418 741 1566 772 interesse

109 774 272 805 existimus
286 775 370 806 inter
384 785 432 841 ξιτ,
448 776 610 818 quoefiant
624 786 706 816 vere,
724 782 754 809 et
775 782 887 809 natura
902 780 1030 810 ducente
1039 789 1052 817 ‚⁸
1077 783 1169 820 atque
1184 790 1230 821 ea,
1248 791 1315 821 quoe
1330 785 1398 813 arte
1414 786 1444 813 et
1460 784 1563 814 indas-

110 817 175 848 tria
189 817 395 850 simulantur.

718 902 956 916 eeeeeeeeeee

108 975 176 996 uno
192 965 380 1007 eodemque
395 966 589 1004 conveniat,
605 967 672 998 nisi
687 973 787 1000 antea
801 970 1001 1010 cognoverit
1018 970 1091 1011 ejus
1107 971 1355 1003 recensionem.
1381 973 1468 1004 Perl.
1514 975 1564 1006 At

108 1008 288 1040 Bentleius
305 1010 360 1039 vix
378 1014 481 1040 tantae
497 1009 624 1041 fraudis
640 1010 760 1042 fuisset
777 1022 868 1051 reus,
890 1020 927 1044 ut
943 1013 1105 1044 lectiones
1119 1014 1260 1045 aliorum
1289 1024 1349 1055 pro
1364 1016 1431 1046 suis
1450 1016 1562 1048 sciens

106 1050 324 1091 prudensque
342 1051 542 1083 vindicaret.
569 1053 678 1084 Putat
694 1053 783 1086 Gov.
801 1055 876 1094 quid
891 1056 933 1086 sit
949 1059 1050 1086 actam
1065 1065 1140 1087 esse
1162 1056 1375 1097 interpretis,
1390 1067 1455 1089 non
1474 1059 1561 1090 Auc-

108 1093 212 1132 toris;
232 1092 361 1123 claudit
375 1103 506 1124 versum
524 1095 733 1134 superiorem
750 1106 826 1127 cum
852 1107 935 1128 voce
951 1099 960 1115 ‘
979 1098 1131 1138 Glycer.‘
1147 1103 1181 1129 et
1196 1099 1282 1140 legit
1298 1100 1381 1135 Quid
1397 1101 1491 1132 sciam
1503 1099 1563 1133 ?—

109 1137 152 1166 54
175 1135 326 1166 Restitui
347 1135 383 1165 τὸ
398 1135 483 1167 Hem
496 1146 538 1167 ex
560 1137 643 1168 Mss.
662 1139 825 1178 plusculis
841 1144 876 1170 et
892 1140 969 1171 edd.
984 1141 1233 1173 vetustissimis.
1279 1143 1482 1183 Quanquam
1500 1154 1562 1176 nec

105 1177 206 1210 Junt.
220 1187 284 1208 nec
300 1177 437 1217 Aldina,
452 1188 515 1209 nee
529 1179 579 1210 St,
597 1189 660 1211 nec
678 1181 941 1213 Lindenbruchii
964 1187 1163 1219 agnoscunt.
1191 1184 1291 1216 West.
1335 1186 1394 1216 Fa.
1417 1195 1436 1216 e
1461 1187 1560 1218 codd.

107 1219 175 1250 suis
191 1220 275 1259 legit
290 1221 448 1252 volumus:
464 1231 523 1252 nos
540 1222 701 1261 voluimus,
718 1223 784 1254 fide
801 1223 926 1255 codicis
943 1228 1006 1256 900
1033 1235 1207 1256 annorum.
1223 1227 1318 1258 Bent.
1364 1227 1418 1258 Ad
1443 1238 1561 1260 vocem

106 1263 243 1292 volamus
271 1263 385 1303 glossa
409 1263 446 1293 -in
469 1264 531 1295 Br.
554 1268 670 1296 notat:
696 1267 786 1297 ‘Vel
802 1266 837 1297 i.'
876 1267 929 1298 De
946 1277 1012 1308 quo
1038 1268 1087 1299 sic
1110 1269 1262 1308 loquitur
1284 1270 1416 1301 Bruns:
1441 1271 1451 1287 ‘
1470 1271 1561 1303 Num

104 1304 188 1335 volui
203 1314 244 1335 an
259 1305 409 1336 voluimus
421 1306 465 1337 sit
481 1306 574 1337 varia
591 1308 702 1348 let-tio,
720 1309 847 1349 ambigi
861 1309 998 1349 potest!
1012 1311 1021 1328 ‘
1035 1311 1092 1341 Fa.
1106 1310 1214 1350 facit‚'
1227 1311 1276 1342 ait
1293 1312 1386 1343 Perl.
1409 1313 1419 1329 ‘
1436 1322 1478 1344 ex
1494 1325 1562 1354 quoe

106 1347 160 1377 vel
173 1356 242 1387 proe
266 1347 472 1388 dissyllabon
494 1349 573 1389 quai?
596 1350 649 1380 vel
673 1351 751 1390 pra‘e‘
763 1362 773 1382 :
791 1352 822 1381 in
841 1361 906 1393 quo
924 1353 1187 1393 reprehenditur
1203 1364 1222 1384 a
1236 1354 1350 1385 Bent.'
1388 1354 1483 1386 Idem
1499 1357 1561 1388 dat

74 1390 77 1397 ’
105 1389 256 1420 voluimus
271 1399 345 1420 cum
363 1391 467 1422 Both.
515 1392 599 1422 Hem
613 1393 776 1425 omittunt
797 1394 858 1425 Br.
881 1395 983 1427 Bent.
1000 1396 1039 1426 Z.
1062 1396 1164 1427 Both.
1180 1396 1358 1428 Pe1·1.-—55
1383 1398 1515 1429 Paulum
1533 1400 1560 1430 si

106 1440 183 1463 cum
200 1432 336 1463 Donato
352 1442 427 1474 per,
443 1434 597 1473 multum,
609 1436 775 1476 explicem,
792 1446 911 1468 sensus
923 1438 985 1469 loci
1004 1438 1141 1478 quidem
1159 1439 1300 1478 patitur,
1315 1439 1375 1470 secl
1392 1446 1561 1481 repugnat

104 1483 186 1505 usus
200 1475 372 1515 loquendi.
418 1477 616 1516 Legendum
639 1488 712 1509 esse
733 1488 909 1511 censemus
925 1481 1049 1518 Hilam,
1067 1481 1156 1522 quod
1177 1486 1229 1512 est
1257 1483 1393 1514 Luci-et.
1413 1492 1467 1514 111.
1483 1487 1558 1515 881.

106 1517 203 1547 Bent.
245 1517 314 1548 Sed
330 1518 378 1549 sic
395 1519 498 1549 etiam
525 1519 605 1550 alibi
623 1522 764 1552 Noster.
789 1522 887 1552 Both.
931 1522 998 1563 Ap.
1014 1523 1156 1554 Terent.
1202 1525 1315 1555 Hilum
1331 1526 1448 1557 nullibi
1464 1526 1558 1559 inve-

107 1558 214 1590 nitur.
236 1559 325 1592 Perl.
370 1560 408 1592 Si
423 1571 463 1592 ex
474 1571 503 1592 α.
518 1561 660 1600 astutias
675 1562 792 1595 Guelf.
809 1567 929 1596 3.-56
953 1566 1081 1597 Natura
1095 1566 1148 1597 ubi
1161 1566 1230 1604 fert
1254 1567 1358 1599 Both.

488 1810 691 1854 ACTUS
724 1813 810 1854 IV.
870 1814 1076 1856 SCENA
1107 1815 1164 1856 V.

539 1932 702 1962 CRITO.
736 1934 900 1964 MYSIS.
932 1936 1113 1966 DAVUS.

102 1997 188 2039 CR.
222 1997 280 2038 IN
303 1997 384 2038 hac
405 1998 630 2041 habitasse
647 2001 795 2065 Riatea
815 2002 979 2043 dictum
997 2003 1050 2044 ’st
1071 2003 1355 2057 Chrysidem:

101 2064 216 2114 Quae
239 2077 336 2104 sese
358 2064 584 2106 inhoneste
606 2068 777 2119 optavit
796 2081 947 2121 parere
965 2069 1038 2110 hic
1060 2071 1238 2111 divitias

97 2130 274 2181 Potius,
295 2144 429 2185 quam
447 2132 490 2173 in
511 2132 653 2186 patria
671 2132 856 2175 h‘oneste
875 2148 1047 2190 pauper
1067 2137 1231 2179 vivere.

140 2260 206 2291 CR.
229 2260 317 2292 Mihi
330 2261 448 2293 dictum
460 2264 506 2292 est
521 2262 556 2293 in
570 2262 626 2293 hac
640 2263 743 2303 platea
758 2262 912 2295 habitasse
931 2264 1125 2305 Chrysidem,
1139 2275 1206 2306 qaae
1221 2267 1330 2298 maluit
1354 2267 1403 2297 hic
1417 2267 1550 2299 Athenis

97 2304 232 2344 turpiter
246 2304 375 2335 divitius
389 2305 546 2345 acquirere
556 2315 570 2342 ;
595 2316 688 2346 qaam
706 2306 829 2347 pudice,
855 2307 889 2337 in
910 2308 1018 2347 patria
1030 2309 1151 2349 Andro,
1174 2319 1292 2350 pauper
1314 2310 1426 2341 vivere·
1471 2311 1550 2349 Ejus

703 2396 943 2409 oeeeeeeaeuu

137 2467 156 2496 1
180 2464 236 2496 Ab
251 2466 316 2497 hac
331 2466 443 2498 Scena
459 2466 586 2499 Actum
602 2468 756 2508 quintum
772 2468 899 2501 ducere
916 2469 1049 2501 initium
1065 2470 1175 2501 nullus
1190 2469 1321 2511 dubito,
1339 2472 1391 2502 vel
1409 2481 1451 2502 ex
1473 2472 1547 2503 Cri-

96 2507 188 2538 tonis
202 2517 361 2548 persona,
374 2511 469 2550 cujus
481 2510 648 2541 adventus
664 2512 910 2552 catastrophen
928 2512 1025 2551 facit,
1039 2513 1208 2553 solvitque
1223 2522 1372 2544 errorem
1384 2514 1545 2546 omnium.

89 2549 187 2580 Idem
200 2551 437 2592 antiquissima
448 2561 550 2583 manu
562 2554 747 2594 ascriptum
764 2560 818 2586 est
830 2555 903 2585 EV.
917 2557 946 2585 1.
962 2556 1126 2587 West.—2
1145 2556 1230 2586 Mss.
1248 2556 1384 2597 quidam
1401 2562 1436 2587 et
1448 2557 1545 2596 editi,

92 2601 214 2632 parare.
251 2593 321 2624 Sed
333 2594 372 2624 τὸ
395 2604 504 2635 parere
531 2604 572 2625 ex
590 2595 705 2626 Probo
722 2596 877 2628 vindicat
894 2598 970 2628 Riv.
989 2597 1193 2638 admisitque
1209 2599 1242 2628 in
1258 2608 1352 2629 suam
1370 2599 1425 2630 ed.
1448 2602 1543 2631 1536.

93 2634 139 2665 Et
154 2644 235 2666 sane
248 2636 492 2668 Terentianum
509 2637 616 2678 magis
632 2643 699 2669 est.
723 2639 772 2670 Id.
818 2640 866 2670 Ut
886 2640 895 2657 ‘
914 2639 1067 2681 pauper'
1095 2641 1269 2681 sequentis
1296 2651 1412 2672 versus
1438 2643 1544 2682 possit

93 2686 207 2708 casum
223 2679 464 2711 nominativum
480 2680 649 2719 obtinere,
676 2690 798 2722 sequor
821 2682 1004 2713 lectionem
1024 2682 1100 2713 cod.
1119 2684 1176 2714 ubi
1206 2693 1269 2724 pro
1290 2694 1352 2715 sese
1364 2694 1476 2724 parare
1493 2694 1543 2714 re-

91 2719 292 2759 peritursibi
304 2731 423 2761 parere.
469 2722 667 2754 Praesertim
684 2733 759 2755 eum
776 2733 892 2755 omnes
903 2726 962 2756 Fa.
986 2725 1136 2756 habeant
1147 2736 1265 2766 parere.
1290 2727 1393 2757 Bent.
1424 2728 1544 2758 Parare

93 2762 131 2794 Z.
158 2763 236 2798 Quoe
247 2764 405 2797 inhoneste
418 2775 528 2806 parere
542 2776 573 2798 se
588 2766 637 2798 hic
653 2768 769 2807 optavit
782 2768 909 2799 divilias
932 2769 1031 2800 Both.
1071 2769 1181 2801 Ditias
1205 2770 1272 2801 vult
1287 2769 1438 2801 Gov.—3
1457 2770 1542 2800 Paa-
