1903 3306
570 234 774 264 ANDRLE
808 233 915 263 Ac'r.
942 234 986 264 v,
1020 234 1088 264 sc.
1121 235 1185 263 tv.
1512 226 1596 266 351

148 328 235 370 ΡΑ.
268 330 330 371 Ni
352 333 543 370 metuam
563 332 742 382 patrem,
774 328 913 370 habeo
943 340 1023 382 pro
1053 328 1130 368 illa
1156 340 1199 368 re
1221 329 1344 369 illum
1365 329 1484 381 quod
1507 343 1598 370 mo-

319 409 447 437 neam
469 396 622 449 probe.
1544 398 1598 437 15

146 463 216 505 Sl.
267 463 569 517 Sycophanta.
631 464 717 505 CR.
765 463 905 503 Hem!
968 462 1056 503 CH.
1088 462 1179 524 ΒΔΕ,
1222 461 1357 513 Crito,
1397 467 1465 504 est
1499 464 1596 505 hic:

315 533 454 573 mitte.
515 531 602 572 CR.
631 530 799 572 Videat
819 531 896 603 (Εἰ
918 531 1017 572 siet,

146 604 196 645 Si
216 604 322 645 mihi
343 606 498 659 pergit,
528 618 629 658 quae
658 605 759 654 volt,
779 604 952 654 dicere3
987 617 1053 654 ea,
1076 616 1175 656 quae
1195 615 1286 643 non
1307 602 1414 651 volt,
1435 602 1595 644 audiet

144 670 240 723 Ego
276 672 400 734 isgaeo
431 685 601 721 moveo,
633 677 710 713 aut
740 672 877 713 curo‘?
909 684 998 711 non
1029 676 1079 711 tu
1113 674 1232 711 tuum
1269 670 1431 711 malum
1466 683 1596 723 aequo

315 739 463 780 animo
485 739 595 780 feres
609 740 628 779 't

146 805 278 856 Nam,
300 819 381 866 egg
401 819 500 859 quae
524 806 637 856 dico,
660 819 766 847 vera
787 819 843 846 an
860 805 976 846 falsa
991 804 1198 856 audieris,
1214 805 1307 858 jam
1324 805 1424 846 sciri
1439 808 1597 858 potest.

147 872 323 915 Atticus
363 873 544 927 quidam
584 875 688 915 olim
728 873 831 915 navi
866 873 1006 913 fracta
1038 873 1159 926 apud
1194 872 1394 914 Andrum
1427 872 1596 926 ejectus

316 943 396 990 est,
1542 939 1598 979 20

144 1007 199 1048 Et
218 1007 371 1048 isthaec
392 1020 479 1048 una
500 1020 641 1060 parva
661 1008 783 1059 virgo
801 1020 810 1047 ε
834 1010 925 1047 tum
947 1006 1020 1046 ille
1042 1018 1172 1058 egens
1195 1005 1307 1047 forte
1330 1005 1528 1059 applicat

143 1074 344 1115 Primum
377 1074 433 1115 ad
470 1074 700 1128 Chrysidis
731 1078 895 1128 patrem
929 1086 989 1114 se.
1049 1073 1116 1113 Sl.
1149 1073 1368 1114 Fabulam
1389 1074 1598 1126 inceptat.

314 1140 403 1181 CH.
434 1141 555 1181 Sine.

142 1206 228 1248 CR.
262 1208 389 1271 [tane
412 1221 512 1249 vero
540 1208 777 1249 obturbat?
839 1208 926 1249 CH.
961 1207 1111 1260 Perge.
1175 1205 1263 1247 GR.
1294 1206 1410 1248 Tum
1432 1207 1470 1248 is
1491 1207 1596 1249 mihi

314 1280 531 1328 cognatus
552 1275 655 1324 fuit,

139 1382 214 1423 quid
228 1383 382 1414 commode
399 1383 524 1415 Critoni
546 1383 578 1414 in
602 1383 782 1414 memoriam
806 1385 963 1422 reducam,
985 1393 1039 1423 pro
1056 1384 1109 1415 illa
1126 1393 1159 1413 re
1175 1394 1265 1424 quam
1280 1383 1387 1423 objicit
1401 1387 1500 1423 pater.
1547 1384 1598 1416 St.

142 1426 366 1457 Calumniator.
411 1426 476 1457 CR.
502 1426 597 1463 Hem,
625 1437 710 1458 mene
735 1427 836 1457 vocari
851 1426 1102 1458 calumniatorem
1116 1430 1243 1466 patiar?
1289 1427 1358 1458 CH.
1377 1426 1461 1458 Sica
1483 1430 1598 1458 natura

129 1468 240 1505 sactus
265 1472 310 1500 est
327 1468 425 1509 Simo,
451 1470 609 1499 vehemens
629 1473 659 1500 et
685 1470 859 1500 iracundus.
907 1469 1003 1500 Hunc
1025 1470 1134 1500 omitte
1159 1473 1189 1500 et
1214 1479 1333 1509 sperne.
1378 1470 1444 1501 CR.
1473 1470 1596 1501 Viderit

139 1511 239 1551 qualis
253 1511 318 1551 ipse
333 1512 387 1542 sit.
432 1511 470 1542 Si
485 1515 654 1551 perseveret
670 1522 737 1552 ‹121ae
752 1513 817 1542 vult
831 1511 944 1551 probra
964 1515 994 1542 et
1016 1513 1155 1542 convicia
1170 1514 1283 1551 (licere,
1307 1523 1343 1543 ea
1359 1522 1425 1552 quae
1451 1522 1508 1542 non
1531 1513 1597 1543 vult

139 1554 257 1584 invitus
270 1553 386 1585 audiet.
432 1555 540 1593 Egone
554 1553 610 1584 lias
624 1556 661 1585 de
677 1555 794 1594 nuptiis
809 1555 915 1585 turbas
929 1555 1043 1592 excito,
1066 1558 1120 1585 aut
1135 1555 1213 1595 fieri
1236 1554 1335 1586 curo?
1359 1565 1457 1585 nonne
1472 1556 1595 1593 malum,

139 1597 219 1635 quod
230 1601 358 1636 propter
361 1596 469 1637 filium
484 1596 542 1627 tibi
563 1598 689 1636 accidit,
704 1601 733 1628 te
744 1598 902 1637 patienter
909 1596 999 1634 ferre
1013 1601 1143 1637 oportet,
1159 1608 1217 1628 non
1233 1598 1305 1627 aliis
1319 1597 1492 1637 imputare?
1512 1598 1597 1628 Nom

138 1640 176 1669 de
191 1638 251 1676 his,
265 1648 332 1679 quoe
347 1639 428 1678 dixi,
437 1639 506 1677 jam
519 1639 594 1670 sciri
606 1643 719 1679 potest,
734 1644 838 1670 utrum
853 1650 935 1678 vera,
950 1650 989 1670 cm
999 1640 1087 1678 falsa
1102 1640 1165 1670 sint
1193 1650 1241 1678 ea,
1257 1650 1324 1680 quoe
1339 1650 1357 1670 a
1372 1650 1420 1670 me
1433 1640 1595 1671 audivisti.

142 1681 279 1716 Quidam
293 1681 494 1712 Atheniensis
515 1681 683 1721 naufragio
703 1681 791 1721 facto
814 1684 854 1713 ad
870 1683 1011 1713 Andrum
1027 1683 1140 1722 ejectus
1156 1686 1214 1722 est,
1230 1686 1321 1722 atque
1336 1693 1397 1713 una
1413 1683 1485 1720 ista,
1498 1692 1596 1722 parva

138 1726 223 1762 tunc,
243 1724 332 1763 virgo
344 1735 354 1754 :
375 1727 442 1755 tum
457 1726 509 1755 ille
523 1735 636 1763 egenus
649 1725 784 1755 omnium
800 1735 902 1756 rerum
921 1725 1009 1763 forte
1031 1735 1061 1756 se
1085 1726 1194 1765 recipit
1212 1729 1239 1755 et
1255 1725 1393 1764 applicat
1408 1727 1449 1755 ad
1467 1725 1596 1766 Chrysi-

137 1766 187 1796 dis
213 1769 346 1806 patrem.
390 1768 438 1797 Sl.
463 1767 614 1798 Fabulam
644 1767 754 1806 incipit
784 1777 925 1798 narrare.
981 1768 1048 1798 CH.
1072 1767 1149 1798 Sine
1180 1778 1248 1798 eum
1277 1768 1368 1808 loqui.
1415 1768 1479 1798 CR.
1505 1768 1595 1799 Itane

137 1808 216 1839 milti
232 1809 433 1850 interrumpit
447 1808 642 1842 sermonem?
686 1811 754 1842 CH.
779 1810 894 1849 Perge.
942 1811 1006 1842 CR.
1029 1810 1074 1849 Is,
1100 1811 1152 1851 qui
1177 1814 1250 1841 tunc
1273 1821 1341 1841 eum
1364 1810 1495 1851 hospitio
1510 1820 1595 1842 exce-

750 1900 986 1911 eeeeeeeeeeee

137 1963 254 2004 quam?
286 1968 332 1995 est
366 1974 435 1995 tero
466 1965 537 1995 huic
563 1965 757 2003 credendum,
781 1966 923 1997 Chreme.
960 1966 1085 2003 Evenit,
1117 1965 1251 2005 plurimi
1279 1975 1320 1996 ex
1343 1965 1487 1996 nostris:
1514 1967 1595 1998 Noli

137 2016 214 2038 cum
231 2008 291 2038 Fa.
310 2017 371 2047 per
387 2008 689 2047 interrogationem
706 2007 838 2047 efferre,
862 2012 907 2039 est
928 2018 998 2039 vero
1015 2009 1086 2038 huic
1101 2007 1307 2039 credendum?
1342 2009 1459 2049 Longe
1476 2010 1594 2040 melius

137 2055 192 2080 est
217 2059 276 2090 per
302 2050 462 2080 ironiam.
486 2050 582 2080 Bent.
629 2051 670 2081 R.
694 2051 747 2081 Ita
763 2054 891 2090 attemp.
915 2051 1012 2082 Lind.
1057 2051 1250 2081 Bentleium
1278 2052 1411 2083 omnino
1439 2053 1594 2092 sequitur

139 2092 232 2124 Peri,
259 2092 361 2123 Both.
390 2101 534 2133 quoque,
555 2096 698 2132 excepto
723 2094 812 2134 quod
829 2093 1020 2131 interrogat
1042 2098 1122 2132 post
1146 2094 1155 2110 ⁵
1174 2094 1342 2125 Chreme!
1389 2095 1505 2125 Evenit
1533 2095 1594 2126 dat

138 2134 198 2165 ΒΓ.
240 2135 408 2166 Attentate
433 2144 494 2175 pro
518 2138 646 2175 attemp.
673 2135 789 2166 Guelf.
808 2138 838 2167 1.
879 2136 909 2166 Α
937 2135 1052 2166 Guelf.
1068 2139 1098 2166 2.
1123 2135 1220 2167 abest
1245 2136 1347 2167 hodie.
1402 2137 1499 2168 Idem
1525 2138 1594 2169 Ms-

137 2177 276 2209 exhibet
299 2187 373 2217 ergo
401 2187 463 2218 pro
489 2181 657 2208 verm—17
684 2178 802 2217 Perget
830 2178 901 2209 ΕΡ.
928 2179 1022 2209 West.
1067 2179 1197 2210 Omnes
1221 2184 1348 2219 praeter
1365 2189 1468 2210 unum
1485 2182 1592 2211 nostri

133 2224 267 2260 perget;
282 2226 318 2251 et
331 2221 378 2251 sic
391 2220 480 2252 Edd.
495 2224 580 2251 vett.
613 2221 733 2251 Recte.
779 2221 899 2262 Neque
916 2222 1029 2260 aliter,
1046 2221 1161 2256 credo,
1178 2222 1250 2260 ipse
1268 2222 1440 2262 Faernus3
1464 2223 1524 2254 sed
1551 2233 1591 2254 eo

136 2263 319 2294 deventum
335 2268 401 2300 est,
416 2267 453 2294 ut
471 2263 523 2293 vel
539 2263 662 2294 menda
682 2263 946 2304 Typographica
962 2273 1025 2304 pro
1042 2263 1216 2295 Bembinis
1233 2264 1404 2296 thesauris
1420 2266 1592 2305 accipian-

135 2309 203 2336 tur.
225 2307 320 2337 Bent.
366 2306 453 2336 Mihi
476 2307 504 2337 si
527 2309 635 2346 perget
660 2306 763 2337 Both.
810 2307 928 2346 Perge-t
944 2307 1091 2338 Br.—18
1115 2306 1237 2338 Omnis
1263 2308 1312 2338 vis
1329 2308 1431 2339 estin
1447 2309 1491 2349 τῷ
1508 2309 1590 2347 Ego,

136 2358 237 2388 quam
256 2358 372 2380 vocem
389 2348 492 2380 nimia
507 2349 649 2380 licentia
665 2349 779 2389 rejicit
795 2349 886 2390 Guy.
914 2350 1014 2381 West.
1059 2349 1170 2380 BIetuo
1187 2351 1270 2381 Mss.
1288 2351 1401 2381 Moneo
1426 2351 1468 2381 al.
1494 2351 1591 2382 Lina.

136 2391 209 2422 Non
226 2395 261 2422 tu
275 2395 341 2427 tua,
356 2393 483 2430 malum,
499 2402 548 2422 an.
563 2402 621 2432 oeq.
637 2390 725 2429 feres
739 2392 842 2423 Both.
889 2392 937 2423 Tu
953 2393 1051 2423 abest
1075 2402 1094 2423 a
1122 2391 1240 2424 Guelf.
1257 2395 1377 2424 3.—19
1402 2393 1487 2424 Mss.
1518 2395 1590 2435 qui-

135 2433 216 2464 dam
244 2439 279 2464 et
303 2434 384 2465 editi
415 2435 631 2474 vetustiores,
656 2435 690 2465 in
721 2434 843 2475 quibus
866 2434 964 2467 Junt.
981 2435 1141 2466 exhibent
1159 2436 1242 2467 dixi.
1288 2436 1411 2477 Neque
1428 2436 1590 2467 videntur

133 2478 217 2507 satis
235 2481 313 2516 apte
331 2478 501 2508 cohaerere
519 2487 667 2517 praesens
683 2477 752 2508 dico
768 2482 803 2508 et
821 2478 1033 2518 praeteritum
1054 2478 1202 2509 audieris.
1239 2477 1371 2510 Faerno
1388 2483 1500 2510 tamen
1518 2481 1588 2520 pla-

134 2525 189 2550 cet
203 2519 242 2549 τὸ
255 2520 335 2550 dico.
380 2520 412 2550 si
429 2520 502 2559 quis
520 2520 726 2560 pertinacius
742 2518 907 2551 defendat
921 2520 959 2551 τὸ
974 2520 1053 2558 dico,
1080 2530 1146 2551 non
1171 2521 1361 2560 intercedo,
1385 2521 1486 2553 modo
1513 2532 1589 2554 cum

134 2561 232 2593 Bem.
250 2562 350 2592 simul
375 2563 506 2602 legatur
530 2563 692 2594 audierim.
709 2563 816 2594 West.
869 2563 950 2594 Dico
967 2563 1057 2602 apud
1072 2564 1179 2594 solum
1197 2564 1291 2594 Beni.
1308 2568 1372 2595 est·
1412 2565 1588 2604 Audierint,

134 2605 238 2635 etiam
255 2605 354 2635 CCC.
370 2605 460 2645 qnod
479 2609 600 2645 postea
615 2605 859 2645 interpolatum
875 2605 1022 2636 audieris.
1069 2604 1175 2647 Atqui
1191 2610 1285 2637 recte
1301 2606 1419 2638 habuit
1443 2617 1464 2638 a
1487 2617 1588 2638 manu

135 2647 258 2687 prima,
274 2648 438 2687 audierim,
453 2657 495 2678 ex
515 2647 641 2678 Phania
658 2647 801 2678 scilicet.
826 2648 922 2679 Bent.
960 2647 1124 2678 Audierim
1141 2648 1233 2680 Peri.
1251 2649 1341 2689 quod
1360 2648 1449 2680 forte
1464 2651 1587 2680 maium

68 2686 77 2690 ⁴
135 2698 268 2720 sensum
285 2690 480 2728 nonhabet,
499 2689 619 2730 judice
644 2690 703 2721 Fa.
749 2690 832 2721 Diaez·
858 2691 916 2722 Br.
942 2689 1059 2722 Guelf.
1085 2693 1202 2722 2.-20
1225 2691 1317 2730 Apud
1342 2693 1495 2723 Andrum.
1532 2693 1588 2723 lta

135 2732 227 2763 edidi
244 2742 286 2763 ex
304 2734 389 2764 Mss.
406 2732 616 2772 quibusdam,
629 2738 665 2764 et
682 2733 972 2773 praestantissimis
986 2733 1108 2772 editis;
1125 2734 1184 2764 sed
1199 2739 1233 2765 et
1248 2735 1421 2765 Prisciano
1433 2740 1588 2770 auctore,

135 2774 223 2806 lust.
239 2776 391 2807 Gramm.
407 2776 465 2807 lib.
477 2784 543 2806 vu.
588 2775 670 2815 Alii,
685 2777 734 2807 ad.
750 2776 857 2808 West.
903 2776 1022 2808 Nostri
1039 2785 1153 2808 omnes
1167 2778 1257 2816 apud.
1301 2777 1367 2808 Sed
1382 2783 1474 2809 recte
1491 2779 1586 2809 Beni.
