1903 3306
541 244 768 275 EUNUCHl
802 244 912 274 Ac‘r.
946 244 1017 274 111.
1051 245 1121 276 sc,
1154 247 1183 276 1.
1503 241 1589 282 449

131 336 382 380 Continuo:
402 340 622 393 siquando
642 341 717 382 illa
741 341 874 390 dicet,
898 340 1149 382 Phaedriam

131 404 480 447 Intromittamus
503 408 835 448 commissatum
856 421 866 449 ε
887 411 949 457 tn,
973 407 1252 461 Pamphilam

130 471 365 513 Cantatum
386 487 694 526 provocemus.
755 475 803 515 Si
821 475 1028 516 laudabit
1047 475 1144 516 haec

129 539 258 580 Illius
277 539 478 590 formam,
498 546 548 582 tu
569 541 703 595 hujus
725 548 891 583 contra.
951 542 1157 597 Denique

127 605 220 646 Par
233 607 329 660 pari
344 607 525 660 referto;
547 609 666 662 quod
685 622 783 650 eam
800 609 1012 651 mordeat.
1532 614 1589 653 55

126 671 218 713 TH.
249 672 480 727 Siquidem
502 688 571 715 me
587 680 770 724 amaret,
792 680 885 717 tum
907 677 1022 718 istuc
1045 666 1296 730 prodesset,
1315 678 1509 721 Gnatho.

127 738 221 780 GN.
253 739 448 791 Quando
469 743 596 792 iliud,
613 743 732 797 quod
754 747 800 784 tu
822 744 915 794 das,
936 749 1158 798 expectat,
1183 749 1316 799 atque
1338 751 1479 788 amat:

125 806 401 850 ‚Iamdudum
418 814 462 850 te
484 814 615 862 amat,
635 810 901 865 jamdudum
922 811 988 851 illi
1007 811 1140 853 facile
1162 811 1224 862 fit,

122 915 254 947 minabit
270 917 459 954 Phoedriam,
476 922 511 949 tu
525 919 606 950 illico
621 920 745 950 nomina
759 919 976 959 Pamphilam.-
999 920 1147 960 siquando
1165 921 1224 951 illa
1239 921 1339 952 dicet.-
1366 922 1583 953 Comissatiom·

123 958 305 991 Phoedriam
325 961 523 992 adhibeamus
535 973 548 999 ,·
571 965 606 992 t'u
620 962 670 993 dic
684 962 821 993 vicissim
833 975 843 994 .-
864 963 1061 1003 Pamphilam
1075 963 1236 994 incitemus
1249 965 1289 994 ud
1304 966 1499 995 cantandum.
1545 965 1582 996 Si

122 999 188 1031 hoec
203 1002 343 1034 laudabit
358 1003 598 1042 illiusformam,
621 1008 656 1036 tu
674 1006 766 1044 hujus
779 1004 987 1047 (Pamphilae)
993 1006 1133 1043 sormam
1148 1007 1249 1037 landa.
1297 1007 1364 1037 Par
1373 1009 1444 1047 pari
1461 1008 1583 1048 referto,

121 1045 201 1083 quod
221 1054 288 1076 eam
305 1050 469 1086 repungat.
513 1048 580 1078 ΤΗ.
605 1047 642 1078 δι’
659 1049 781 1088 quidem
803 1059 850 1079 me
877 1048 973 1079 'I'ltaz's
997 1052 1128 1088 amaret,
1154 1053 1220 1079 tum
1233 1051 1318 1080 istud
1332 1050 1404 1081 utile
1419 1055 1498 1081 esset
1512 1061 1582 1081 con-

119 1086 237 1126 silium,
255 1089 393 1120 Gnatho.
438 1089 510 1121 GN.
535 1091 667 1125 Quando
682 1091 736 1121 illa
752 1095 805 1122 tua
820 1092 898 1122 dona
912 1091 1067 1123 desiderat
1082 1096 1171 1132 utque
1190 1096 1287 1130 amat,
1307 1092 1494 1130 jamdudum
1509 1104 1580 1133 quo-

121 1138 179 1169 que
193 1136 277 1162 unua
300 1134 342 1173 te,
349 1132 536 1171 jamdudum
539 1133 638 1171 facile
653 1134 812 1172 estfacere
827 1134 947 1174 aliquid
959 1134 1000 1174 ei,
1015 1145 1055 1166 ex
1070 1145 1128 1176 quo
1141 1135 1273 1166 dolorem
1287 1136 1398 1176 cupiat.
1449 1136 1581 1167 Timebit

730 1229 930 1241 “mute
934 1230 973 1241 ee*

120 1289 305 1322 Bent.--50
328 1292 549 1325 Nominat-erit
565 1294 715 1325 M.—52.
732 1297 772 1326 53
799 1296 1011 1326 Comessatum
1033 1295 1092 1327 int.
1109 1296 1285 1335 scripsisse
1311 1295 1507 1327 Terentium
1525 1305 1578 1327 ra-

119 1333 167 1363 tio
182 1333 311 1366 indicat
333 1337 471 1368 senarii.
496 1337 576 1367 Gov.
610 1338 863 1368 commessatum.
881 1339 925 1370 V.
942 1343 978 1369 et
994 1338 1073 1369 Bas.
1097 1339 1307 1369 commisatum
1330 1339 1454 1369 habet:
1480 1339 1578 1370 item-

120 1385 187 1416 que
202 1377 399 1419 Bembinus,
415 1379 476 1410 sed
500 1379 528 1410 is
545 1389 607 1420 per
623 1380 690 1411 duo
712 1390 737 1412 s.
763 1381 821 1411 Fa.
869 1381 916 1411 Tu
932 1381 1021 1411 ultra
1038 1386 1183 1412 metrum
1199 1382 1363 1412 excurrit.
1413 1381 1476 1413 Cui
1493 1383 1577 1413 vitio

121 1423 158 1449 ut
171 1424 381 1461 occurratur,
406 1422 458 1452 vir
474 1423 630 1453 eruditus
655 1428 734 1462 post
750 1424 833 1454 alios
851 1424 891 1454 In
914 1423 1123 1464 praecedenti
1141 1425 1252 1455 versui
1276 1424 1436 1465 apponit;
1463 1429 1500 1455 ut
1528 1425 1578 1456 sic

118 1461 265 1502 legatur,
279 1463 462 1495 Phaedriam
476 1466 752 1496 ivl-Tramittamus
765 1468 1011 1497 commissatum.-
1035 1470 1071 1496 ιιι
1090 1467 1297 1507 Psitnphilum.
1345 1468 1467 1498 Nonne
1485 1468 1576 1499 belle

117 1505 245 1536 cadunt
260 1509 445 1538 accentus?
475 1508 604 1540 Quanti
620 1513 684 1547 est,
711 1519 754 1539 ex
773 1509 909 1540 Horatii
926 1513 1101 1549 praecepto
1118 1519 1183 1540 non
1202 1510 1318 1549 digitis
1334 1510 1448 1549 modo,
1465 1511 1523 1541 sed
1542 1516 1577 1542 et

119 1556 201 1577 aure
215 1548 404 1589 legitimum
430 1561 548 1581 sonum
565 1551 715 1582 callere?
741 1552 861 1583 Nostri
878 1551 948 1582 fere
966 1561 1082 1582 onmes
1108 1562 1182 1582 cum
1206 1553 1294 1584 Edd.
1319 1558 1406 1583 vett.
1434 1563 1501 1583 non
1518 1563 1577 1594 ag-

118 1597 265 1622 noscunt
281 1591 363 1622 iliud
380 1596 427 1624 lu.
474 1594 594 1624 Recte.
639 1594 696 1624 Sic
721 1604 803 1634 ergo
828 1596 920 1625 iocus
945 1595 1204 1625 constituendus
1229 1600 1290 1633 est,
1306 1596 1442 1626 minima
1466 1601 1577 1627 muta-

119 1632 213 1663 tione
228 1644 236 1664 :
260 1636 476 1666 comissatum.-
501 1636 698 1676 Pamphilum
715 1638 862 1676 Cautum,
878 1640 924 1676 tu,
937 1647 1145 1677 provocemus·
1172 1638 1322 1668 Comissnt
1328 1648 1389 1677 um,
1406 1648 1471 1669 non
1495 1649 1574 1669 com-

115 1675 287 1707 missatum.
333 1676 436 1718 Apud
454 1679 526 1709 Cic.
552 1680 617 1718 Ep.
647 1680 741 1710 Fam.
757 1689 780 1711 ῐ.
796 1683 827 1711 9.
851 1681 883 1710 iii
900 1689 960 1710 sex
984 1689 1102 1710 versus
1120 1680 1347 1720 adducuntur,
1363 1681 1420 1711 ubi
1443 1682 1573 1712 editum

116 1723 183 1757 est,
203 1719 248 1750 Tu
261 1719 462 1760 Pamphilam
474 1722 641 1752 Cantatum
654 1732 861 1761 provocemus.
887 1723 1084 1761 Excutiam,
1100 1723 1221 1763 quibus
1238 1723 1337 1763 copia
1361 1729 1424 1762 est,
1442 1729 1575 1755 veteres

115 1760 164 1791 ibi
187 1761 335 1792 codices.
358 1763 454 1794 Bent.
471 1765 724 1805 Commissatum]
749 1765 856 1805 Origo
874 1770 911 1796 et
925 1765 1096 1796 scribendi
1111 1766 1198 1796 ratio
1216 1767 1319 1804 varia,
1337 1776 1434 1806 quam
1447 1767 1574 1808 disqui—

116 1804 160 1834 rit
175 1804 314 1835 Vossius
329 1805 362 1835 in
385 1806 578 1846 Etyniolog.
599 1808 696 1837 West.
735 1809 821 1838 Com.
837 1807 1000 1839 formatur
1017 1818 1034 1838 a
1050 1807 1211 1848 κωμάζειν,
1228 1814 1264 1839 et
1282 1809 1409 1839 rectius
1425 1812 1573 1849 persini-

116 1845 196 1885 plex
212 1857 243 1878 m
258 1848 432 1879 scribitur.
451 1849 493 1880 R.
520 1850 566 1880 D.
591 1849 701 1880 Abest
718 1854 751 1881 tu
768 1861 787 1880 a
804 1851 842 1881 C.
860 1851 956 1881 Both.
982 1852 1023 1881 Et
1035 1861 1053 1881 a
1071 1852 1128 1881 ΒΓ.
1143 1852 1200 1892 qui
1217 1862 1292 1882 cum
1311 1851 1428 1883 Guelf.
1446 1855 1476 1883 3.
1493 1863 1572 1883 com-

115 1892 252 1921 essatum
273 1890 392 1930 haber,
409 1896 445 1922 et
461 1893 550 1922 solus
565 1892 783 1924 Intromittum
799 1894 949 1925 exhibet.
976 1894 1183 1924 comissatum
1209 1895 1267 1925 int.
1294 1894 1352 1924 dat
1376 1894 1428 1925 ed.
1445 1895 1572 1935 Delph.

117 1931 191 1962 Dat
210 1933 356 1964 Bothius
382 1934 651 1966 Intromiltamus:
673 1936 768 1966 comis
783 1939 850 1973 est;
879 1940 925 1975 tu,
948 1938 1085 1976 5·0.—55
1109 1937 1269 1968 Sanctius
1286 1937 1319 1967 in
1345 1937 1503 1968 Minerva
1521 1948 1571 1969 lv.

116 1976 148 2004 6.
174 1984 252 2015 pag.
281 1978 358 2007 684.
383 1978 445 2016 ait,
476 1978 654 2016 peritiores
672 1979 809 2018 legere:
834 1979 904 2010 Pur
924 1989 982 2019 pro
1000 1980 1084 2020 puri.
1129 1981 1174 2010 Et
1198 1989 1278 2010 sane
1304 1980 1352 2010 ita
1378 1988 1430 2010 est
1452 1981 1486 2010 in
1504 1982 1572 2011 Ms.

116 2016 210 2057 Lips.
236 2017 367 2050 duobus
378 2020 497 2052 Leidd.
513 2021 601 2061 Eug.
619 2027 654 2052 et
668 2022 742 2053 ΕΡ.
765 2022 850 2052 Tum
868 2027 946 2061 post
962 2022 1060 2053 Lind.
1078 2021 1246 2053 editiones
1261 2032 1398 2062 nuperae
1415 2023 1572 2062 quaedam

115 2058 165 2089 ita
177 2060 350 2093 exhibent.
363 2062 463 2094 Junt.
490 2062 571 2095 Ald.
594 2064 645 2095 St.
661 2065 804 2105 aliaeque
828 2065 1079 2105 probatissimae
1095 2065 1225 2105 legunt,
1244 2072 1280 2096 ut
1297 2065 1399 2096 edidi.
1415 2066 1572 2098 Mordeat.

115 2101 198 2143 Alii,
208 2106 394 2136 remordeat.
441 2106 556 2147 Atque
578 2106 627 2136 ita
643 2110 694 2138 est
721 2108 754 2137 in
772 2117 837 2138 uno
856 2107 952 2139 Leid.
969 2107 1152 2148 laudatque
1174 2118 1192 2138 e
1211 2109 1277 2139 ΜΒ.
1294 2114 1329 2139 et
1346 2109 1467 2139 Servio
1478 2109 1571 2140 Rivi-

115 2154 167 2175 uS.
210 2147 426 2189 Videturque
442 2158 511 2180 non
537 2150 624 2180 male
647 2148 767 2180 inferri
792 2151 831 2180 ad
856 2150 952 2189 illud,
978 2152 988 2167 ⁴
1004 2149 1156 2182 referto.’
1186 2152 1285 2183 IVest.
1332 2152 1399 2182 Par
1418 2161 1474 2192 pro
1498 2152 1571 2192 pari

115 2188 218 2219 estin
235 2191 386 2231 antiquis
412 2191 529 2223 libris:
555 2192 642 2233 quod
667 2197 829 2223 testatum
853 2193 1044 2234 relinquere
1061 2193 1239 2229 voluimus,
1264 2204 1307 2225 ne
1333 2195 1408 2236 quis
1425 2196 1570 2234 amplius

114 2230 204 2262 hanc
218 2232 299 2264 lect.
316 2234 351 2264 in
376 2234 515 2265 dubium
541 2240 652 2267 vocet.
675 2236 732 2266 Fa.
779 2234 810 2265 A
827 2241 973 2275 quatuor
995 2237 1118 2267 nostris
1139 2247 1198 2276 pro
1229 2237 1338 2268 abest.
1384 2237 1488 2277 Apud
1515 2239 1568 2268 Ci-

114 2283 274 2307 ceronem
289 2286 424 2318 quoque
440 2277 474 2308 in
498 2278 637 2309 diversa
658 2278 785 2309 abeunt
813 2278 972 2318 Codices,
997 2289 1078 2320 quos
1097 2279 1313 2320 Interpretes
1339 2279 1385 2310 ibi
1412 2281 1568 2311 consulu·

115 2322 238 2356 ernnt;
262 2318 311 2349 ita
337 2325 450 2351 tamen
473 2325 513 2352 ut
539 2321 651 2361 plures
677 2322 828 2352 habeant
842 2322 911 2352 Par
929 2323 1002 2361 puri
1024 2322 1163 2360 νίψει-ιω
1186 2322 1355 2363 quomodo
1372 2328 1408 2354 et
1429 2324 1568 2354 Servius

115 2359 202 2391 citat
219 2360 262 2391 ad
289 2361 364 2394 AEn.
383 2372 409 2394 1.
438 2366 514 2394 265.
561 2365 704 2395 Frustra
732 2364 898 2404 quaeritur
915 2364 1005 2395 aliud
1031 2365 1211 2395 locutionis
1237 2366 1335 2406 liujus
1361 2367 1566 2406 exemplum,

115 2402 184 2432 Par
193 2413 253 2443 pro
266 2405 338 2444 puri
352 2406 480 2444 referre.
527 2407 596 2437 Cur
608 2407 713 2446 igitur
726 2407 758 2436 in
776 2407 926 2446 ipsorum
944 2407 1097 2438 codicum
1112 2408 1254 2439 dissidio
1269 2418 1333 2438 non
1348 2408 1449 2439 liceat
1470 2418 1568 2449 repo-

113 2454 209 2482 nere,
227 2447 335 2478 Partu
345 2448 419 2488 pari
435 2448 564 2487 referto,
578 2452 658 2489 quod
668 2460 733 2481 eam
749 2448 915 2481 mordeat?
939 2451 1041 2481 Bent.
1085 2450 1154 2480 Par
1166 2461 1223 2491 pro
1246 2452 1317 2490 puri
1332 2451 1458 2481 babent
1474 2453 1520 2483 V:
1532 2457 1569 2483 et

113 2486 162 2518 D.
176 2489 286 2520 Marci
303 2490 390 2523 Fior.
407 2495 498 2523 teste
514 2493 680 2524 Victorio.
724 2492 860 2523 Adsunt
877 2502 979 2532 porro
996 2493 1037 2523 ad
1061 2492 1133 2524 Cic.
1152 2493 1172 2524 l.
1189 2504 1218 2525 c.
1233 2494 1318 2525 Cod.
1339 2494 1465 2525 Medic.
1482 2499 1570 2525 teste

114 2529 158 2561 P.
176 2532 346 2573 Manutio‚
359 2544 427 2565 sec.
443 2540 478 2565 et
492 2540 573 2566 tert.
590 2536 666 2566 Pal.
683 2535 830 2576 itemque
847 2536 1054 2566 meinbrauae
1072 2535 1211 2567 Gruteri
1226 2547 1235 2574 ;
1259 2537 1406 2577 indeque
1423 2540 1570 2577 rescrip-

114 2574 160 2604 sit
173 2574 310 2606 Cortius
325 2578 358 2607 in
374 2577 435 2617 Ep.
452 2578 523 2608 Cic.
542 2579 610 2608 Pur
620 2588 678 2618 pro
690 2579 774 2617 pari,
789 2579 878 2618 quod
896 2579 939 2609 ibi
956 2579 1051 2609 Man.
1067 2583 1103 2609 et
1115 2579 1206 2610 vict.
1221 2580 1370 2610 voluere.
1416 2581 1569 2611 Tandem

113 2618 215 2648 metri
230 2620 318 2650 ratio
341 2625 513 2660 repugnat
529 2622 690 2660 vulgatae.
736 2621 849 2652 Sensit
873 2621 907 2651 id
932 2621 1050 2652 Lanib.
1079 2630 1186 2662 eoque
1213 2627 1337 2661 praeter
1360 2623 1460 2653 codd.
1484 2624 1569 2653 ullos

113 2661 201 2693 fecit
218 2661 284 2692 Par
309 2666 344 2694 tu
369 2663 448 2703 pari.
494 2663 560 2694 Sed
577 2668 612 2694 lu
633 2672 877 2704 supervacuum
906 2663 1007 2694 foret.
1052 2664 1169 2695 Vanus
1202 2666 1305 2695 fient.
1329 2674 1395 2695 non
1425 2665 1570 2696 inveniri

113 2706 306 2745 exemplum
330 2705 511 2737 locutionis
527 2707 644 2737 similis
662 2712 790 2737 nostro.
814 2707 892 2746 Βίρ.
938 2707 1005 2737 Pur
1024 2716 1081 2745 pro
1100 2707 1172 2746 pari
1194 2707 1252 2738 Br.
1278 2708 1317 2738 Z.
1367 2708 1411 2738 Tu
1425 2710 1568 2748 pur-pari

115 2747 244 2788 Delph.
261 2748 363 2779 Both.
408 2749 594 2780 Remordeat
612 2748 727 2780 Guelf.
746 2752 773 2780 1.
790 2755 826 2780 et
853 2749 1064 2789 Deum—56
1088 2750 1178 2780 Istud
1198 2750 1419 2790 l)elpli.—57.
1434 2754 1475 2781 58
1500 2752 1568 2781 Pro

116 2790 248 2826 Quando
262 2791 341 2822 illud
360 2791 419 2822 dat
447 2792 549 2823 Both.
576 2793 678 2828 Quum
693 2793 818 2830 dudum,
833 2793 885 2822 des
907 2802 968 2833 pro
982 2794 1050 2832 daS,
1065 2798 1101 2824 et
1126 2793 1201 2824 Ταιιι
1223 2794 1336 2824 dudum
1355 2803 1414 2834 pro
1436 2794 1565 2825 Jamdu-

199 2844 314 2885 Delph.
330 2849 360 2876 et
379 2845 452 2876 Var.
468 2845 551 2877 Clas.
790 2845 913 2878 Terent.
1413 2848 1432 2877 2
1455 2847 1483 2876 1³
