1903 3306
523 222 726 252 ANDRhE
762 223 870 252 Aer.
902 223 931 251 1.
964 223 1030 252 sc.
1068 225 1107 251 v.
1453 215 1536 256 301<

87 314 202 355 Tum
222 315 359 368 patris
379 315 536 368 pudor,
559 315 635 368 qui
655 328 725 356 me
747 320 838 356 tam
859 316 946 356 leni
969 329 1135 369 passus
1153 315 1380 369 est-*animo
1399 331 1536 370 usque

256 381 415 433 adhuc,

89 449 204 500 Quae
225 463 324 491 meo
359 463 545 503 cumque
578 449 726 490 animo
748 450 933 491 lubitum
950 449 1021 501 ’st,
1043 451 1213 492 facere:
1259 450 1345 491 ein'
1378 464 1457 504 ego
1488 458 1539 492 ut

258 517 501 558 advorser‘?
533 517 603 557 hei
624 517 727 557 mihi
747 518 757 557 l

86 584 307 626 Incertum
323 584 377 626 ’st
398 584 504 638 quid
526 597 667 636 agam.
711 584 761 625 M
769 596 815 626 Υ.
848 586 1019 627 Misera
1038 586 1186 635 timeo,
1214 585 1431 626 incertum
1452 585 1537 626 hoc

255 664 462 705 quorsum
490 651 678 692 accidat.

85 719 175 761 Sed
194 732 309 760 nunc
330 732 527 773 peropus
549 724 632 769 est,
665 724 739 761 aut
758 720 876 761 hunc
908 733 1004 761 cum
1026 721 1144 774 ipsa,
1181 725 1260 761 aut
1281 732 1349 760 me
1368 720 1537 774 aliquid

255 787 311 828 de
334 787 410 828 illa
432 787 671 827 advorsum
693 787 806 828 hunc
829 788 965 841 loqui.
1481 789 1537 828 30

86 854 206 896 Dum
228 854 271 894 in
293 853 428 894 dubio
459 857 526 894 est
555 853 746 904 animus,
777 855 911 908 paulo
943 858 1163 895 momento
1193 854 1280 894 huo
1315 854 1423 895 illuc
1456 855 1537 894 im-

251 921 441 974 pellitur.

87 989 176 1030 PA.
207 987 321 1038 Quis
341 989 411 1030 hic
432 988 660 1041 loquitur?
693 988 857 1042 Mysis,
875 989 1012 1030 salve.
1045 988 1152 1030 MY.
1182 988 1221 1029 Ο
1240 988 1378 1039 salve,
1400 988 1532 1030 Pam-

252 1056 385 1109 phile,
446 1055 534 1096 PA.
567 1055 686 1106 Quid
706 1057 826 1110 agit?
888 1057 990 1098 MY.
1022 1056 1207 1109 Rogas?

81 1122 276 1165 Laborat
294 1137 317 1164 e
337 1123 503 1173 dolore,
526 1127 655 1178 atque
676 1137 733 1165 ex
753 1124 839 1166 hoo
860 1126 1023 1167 misera
1044 1124 1220 1166 solicita
1231 1123 1288 1164 'st
1308 1123 1394 1173 die,

79 1261 139 1292 qua
153 1260 279 1291 urgeor,
294 1255 329 1284 ut
346 1262 472 1285 uxorem
488 1253 647 1294 accipiam,
659 1254 762 1294 patris
787 1253 974 1291 reverentia,
998 1254 1053 1294 qui
1078 1253 1155 1284 mihi
1179 1257 1244 1284 tam
1259 1253 1372 1284 leniter
1391 1253 1534 1294 permisit

80 1303 174 1333 usque
189 1296 229 1325 ud
244 1294 322 1325 hanc
337 1297 417 1328 diem
432 1297 564 1327 arbitrio
580 1307 646 1328 meo
660 1297 772 1327 vivere.
818 1297 870 1327 An
886 1306 943 1335 ego
959 1296 1159 1333 committam,
1175 1300 1208 1326 ut
1225 1296 1253 1327 ei
1268 1298 1411 1327 adverser
1423 1295 1439 1327 sl
1469 1297 1537 1327 Hei

80 1336 187 1368 milti!
208 1337 359 1369 incertum
383 1343 441 1378 est,
464 1340 540 1379 quid
555 1349 658 1379 agam.
704 1340 781 1371 MY.
805 1340 938 1377 IlIisera,
954 1339 1057 1378 timeo,
1070 1350 1128 1379 quo
1144 1340 1250 1370 tendat
1265 1340 1361 1378 istud,
1383 1339 1536 1370 incertum

80 1382 140 1417 est,
155 1383 185 1410 et
201 1389 289 1419 quem
304 1381 424 1412 exitum
439 1381 559 1413 habeat.
604 1381 666 1412 Sed
681 1392 762 1413 nunc
776 1382 911 1413 maxime
928 1391 1002 1421 opus
1017 1386 1075 1421 est,
1096 1385 1150 1412 aut
1176 1382 1371 1422 Pamphilum
1386 1392 1453 1412 cum
1468 1382 1536 1421 ipsa

83 1421 242 1462 Glycerio,
258 1427 312 1454 aut
336 1434 384 1454 me
407 1425 524 1463 aliquid
539 1426 577 1455 de
592 1425 647 1455 illa
661 1426 743 1464 apud
766 1425 846 1455 hunc
873 1425 966 1464 loqui.
1013 1425 1099 1455 Dum
1117 1424 1197 1455 enim
1213 1427 1334 1455 animus
1347 1426 1458 1464 pendet
1481 1426 1537 1455 ‹Ju-

78 1463 159 1503 bius,
174 1465 234 1496 levi
249 1466 380 1506 impulsu
393 1467 425 1497 in
440 1467 518 1498 hunc
533 1468 580 1498 vel
594 1468 680 1498 illam
688 1471 808 1507 partem
820 1468 953 1498 ducitur.
1000 1467 1065 1498 PA.
1086 1467 1165 1502 Quis
1178 1467 1228 1497 liic
1244 1465 1405 1507 loquitur?
1422 1468 1538 1507 Mysis,

77 1507 169 1538 salve.
216 1508 294 1539 Mv.
320 1509 349 1539 0
374 1510 470 1550 salve,
498 1510 671 1550 Pamphile.
715 1510 782 1541 ΡΑ.
811 1510 854 1541 Ut
869 1520 902 1540 se
920 1508 1011 1540 habet
1031 1508 1236 1551 Glycerium?
1281 1511 1359 1541 Mv.
1385 1510 1510 1545 Quaeris
1521 1510 1537 1541 ’.Ι

686 1609 926 1620 οΜΜΝοοορ

79 1666 227 1700 differat.
256 1669 356 1701 West.
403 1670 581 1702 &licitatio
608 1670 691 1701 dant
718 1671 777 1701 ΒΥ.
792 1670 832 1701 Ζ.
852 1670 942 1701 Perl.
962 1669 1149 1702 Both.—27
1174 1670 1266 1701 Leni.
1290 1671 1331 1701 V.
1348 1670 1385 1701 C.
1401 1669 1535 1701 liberali.

65 1710 174 1742 ‘Lind.
223 1712 275 1742 Ne
295 1718 401 1743 totum
419 1713 503 1743 illud
529 1715 538 1730 ‘
554 1713 666 1744 animo
678 1713 687 1727 '
712 1713 744 1743 in
768 1713 883 1752 Thesi,
899 1713 999 1752 plane
1015 1718 1137 1744 contra
1153 1718 1275 1751 artem,
1292 1713 1412 1750 lateat,
1427 1718 1534 1744 trans-

77 1752 131 1783 fer
147 1752 241 1784 ‘est’
270 1759 346 1793 post
371 1756 380 1772 ‘
395 1755 531 1786 animo.’
554 1756 651 1787 Bent.
696 1754 944 1787 Assentiuntur
967 1755 1068 1787 Both.
1084 1760 1118 1785 et
1135 1755 1228 1785 Perl.
1275 1755 1344 1786 Pro
1361 1755 1423 1786 leni
1450 1755 1535 1786 GM.

76 1795 172 1827 dulci.
217 1795 327 1827 Aliter
342 1799 382 1828 ad
398 1797 463 1837 hoc,
490 1807 550 1838 pro
576 1798 686 1836 adhuc,
713 1802 857 1829 notante
876 1799 1020 1828 tin—28
1050 1798 1128 1828 Eine
1145 1796 1262 1829 Guelf.
1281 1801 1309 1828 l.
1349 1799 1390 1828 Ei
1407 1808 1468 1837 pro
1485 1798 1536 1828 hez·

77 1837 137 1868 ΒΥ.
154 1842 187 1869 et
204 1839 297 1869 Perl.
314 1840 372 1880 qui
399 1840 428 1870 ei
454 1849 529 1871 esse
557 1846 653 1872 notat
681 1841 714 1871 in
743 1841 879 1881 plurim.
910 1841 1080 1871 Mss.—29
1104 1840 1233 1871 Omnes
1257 1840 1323 1870 mei
1347 1846 1382 1871 et
1410 1841 1533 1871 Faerni

76 1879 177 1912 codd.
195 1880 323 1913 habent
339 1883 495 1913 Incertum
509 1883 583 1914 hoc.-
608 1888 714 1914 recte.
761 1883 896 1914 Deinde
924 1892 1066 1922 quorsum
1092 1888 1185 1913 muta
1212 1883 1244 1913 in
1269 1893 1409 1923 quorsus,
1433 1883 1533 1914 metri

75 1923 197 1961 gratia.
222 1923 319 1955 Bent.
365 1925 436 1956 Hoc
450 1925 600 1956 incertum
613 1926 652 1956 Z.
701 1926 838 1961 Quorsus
853 1927 1042 1956 Both.—-3o
1066 1925 1157 1963 Lege
1175 1935 1292 1965 peropu
1314 1925 1367 1956 ’st.
1414 1926 1534 1957 Nostri

75 1964 174 1996 codd.
189 1975 305 1997 omnes
321 1967 383 1998 hoc
401 1968 532 2007 ordine,
548 1971 601 1999 aut
617 1969 736 2008 aliquid
752 1970 789 1998 de
804 1969 857 1999 illa
873 1978 931 1999 me.
964 1968 1059 1999 Tolle
1077 1968 1209 2008 aliquid,
1227 1968 1317 2008 quod
1336 1973 1369 1998 et
1388 1968 1533 1999 ineertae

75 2012 127 2038 est
145 2008 249 2047 sedis,
260 2014 296 2039 et
313 2015 479 2049 repugnat
496 2011 622 2042 sensui.
645 2011 740 2041 Bent.
777 2011 834 2042 Set
849 2021 879 2050 p.
892 2021 974 2041 nunc
991 2011 1258 2050 est...autdei1›sa
1273 2021 1319 2042 me
1335 2012 1405 2041 adv.
1430 2011 1534 2041 Both.

75 2050 132 2090 qui
148 2055 265 2082 notat:
291 2054 300 2069 ‘
318 2051 369 2082 De
384 2052 463 2092 ipsa.
508 2053 561 2083 Sic
573 2053 640 2084 Gu.
653 2056 683 2084 l.
697 2053 786 2094 quod
802 2054 998 2084 concinnius
1013 2054 1151 2088 vulgata
1178 2053 1259 2085 leet.
1274 2055 1311 2084 de
1334 2052 1411 2084 illa)
1458 2054 1531 2093 Ipsa

75 2092 177 2123 estin
196 2093 311 2126 Guelf.
335 2096 364 2126 3.
409 2094 471 2126 Sed
494 2105 526 2126 n.
549 2099 801 2135 pei-opust‚...aut
829 2097 866 2126 de
891 2096 946 2126 illa
971 2105 1019 2126 me
1045 2097 1114 2126 adv.
1139 2096 1232 2127 Perl.
1251 2096 1306 2136 qui
1321 2096 1437 2135 aliquid
1454 2102 1532 2136 post

74 2134 84 2151 ‘
101 2135 175 2166 me'
198 2137 363 2167 concinne
389 2137 517 2177 ejicere
545 2138 738 2169 Bentleium
767 2140 983 2168 consen—31
1008 2138 1067 2169 Fa.
1086 2143 1248 2178 testatur,
1265 2139 1437 2169 Donatum
1455 2148 1530 2169 cum

75 2177 229 2208 omnibus
256 2179 350 2209 libris
366 2180 614 2221 antiquioribus
638 2181 765 2220 legere,
793 2182 850 2211 huc
875 2181 923 2211 rel
947 2180 1040 2211 illuc:
1065 2182 1232 2221 quomodo
1258 2186 1292 2212 et
1319 2181 1401 2220 legit
1428 2181 1531 2213 Bodl.

73 2218 142 2250 Sed
160 2220 193 2250 in
209 2221 361 2259 Donato,
377 2222 425 2253 uti
444 2223 543 2261 vulgo
558 2223 684 2261 editur,
710 2223 792 2253 nihil
818 2223 860 2253 ad
886 2223 959 2253 haec
984 2223 1089 2253 verba
1109 2228 1266 2261 notatur3
1292 2223 1351 2254 sed
1370 2233 1479 2264 neque
1496 2224 1531 2254 in

74 2261 140 2293 Ms.
158 2261 270 2295 Hulst.
309 2264 458 2295 Videtur
473 2270 585 2295 autem
603 2266 791 2304 elegantius
806 2266 915 2296 omitti
932 2264 969 2295 τὸ
980 2266 1038 2296 rel.
1055 2267 1164 2297 VVest.
1202 2267 1281 2296 Cum
1298 2267 1331 2296 in
1348 2266 1419 2296 dub.
1436 2267 1478 2295 V.
1491 2266 1530 2296 C.

74 2303 169 2336 Lind.
215 2306 287 2336 Huc
312 2307 359 2338 vel
384 2308 429 2338 ill.
453 2307 512 2338 ΒΓ.
540 2309 579 2339 Ζ.
607 2308 788 2338 Part—32
813 2306 941 2348 IlIysz's?
975 2309 1068 2338 Perl.
1094 2309 1194 2339 Both.
1224 2308 1263 2338 Z.
1307 2310 1315 2325 ‘
1336 2309 1399 2339 Ed.
1422 2309 1530 2339 Zeun.

74 2345 201 2388 BIysis?
245 2348 311 2380 Sed
340 2349 470 2390 signum
498 2351 776 2390 interrogationis
805 2351 962 2381 mendum
984 2360 1060 2381 esse
1086 2352 1223 2382 videtur
1247 2356 1363 2390 typog.
1407 2351 1533 2391 Super-

74 2390 239 2429 scriptum
256 2392 265 2408 ‘
278 2391 313 2422 o'
328 2391 361 2422 in
380 2393 497 2424 codice
514 2394 640 2424 nullum
659 2393 794 2424 dubium
812 2393 983 2434 relinquit,
999 2393 1078 2433 quin
1094 2403 1204 2424 sermo
1222 2393 1263 2424 ad
1277 2393 1391 2432 Mysin
1408 2393 1532 2434 diriga-

74 2431 151 2462 tur?
173 2433 292 2465 Bruns.
340 2435 350 2451 ‘
365 2434 460 2473 Sign.
477 2436 639 2475 interrog.
658 2445 723 2466 non
742 2441 794 2466 est
813 2436 925 2467 mend.
951 2441 1071 2476 typog.
1117 2435 1276 2467 Nondum
1296 2441 1407 2466 tamen
1426 2437 1531 2477 poeni-

75 2478 127 2505 tet
142 2476 338 2514 sententiae,
353 2478 473 2508 melius
491 2488 565 2509 cum
583 2479 669 2509 Mss.
685 2477 776 2509 tolli.'
802 2479 850 2509 Id.
868 2479 901 2509 in
917 2479 1000 2509 Add.
1048 2480 1056 2496 ‘
1075 2478 1206 2517 Agitur.
1254 2479 1310 2509 Sic
1338 2484 1422 2508 vett.
1452 2479 1531 2511 edd.

73 2520 109 2547 et
123 2518 225 2549 codd.
241 2519 348 2550 nostri
366 2527 494 2560 praeter
515 2520 545 2551 A
563 2525 597 2551 et
614 2521 679 2552 Gn.
697 2520 740 2551 l.’
784 2521 879 2552 Both.
904 2522 959 2561 qui
978 2521 1024 2551 ita
1042 2520 1236 2552 ‹lemn—33
1260 2524 1317 2552 Ex
1338 2521 1394 2551 hoc
1416 2523 1532 2553 misera

72 2560 193 2592 solicita
208 2560 260 2593 ἐι-ι.
305 2562 448 2593 Locutio
473 2563 591 2603 rarior,
617 2563 677 2594 sed
694 2564 844 2604 elegans.
892 2564 1072 2601 Usitatius‚
1090 2563 1243 2595 solicitus
1259 2573 1361 2595 causa
1377 2564 1531 2605 alicujus,

727 2648 866 2680 NOTAE

115 2710 155 2739 31
180 2709 279 2741 Paulo
309 2711 476 2752 momento]
514 2711 720 2752 Metaphora
756 2722 776 2743 a
830 2712 864 2743 in
882 2716 1036 2744 neutram
1063 2717 1194 2754 partem
1223 2713 1346 2754 vergit,
1371 2716 1406 2744 et
1422 2713 1528 2744 incer-

73 2760 225 2791 trutina:
249 2770 324 2793 cum
356 2761 405 2801 id,
433 2761 523 2803 quod
552 2762 774 2803 ponderatur,
830 2768 901 2794 tum
919 2763 1058 2805 pendet.
