1945 3296
473 245 712 277 NOMINUM
746 245 1040 276 coMlcoRum
1078 246 1246 276 murlo.
1479 237 1564 278 105

103 342 242 380 damus
263 340 500 380 testimonia.
557 341 738 377 Donatus
758 339 797 376 in
818 339 1036 390 Adelphos,
1067 339 1249 385 Nomina,
1269 339 1408 390 inquit,
1431 352 1565 390 perso-

102 419 238 444 narum
258 405 297 442 in
317 403 530 442 Comoediis
549 404 692 441 habere
713 403 858 441 debent
877 403 1067 440 rationem
1088 409 1127 441 et
1146 401 1438 454 etymologiam.
1497 403 1565 440 Et-

102 470 206 508 enim
226 467 438 507 absurdum
458 474 519 505 est
534 468 736 505 Comicum
757 474 890 517 aperte
911 473 1142 518 argumenta
1158 467 1397 518 confingere,
1414 466 1476 503 vel
1497 479 1566 504 no-

101 546 191 571 men
210 545 389 584 personae
410 532 667 582 incongruum
689 530 796 577 dare,
833 531 892 568 vel
925 531 1093 568 officium
1127 530 1234 581 quod
1266 531 1315 568 sit
1351 543 1375 567 a
1411 530 1567 567 nomine

103 597 312 635 diversum.
370 595 473 633 Hinc
493 608 626 633 servus
647 594 786 640 fidelis,
809 594 1026 632 Parmeno:
1057 594 1239 640 infidelis,
1266 595 1328 632 vel
1350 596 1485 646 Syrus,
1505 595 1567 632 vel

104 661 235 699 Geta:
263 659 374 698 miles
394 659 558 706 Thraso,
584 659 646 697 vel
674 658 892 696 Polemon:
918 658 1073 709 juvenis
1104 658 1361 709 Pamphilus:
1390 665 1569 696 matrona

106 723 334 775 Myrrhina:
364 728 403 761 et
420 735 530 774 puer,
547 730 586 761 et
606 724 655 760 ab
675 722 795 760 odore
816 723 956 760 Storax
974 735 983 761 t
1013 729 1053 761 et
1072 735 1095 760 a
1112 722 1221 768 ludo,
1251 728 1291 760 et
1311 735 1333 760 a
1354 722 1569 773 gesticula-

103 789 209 827 tione
230 787 366 826 Circus
384 800 394 826 :
415 793 455 825 et
472 787 563 825 item
584 786 736 833 similia,
757 787 796 824 in
818 787 958 838 quibus
981 799 1172 824 summum
1191 788 1319 836 poetae
1338 787 1470 824 vitium
1494 794 1568 833 est,

106 853 139 892 si
165 851 259 903 quid
287 864 308 889 e
329 851 522 890 contrario
543 864 767 902 repugnans
789 851 1025 889 contrarium
1046 850 1320 902 diversumque
1339 850 1544 902 protulerit
1562 864 1571 887 :

106 915 182 954 nisi
200 929 268 967 per
281 915 534 967 Antiphrasin
551 928 692 952 nomen
713 915 939 966 imposuerit
952 915 1195 966 joculariter:
1218 921 1262 952 ut
1282 913 1572 965 Misargyrides

106 980 147 1017 in
174 979 317 1018 Plauto
337 978 477 1017 dicitur
496 978 698 1029 trapezita.
757 979 808 1016 Et
827 978 904 1016 fere
924 978 1000 1017 hoc
1018 977 1136 1015 modo
1157 979 1262 1029 apud
1282 978 1378 1016 alios
1400 991 1423 1016 a
1442 978 1570 1029 po'ejtis

109 1043 266 1082 nomina
285 1050 572 1095 componuntur
592 1042 852 1081 describenda
874 1055 942 1093 per
962 1041 1232 1093 Antiphrasin,
1265 1042 1371 1094 quod
1392 1041 1576 1093 designat

112 1107 268 1147 Storax.

164 1171 273 1210 Idem
291 1172 331 1210 in
351 1172 552 1218 Andriam,
574 1172 747 1224 Semper,
768 1172 909 1224 inquit,
929 1171 1089 1209 nomina
1104 1170 1353 1209 Comicorum
1375 1183 1575 1209 servorum

114 1241 183 1275 aut
202 1249 226 1274 a
245 1237 467 1276 nationibus
489 1243 581 1275 sunt
599 1236 749 1275 indita:
779 1244 822 1275 ut
853 1236 995 1288 Mysis,
1031 1236 1176 1287 Syrus:
1206 1240 1274 1272 aut
1293 1246 1341 1272 ex
1362 1234 1577 1273 accidenti-

112 1301 201 1347 bus,
215 1308 260 1339 ut
278 1300 430 1348 Lesbia,
450 1302 557 1339 velut
576 1301 741 1348 ebriosa,
762 1313 784 1339 a
805 1301 930 1339 Lesbo
950 1299 1092 1346 insula,
1109 1312 1199 1350 quae
1220 1306 1280 1336 est
1296 1298 1402 1336 ferax
1424 1299 1576 1337 suavis-

114 1364 200 1402 simi
220 1365 566 1417 candidissimique
585 1365 665 1404 vini
683 1379 692 1404 z
723 1373 791 1404 aut
809 1379 833 1405 a
852 1363 1084 1410 vernilitate,
1104 1370 1148 1401 ut
1167 1361 1390 1401 Pseudulus
1406 1376 1415 1401 ε
1443 1370 1510 1401 aut
1529 1377 1577 1402 ex

115 1429 285 1479 negotio,
319 1436 362 1467 ut
392 1429 636 1481 Chrysalus:
666 1436 732 1468 aut
768 1444 816 1468 ex
850 1430 1038 1482 qualitate
1068 1428 1255 1479 corporis,
1288 1434 1332 1465 ut
1352 1427 1578 1479 Chylacus:

115 1500 183 1531 aut
203 1506 251 1531 ex
270 1493 401 1544 specie
421 1494 569 1542 formae,
589 1501 634 1532 ut
652 1493 870 1533 Pinacium.

169 1557 309 1596 Strabo
328 1557 426 1596 libro
446 1559 611 1609 septimo
629 1571 639 1596 :
670 1557 760 1596 Fuit
780 1565 819 1596 et
838 1557 916 1596 alia
934 1557 1100 1608 regionis
1135 1556 1287 1603 divisio,
1321 1569 1369 1595 ex
1400 1556 1573 1608 antiquis

115 1634 348 1673 permanens
367 1623 621 1674 temporibus.
675 1622 786 1661 Alios
807 1623 909 1662 enim
929 1622 1076 1668 Dacos,
1098 1621 1195 1659 alios
1215 1621 1338 1659 Getas
1360 1620 1576 1671 appellant.

118 1685 240 1725 Getas
260 1687 433 1738 quidem,
466 1688 533 1739 qui
562 1686 612 1725 ad
646 1687 817 1726 Pontum
846 1688 886 1725 in
908 1686 1109 1725 Orientem
1128 1691 1323 1736 vergunt:
1355 1685 1487 1723 Dacos
1509 1698 1579 1724 au-

117 1756 209 1797 tem,
236 1751 302 1802 qui
320 1752 358 1790 in
379 1752 602 1803 oppositum
621 1765 756 1790 versus
777 1752 1041 1797 Germaniam,
1063 1757 1103 1788 et
1123 1750 1172 1788 ad
1195 1750 1284 1788 Istri
1304 1749 1447 1796 fontes,
1478 1763 1578 1800 quos

118 1814 209 1853 olim
228 1815 362 1854 Davos
383 1823 543 1854 vocatos
571 1829 658 1854 esse
688 1829 787 1854 reor.
845 1817 905 1853 Ex
925 1829 1002 1867 quo
1023 1813 1131 1865 apud
1151 1814 1412 1852 Athenienses
1445 1814 1582 1853 Davo-

118 1892 201 1917 rum
222 1884 262 1916 et
281 1879 469 1918 Getarum
488 1880 645 1918 nomina
664 1879 818 1918 servilia
836 1879 1047 1931 plurimum
1068 1877 1336 1916 abundabant.
1377 1878 1464 1915 Hoc
1487 1890 1582 1916 sane

120 1942 341 1982 credibilius
360 1950 433 1992 est,
464 1957 581 1995 quam
603 1958 627 1982 a
646 1945 879 1996 Scytharum
901 1950 1017 1995 gente
1038 1941 1216 1988 derivari,
1251 1955 1349 1993 quos
1386 1942 1494 1980 Daas
1514 1955 1582 1979 vo-

53 2050 58 2052 ,
122 2013 227 2045 cant.
283 2008 417 2060 Longe
438 2010 540 2047 enim
560 2009 616 2047 illi
637 2009 687 2047 ad
711 2009 949 2062 Hyrcaniam
977 2007 1096 2059 positi
1128 2012 1232 2053 sunt,
1264 2019 1339 2044 nec
1359 2019 1406 2044 ex
1426 2019 1472 2044 eo
1492 2005 1581 2045 loco

121 2071 297 2110 Athenas
328 2074 523 2125 mancipia
555 2074 760 2125 deportata
791 2072 1011 2126 putandum
1045 2076 1118 2109 est.
1176 2071 1317 2108 Servos
1349 2069 1451 2107 enim
1472 2076 1541 2107 aut
1560 2083 1583 2108 e

122 2136 355 2187 populorum
374 2138 595 2176 nominibus
614 2139 822 2184 vocabant,
854 2151 877 2175 a
904 2137 1045 2188 quibus
1067 2135 1337 2180 vectabantur,
1366 2140 1411 2171 ut
1432 2133 1585 2186 Lydum

125 2206 165 2238 et
183 2200 320 2252 Syrum
340 2214 349 2239 :
381 2208 449 2239 aut
476 2202 522 2240 iis
542 2203 707 2240 maxime
729 2216 818 2253 quae
839 2202 914 2239 illis
937 2201 976 2238 in
997 2200 1095 2239 Iocis
1115 2199 1241 2249 magis
1263 2211 1309 2236 ac
1328 2198 1452 2249 magis
1472 2211 1586 2236 usur-

124 2269 219 2314 pata
239 2272 361 2313 erant,
381 2273 426 2305 ut
445 2265 605 2305 Manem
625 2274 665 2305 et
683 2266 850 2314 Midam,
871 2280 919 2305 ex
933 2264 1127 2316 Phrygia:
1148 2263 1394 2313 Tibiumque,
1411 2275 1432 2300 e
1452 2261 1586 2313 Paph-

123 2327 295 2379 lagonia.

181 2392 337 2430 Servius
358 2391 397 2430 in
417 2393 580 2444 primam
601 2394 789 2446 Eclogam
809 2393 920 2445 Virg.
959 2392 1086 2431 Etiam
1104 2391 1180 2429 hoc
1201 2390 1417 2435 sciendum,
1439 2396 1478 2428 et
1498 2403 1586 2441 per-

127 2467 244 2493 sonas
264 2455 379 2507 hujus
399 2457 527 2507 operis
548 2471 595 2496 ex
614 2458 748 2510 majori
769 2464 878 2510 parte
898 2457 1057 2496 nomina
1073 2455 1121 2494 de
1138 2456 1253 2493 rebus
1270 2454 1423 2492 rusticis
1440 2453 1585 2491 habere

127 2520 319 2558 conficta:
347 2526 392 2558 ut
411 2520 634 2569 Meliboeus,
652 2522 706 2561 ὅτι
725 2525 833 2572 μέλει
853 2523 950 2573 αὐτῷ
970 2527 1041 2559 τῶν
1060 2518 1175 2568 βοῶν,
1209 2518 1314 2569 quod
1335 2530 1468 2556 curam
1490 2518 1589 2567 gerit

127 2583 257 2622 boum.
315 2584 366 2622 Et
398 2584 550 2636 Tityrus
567 2599 574 2624 :
606 2599 696 2623 nam
727 2586 926 2624 Laconum
958 2584 1097 2635 lingua
1127 2582 1281 2633 Tityrus
1314 2581 1456 2620 dicitur
1488 2582 1588 2619 aries

129 2647 263 2698 major,
296 2648 361 2699 qui
396 2662 553 2700 gregem
585 2650 731 2688 anteire
751 2648 1025 2687 consueverit:
1055 2647 1156 2685 sicut
1176 2646 1290 2684 etiarn
1312 2645 1350 2682 in
1373 2645 1588 2682 Comoediis

128 2710 357 2751 invenimus.
415 2712 517 2751 Nam
538 2713 764 2765 Pamphilus
783 2720 844 2752 est
874 2719 980 2752 totus
1010 2723 1174 2750 amans:
1205 2709 1442 2761 Glycerium,
1476 2707 1587 2759 quasi

131 2773 259 2813 dulcis
278 2775 438 2814 mulier:
467 2776 712 2825 Philumena,
733 2776 921 2816 amabilis,
