1945 3296
656 224 718 252 on
749 222 1005 252 rHuATRo.
1501 214 1558 254 79

103 330 220 365 tores,
240 317 461 356 meretrices
483 316 767 361 dividebantur,
785 329 1052 367 personasque
1073 318 1110 355 in
1145 318 1357 357 Orchestra
1385 333 1558 358 assume-

103 388 212 431 bant,
231 396 300 434 pro
322 395 393 419 sua
413 382 564 419 actione
586 395 631 419 ac
652 382 758 420 ludo.

228 520 548 558 APPARATUS
579 520 768 558 SCENAE
800 521 855 557 IN
887 521 1029 558 VICIS
1064 521 1126 557 ET
1156 520 1439 558 THEATRIS.

154 616 428 668 Apparabatur
449 628 567 654 scena
598 615 701 667 apud
722 617 905 666 antiquos
929 617 1092 655 Graecos
1114 617 1150 654 in
1173 618 1291 668 agris,
1323 631 1441 655 verno
1462 625 1558 656 tem·

99 693 207 728 pore,
227 694 314 718 curn
336 680 510 718 aedificiis
543 686 582 718 et
611 680 917 717 habitationibus
940 681 1168 731 triplicibus,
1203 682 1400 719 instructis
1422 682 1560 719 culmi-

99 744 230 791 nibus,
248 743 574 795 peripetasmatis,
595 744 804 794 tapetibus,
821 744 1030 794 linteisque
1045 745 1236 783 candidis.
1272 745 1429 783 Additae
1450 756 1554 798 post-

99 821 146 846 ea
181 815 367 845 sonantes
387 807 535 858 pelves,
565 807 754 858 ignesque
779 807 957 845 manibus
985 810 1164 847 excussi:
1195 823 1372 847 cavernae
1403 824 1559 862 quoque

100 873 365 910 subterraneae
397 884 442 909 ac
468 871 575 923 putei
596 871 943 921 contingebantur:
974 873 1108 923 figuris
1143 874 1273 919 maris,
1302 875 1464 921 Tartari,
1485 876 1560 914 ful-

99 936 260 982 minum,
276 934 501 980 tonitruum,
522 934 662 980 noctis,
678 934 778 980 coeli,
795 935 884 981 diei,
905 937 1109 986 regiarum,
1123 939 1403 988 praetoriorum,
1421 939 1559 990 ingen-

98 1006 158 1037 tes
182 998 297 1044 aulae,
317 998 484 1036 fornices
514 997 563 1035 ad
586 997 732 1035 viarum
756 998 1062 1039 similitudinem.
1121 1002 1234 1052 Apud
1258 1003 1457 1041 Romanos
1478 1006 1558 1041 Au-

98 1063 174 1100 laea
192 1063 231 1100 in
252 1075 370 1101 scena
389 1061 556 1113 primum
577 1062 862 1108 sternebantur,
881 1076 968 1100 curn
986 1064 1151 1114 primum
1173 1066 1298 1116 pictus
1319 1066 1382 1104 ille
1399 1076 1557 1106 ornatus

99 1141 146 1166 ex
167 1125 338 1164 Attalica
358 1125 466 1176 regia
500 1125 667 1163 Romam
697 1125 870 1175 perlatus
905 1127 990 1173 fuit,
1014 1128 1293 1180 velabaturque
1324 1130 1410 1181 ipsa
1442 1145 1560 1171 scena

99 1189 272 1243 Sipariis‚
294 1203 382 1241 quae
414 1190 606 1241 posterior
639 1196 736 1227 aetas
757 1203 827 1241 pro
859 1192 992 1229 aulaeis
1025 1195 1175 1240 sumsit,
1199 1202 1240 1232 ut
1269 1195 1385 1233 etiam
1417 1197 1559 1247 siparia

98 1254 203 1293 humi
227 1259 428 1292 sterneret.
487 1254 582 1291 Erat
610 1262 797 1304 praeterea
817 1255 944 1293 velum
966 1258 1155 1296 minutum
1185 1259 1290 1309 quod
1322 1261 1468 1312 populo
1490 1264 1558 1301 ob-

99 1319 264 1358 sistebat
280 1318 320 1355 in
341 1330 474 1364 scena,
501 1318 594 1355 dum
625 1326 737 1356 actus
766 1322 1123 1360 commutabantur.
1180 1323 1224 1360 In
1256 1324 1349 1362 vicis
1378 1325 1410 1362 si
1441 1327 1559 1366 fiebat

100 1396 232 1427 scena,
274 1382 474 1419 arboribus
515 1382 554 1419 in
593 1395 634 1420 se
673 1383 908 1421 cubantibus
954 1398 999 1423 ac
1032 1387 1184 1425 reflexis
1228 1391 1557 1439 componebatur;

98 1446 211 1498 quasi
227 1452 500 1483 concamerata
519 1446 700 1497 quaedam
721 1446 918 1494 densatio,
945 1456 988 1487 ut
1008 1452 1292 1502 subterpositos
1313 1459 1443 1504 tegere
1466 1468 1557 1506 pos-

99 1518 171 1558 set,
192 1509 295 1548 unde
316 1510 364 1546 ab
385 1508 670 1548 inumbratione
691 1510 809 1549 dicta.
867 1513 911 1550 In
943 1514 1111 1552 Theatro
1133 1522 1260 1554 autem
1293 1520 1351 1566 (ut
1374 1518 1457 1568 jam
1478 1519 1558 1558 dic-

97 1583 181 1614 tum
201 1576 279 1621 est)
295 1574 414 1611 fiebat
434 1586 568 1620 scena,
589 1581 784 1613 camerato
814 1583 1014 1624 contextu,
1045 1579 1146 1616 binis
1182 1580 1435 1632 pluribusque
1465 1597 1560 1622 con·

96 1638 380 1690 tignationibus
413 1645 623 1677 exstructa,
694 1639 805 1678 Picta
839 1649 921 1680 erat
952 1642 1137 1693 undique,
1174 1657 1264 1681 suas
1297 1644 1557 1686 domunculas

95 1703 246 1750 habuit,
265 1703 303 1740 in
325 1714 422 1752 quas
456 1715 527 1753 pro
547 1703 696 1741 ratione
730 1713 887 1744 actuum
914 1706 1134 1745 alternatim
1156 1721 1196 1744 se
1218 1709 1472 1749 conferebant
1493 1725 1559 1750 ac-

97 1775 214 1806 tores.
283 1767 393 1805 Duas
434 1779 523 1805 aras
555 1769 754 1819 utriusque
793 1770 988 1809 habebat:
1039 1772 1214 1809 dextram
1247 1772 1373 1811 Liberi
1411 1778 1556 1826 patris3

47 1830 51 1831 ⁷
98 1832 292 1869 sinistram
323 1832 406 1883 ejus
429 1833 517 1878 Dei,
547 1833 585 1870 in
617 1833 728 1883 cujus
749 1834 936 1873 honorem
971 1836 1068 1873 Ludi
1089 1837 1246 1875 fiebant.
1306 1838 1418 1876 Unde
1438 1840 1556 1879 illud:

98 1896 158 1933 Ex
177 1909 243 1933 ara
263 1895 352 1934 hinc
374 1909 481 1934 sume
502 1897 704 1934 verbenas.
762 1898 891 1950 Atque
922 1899 953 1937 is
984 1899 1139 1937 demum
1171 1907 1254 1938 erat
1288 1914 1417 1940 scenae
1436 1916 1557 1955 appa-

95 1966 202 1997 ratus
222 1959 259 1997 in
280 1960 464 1998 Theatro.

284 2084 356 2121 DE
387 2084 773 2122 HISTRIONIBUS
805 2085 870 2122 ET
901 2087 1064 2124 MIMIS
1097 2088 1357 2126 SCENICIS.

152 2179 289 2217 Omnis
310 2180 602 2232 Tragoediarum
637 2193 683 2218 ac
705 2181 995 2220 Comoediarum
1027 2185 1166 2235 gratia,
1200 2192 1239 2223 et
1259 2198 1388 2223 scenae
1419 2185 1554 2229 decus,

97 2243 135 2280 in
158 2243 424 2283 Histrionibus
458 2245 715 2282 consistebat.
774 2245 994 2285 Histriones
1023 2248 1126 2286 enim
1161 2256 1200 2287 et
1228 2250 1335 2287 mimi
1367 2250 1405 2287 in
1437 2263 1557 2286 scena

99 2306 321 2345 Comoedias
353 2313 611 2346 recensebant
631 2307 844 2346 secundum
878 2322 969 2348 suos
997 2311 1135 2349 modos
1168 2322 1207 2350 et
1226 2313 1394 2350 cantica.
1454 2313 1556 2350 Nam

97 2372 262 2416 cantica,
296 2378 340 2409 ut
369 2372 486 2424 paulo
517 2380 608 2410 ante
639 2372 893 2419 docebamus,
925 2378 1240 2426 temperabantur
1271 2377 1411 2422 modis,
1432 2390 1511 2413 non
1533 2391 1556 2415 a

96 2436 226 2485 poeta,
247 2436 317 2473 sed
338 2450 361 2474 a
379 2437 503 2488 perito
524 2438 616 2475 artis
636 2437 795 2474 musicae
809 2437 937 2485 factis,
954 2442 1283 2492 mutabantur-que
1297 2440 1403 2479 modi
1422 2442 1459 2479 in
1477 2453 1555 2478 uno

96 2499 261 2537 cantico.
332 2500 497 2539 Fiebant
525 2499 750 2552 hujusmodi
784 2502 956 2540 carmina
987 2504 1036 2541 ad
1068 2505 1205 2543 tibias:
1250 2514 1293 2543 ut
1323 2506 1381 2543 his
1413 2505 1555 2542 auditis

98 2562 209 2599 multi
229 2575 277 2600 ex
296 2565 430 2616 populi
452 2572 544 2603 ante
565 2565 776 2609 discerent,
812 2578 928 2615 quam
959 2568 1146 2606 Fabulam
1169 2570 1290 2607 acturi
1323 2576 1456 2607 essent
1471 2581 1555 2605 sce·

96 2628 187 2666 nici.
249 2628 363 2666 Unde
383 2628 480 2667 illud
515 2636 576 2667 est
606 2629 829 2667 Ciceronis:
872 2636 881 2652 ⁶
901 2632 987 2669 Non
1020 2633 1223 2684 intelligo,'
1260 2634 1399 2684 inquit,
1433 2632 1555 2682 ‘quid

99 2699 261 2739 metuat,
280 2705 369 2730 cum
389 2699 468 2731 tarn
501 2694 627 2730 bonos
653 2694 894 2744 septenarios
916 2696 1056 2734 fundat
1074 2697 1123 2735 ad
1144 2698 1305 2735 tibiam!
1358 2697 1553 2734 Tibicines

100 2756 396 2808 appellabantur
428 2758 494 2808 qui
524 2757 749 2808 hujusmodi
784 2759 937 2798 cantica
971 2761 1020 2799 ad
1041 2761 1173 2799 tibiam
1194 2761 1424 2806 fundebant,
1445 2766 1553 2798 ante-
