1903 3306
503 253 727 285 EUNUcni
763 252 872 283 Ac‘r.
908 253 959 281 11.
991 254 1059 283 sc.
1092 254 1144 282 11.
1480 244 1565 283 429

118 347 204 390 Nae
224 352 273 389 tu
294 348 419 398 istas,
436 348 560 398 saxo,
583 348 782 389 calcibus
803 360 924 400 saepe
946 346 1182 387 insultabis
1203 345 1377 388 frustra.

117 415 210 458 GN.
242 416 385 457 Etiam
418 429 531 456 nunc
564 416 636 456 hic
669 419 776 466 stas,
812 416 1032 456 Parmeno
1053 415 1071 455 ‘l
1115 414 1220 455 eho!
1268 427 1475 454 numnam
1496 415 1566 455 hic

285 483 465 524 relictus
488 487 651 533 custos,
1511 483 1568 522 55

116 550 189 592 Ne
208 551 307 604 quis
329 549 438 591 forte
459 551 750 592 internuntius
782 551 894 592 clam
916 564 942 592 a
962 550 1101 591 milite
1124 549 1179 590 ad
1203 549 1333 590 istam
1355 548 1565 590 cursitet?

114 617 204 659 PA.
236 617 404 659 Facete
426 618 614 660 dictum:
646 620 756 659 mira
775 632 881 660 vero
901 618 1031 659 militi
1053 631 1153 671 quae
1175 617 1395 670 placeant.

114 684 203 726 Sed
223 685 356 726 video
376 684 558 725 herilem
579 685 718 727 filium
738 688 949 728 minorem
968 686 1054 727 huc
1076 684 1299 726 advenire.

119 751 262 794 Miror
284 753 393 806 quid
416 766 473 793 ex
493 753 668 794 Piraeeo
690 754 871 806 abierit3
910 766 1012 794 nam
1039 752 1102 793 ibi
1133 756 1286 793 custos
1308 751 1483 805 publice
1506 756 1572 793 est

286 832 418 861 nunc.

114 940 193 970 soepe
215 929 294 962 istas
314 931 443 972 pedibas
460 932 586 969 frustra
610 933 722 972 pulses.
769 933 840 964 GN.
864 932 974 963 Etiam
990 943 1069 963 nunc
1084 933 1133 963 hic
1148 942 1264 970 manes,
1280 931 1461 963 Parmeno?
1483 932 1574 963 Anne

115 975 166 1005 hic
179 975 297 1013 positus
312 984 344 1005 es
359 978 472 1008 custos,
489 978 524 1005 ut
538 985 658 1013 caveas,
679 986 716 1006 ne
739 977 807 1015 quis
830 976 957 1006 nuntius
970 979 1084 1006 secreto
1099 986 1118 1006 (ι
1134 976 1243 1005 Milite
1258 975 1399 1005 celeriter
1414 976 1453 1004 ad
1478 975 1575 1005 leai-

115 1017 183 1047 dem
196 1018 344 1047 mandata
352 1015 467 1053 ferat?
515 1018 577 1048 PA.
601 1018 772 1057 Eleganter
795 1022 824 1048 et
842 1018 948 1056 facete
973 1019 1100 1049 dictum.
1147 1019 1297 1048 Miranda
1320 1027 1405 1056 cero,
1421 1020 1451 1048 et
1468 1017 1575 1056 exqui-

115 1059 176 1089 sita
191 1063 275 1097 sunt,
289 1069 356 1099 quoe
370 1060 457 1097 dicis,
471 1063 501 1090 et
516 1061 612 1098 digna
627 1071 694 1100 qace
709 1061 813 1091 Militi
826 1062 979 1100 placeant,
1000 1065 1063 1091 tam
1085 1060 1206 1091 subtilis
1219 1064 1246 1090 el
1263 1061 1347 1090 acuti
1361 1060 1481 1099 ingenii
1496 1061 1572 1091 viro.

117 1101 181 1132 Sed
196 1101 283 1132 video
298 1101 365 1132 heri
372 1102 481 1142 filiam
497 1103 645 1133 minorem
661 1106 736 1134 nuta
755 1103 914 1133 Clzoeream
928 1104 985 1133 huc
1003 1103 1123 1133 venire:
1148 1103 1260 1133 mirum
1276 1106 1321 1133 est
1338 1112 1393 1132 car
1408 1112 1447 1133 ex
1467 1103 1574 1132 Piroeo

116 1143 308 1175 discesserit.-
331 1154 402 1175 nam
425 1145 469 1175 ibi
493 1148 596 1175 custos
623 1155 702 1176 nunc
722 1145 842 1186 publice
867 1146 987 1185 positus
1009 1149 1077 1182 est;
1102 1155 1161 1176 non
1173 1145 1240 1176 sine
1254 1155 1345 1176 causa
1361 1145 1495 1176 deseruit
1512 1148 1575 1175 εἰα-

728 1240 962 1252 οοοοοοοοοο

119 1304 218 1334 Istam
234 1303 337 1333 Both.
351 1303 444 1334 Perl.
462 1303 519 1344 qui
532 1309 648 1336 monet
663 1304 695 1335 id
712 1309 807 1336 recte
821 1304 902 1335 dare
928 1306 1120 1337 Bent.—55
1145 1305 1222 1338 Riv.
1239 1306 1345 1346 legit:
1373 1305 1480 1336 Etiam
1496 1315 1577 1336 nunc

118 1350 154 1377 tu
168 1345 218 1376 hic
233 1348 298 1376 stas
309 1343 325 1376 ’.ἶ
346 1346 383 1377 Τ.
402 1346 532 1377 Faber:
563 1347 669 1377 Etiam
685 1357 766 1378 nunc
790 1347 840 1378 hic
855 1352 934 1387 stas,
950 1350 1118 1379 &Parmeno
1130 1347 1146 1380 ἶ)
1169 1359 1312 1379 numnam
1337 1348 1387 1378 hic
1403 1352 1436 1379 tu
1449 1349 1577 1379 relictus

118 1385 248 1419 custos?
273 1388 386 1418 deleto
402 1389 468 1424 eho,
486 1389 575 1429 quod
604 1390 637 1420 in
660 1390 756 1422 Junt.
783 1400 848 1420 non
873 1400 1043 1429 apparere
1070 1391 1166 1422 dicit.
1211 1391 1371 1431 Apparet
1399 1396 1514 1422 autem
1543 1392 1577 1421 in

120 1430 269 1462 editione
286 1430 438 1471 Philippi
465 1432 507 1462 de
535 1432 677 1470 Giunta‚
708 1434 860 1464 Florent.
879 1436 974 1465 1505.
1002 1434 1066 1464 hoc
1096 1434 1220 1465 modo:
1248 1434 1354 1465 Etiam
1381 1437 1416 1464 tu
1437 1434 1488 1464 hic
1502 1437 1579 1473 stas,

120 1471 304 1505 Parmeno?
327 1473 395 1512 eho,
411 1484 556 1505 numnam
580 1478 615 1505 tu
638 1475 688 1506 hic
710 1475 836 1506 relictus
864 1474 993 1508 custos?
1030 1477 1299 1507 Westerhovius.
1346 1476 1454 1506 Etiam
1469 1480 1504 1507 tu
1528 1476 1579 1507 hic

121 1519 191 1546 stas
207 1515 359 1547 Parmeno
371 1514 387 1547 ,7
413 1517 468 1547 eho
483 1527 629 1548 numnam
644 1521 679 1548 tu
695 1518 744 1549 hic
764 1518 890 1549 relictus
913 1523 1026 1549 custos.
1074 1520 1176 1550 Multi
1194 1520 1215 1549 l.
1230 1530 1256 1551 s.
1280 1524 1315 1549 et
1331 1519 1362 1549 in
1381 1519 1430 1549 his
1446 1519 1578 1559 antiqui

120 1567 236 1590 omnes
254 1563 383 1599 praeter
406 1559 504 1589 Beni.
532 1560 691 1591 neutrobi
721 1560 848 1591 habent
878 1564 925 1599 tu,
948 1562 1008 1592 sed
1034 1572 1096 1602 pro
1119 1562 1232 1602 priore
1256 1561 1451 1593 adverbium
1475 1571 1577 1598 nunc,-

120 1600 212 1641 quod
227 1605 264 1631 et
279 1601 442 1632 locutioni
470 1606 505 1632 et
533 1603 641 1633 versui
668 1608 721 1633 est
738 1603 865 1643 aptius.
911 1603 952 1634 In
977 1605 1073 1635 Bem.
1091 1614 1156 1636 non
1176 1609 1228 1635 est
1251 1614 1313 1635 nec
1330 1608 1378 1642 tu,
1402 1614 1466 1635 nec
1488 1614 1576 1635 nunc.

119 1644 181 1675 Fa.
225 1643 323 1674 Unus
340 1653 383 1674 ex
407 1645 531 1675 nostris
548 1655 625 1676 cum
647 1645 738 1676 Edd.
763 1651 848 1678 vett.
874 1647 983 1677 Etiam
1007 1651 1042 1678 tu
1064 1647 1113 1677 hic
1136 1651 1212 1678 stas.
1259 1647 1416 1688 Repone‚
1430 1647 1580 1678 Etiamne

122 1690 158 1718 tu
184 1685 236 1717 hic
255 1689 332 1724 stas,
351 1687 523 1717 Parmeno?
568 1688 620 1718 Ex
644 1698 681 1718 ne
706 1687 836 1719 factum
855 1699 904 1727 nc,
927 1689 962 1719 id
989 1694 1051 1729 est,
1074 1700 1165 1722 nunc.
1190 1691 1294 1721 Bent.
1339 1690 1453 1730 Vulgo
1473 1690 1580 1721 Etiam

119 1738 200 1760 nunc
213 1728 263 1759 hic
278 1731 356 1767 stas,
371 1729 527 1760 Parmeno
542 1728 558 1761 ί)
579 1730 633 1761 eho
648 1741 806 1770 namnam,
821 1732 873 1771 ξε.
895 1731 1076 1763 invenuste
1090 1733 1173 1763 eliso
1190 1733 1335 1764 nomine.
1380 1732 1483 1763 Bent.
1500 1742 1581 1763 nunc

121 1771 263 1810 delevit,
286 1770 420 1802 addidit
434 1775 470 1802 tu.
494 1781 536 1802 ex
559 1782 626 1804 uno
653 1773 727 1804 cod.
753 1774 890 1815 quicum
905 1773 988 1806 facit
1003 1775 1031 1806 Β
1057 1780 1168 1807 reete:
1195 1775 1255 1806 sed
1283 1776 1414 1807 etiamne
1436 1784 1505 1805 non
1534 1776 1583 1806 in·

123 1813 318 1845 ducendum
334 1823 376 1844 ex
391 1824 456 1845 uno
472 1815 574 1846 Bent.
601 1816 742 1856 scripto,
764 1817 891 1847 nostris
913 1817 955 1857 B,
978 1817 1018 1857 C,
1035 1823 1070 1848 et
1094 1823 1178 1849 vett.
1203 1817 1283 1849 edd.
1303 1827 1379 1848 nan]
1400 1827 1514 1848 versus
1532 1828 1582 1848 re-

123 1856 229 1897 spuit.
245 1856 342 1887 Both.
358 1857 415 1898 qui
431 1857 479 1888 sic
496 1858 602 1898 legit:
622 1858 702 1897 Eho,
717 1859 812 1890 eliam
827 1862 860 1890 ta
877 1859 928 1890 hic
943 1863 1019 1897 stas,
1035 1859 1216 1892 Parmeno?
1232 1871 1377 1892 numnam
1391 1861 1440 1891 hic
1456 1861 1582 1891 relictus

121 1902 234 1930 custos.
278 1899 437 1930 Numnam
453 1903 487 1930 tu
508 1901 558 1931 hic
581 1901 660 1941 Bip.
677 1902 781 1932 Bent.
802 1902 959 1943 sequitur
981 1903 1123 1942 Perlet3
1147 1903 1207 1934 dat
1224 1903 1329 1934 etiam
1345 1903 1582 1934 relictu’s.-56

126 1942 269 1972 Cursitet
284 1942 371 1973 Mss.
385 1942 521 1983 quidam
539 1952 614 1974 cum
630 1945 802 1983 impressis
819 1945 1112 1984 praestantissimis
1134 1946 1311 1977 exhibent.
1357 1946 1410 1976 Ita
1436 1950 1471 1976 et
1487 1946 1583 1986 quin-

123 1993 189 2025 que
206 1984 326 2016 Leidd.
344 1989 381 2015 et
399 1986 467 2016 Do.
513 1985 596 2023 Alii,
612 1990 726 2017 curset.
755 1988 863 2018 West.
911 1988 1050 2026 Coi-rige
1063 1993 1175 2027 car-set,
1202 1998 1245 2019 ex
1258 1988 1378 2020 eodem
1395 1988 1494 2019 libro.
1522 1989 1582 2019 Fa.

124 2026 390 2066 Nostriomnes‚
404 2027 544 2058 cursitet.
569 2029 671 2059 Bent.
719 2030 830 2060 Curset
847 2030 948 2061 Bent.
962 2031 1111 2063 Z.B0th.
1130 2032 1311 2062 Pell—57
1337 2031 1447 2062 Nimis
1461 2037 1583 2071 arguta

125 2074 179 2100 est
202 2068 300 2100 crisis
330 2069 460 2110 Guyeti
487 2070 646 2111 legentis.
673 2071 739 2102 ΡΑ.
763 2072 889 2103 Facete.
913 2073 984 2104 GN.
1007 2074 1150 2105 Dictum.
1171 2075 1367 2105 West.-58
1390 2073 1451 2104 Sed
1473 2075 1583 2104 videon

124 2111 195 2143 Ms.
218 2111 314 2143 Lind.
357 2112 393 2144 J.
420 2117 454 2142 et
481 2113 635 2144 Venetus
668 2114 743 2144 cod.
779 2116 957 2146 adventare.
982 2115 1076 2147 Perl.
1111 2117 1184 2148 Dat
1211 2117 1319 2147 videon
1350 2120 1386 2147 et
1411 2114 1583 2148 advenire?

124 2154 275 2185 Br.—-59
301 2155 386 2189 Quid
407 2155 512 2185 Piroeo
540 2156 645 2187 Both.
690 2157 785 2187 Pireo
816 2158 876 2188 Br.
921 2158 1028 2189 Piroeo
1044 2159 1082 2190 Ζ.
1098 2159 1200 2190 Bent.
1224 2159 1304 2198 Bip.
1330 2159 1422 2190 Peri.
1440 2160 1496 2200 qui
1513 2169 1583 2189 mo-

125 2201 205 2227 net:
227 2197 237 2214 ‘
253 2197 336 2228 Var.
367 2198 538 2237 scriptura
554 2199 644 2229 inter
667 2199 788 2230 Piroeeo
806 2204 842 2230 et
856 2200 975 2231 Piraeo.
1021 2201 1090 2232 Sed
1115 2203 1149 2234 J.
1176 2202 1213 2233 F.
1231 2202 1436 2241 Heusinger.
1455 2202 1496 2232 ad
1510 2202 1583 2232 Cic.

128 2237 199 2270 Off.
214 2248 272 2270 111.
287 2239 441 2279 Priscos,
457 2242 517 2279 ait,
530 2251 651 2272 nomen
676 2241 761 2272 illud
775 2242 883 2273 tribus
896 2243 1033 2282 syllabis
1051 2245 1248 2285 plerumque
1261 2243 1446 2275 extulisse.’
1495 2245 1584 2280 Quod

127 2281 244 2314 Guelf.
261 2285 292 2314 3.
309 2287 345 2313 et
359 2282 539 2325 distinguit
554 2289 633 2315 ante
661 2284 671 2301 ‘
684 2284 796 2315 nunc.’
821 2285 944 2316 Glossa
959 2286 1014 2317 τοῦ
1030 2287 1088 2317 Br.
1110 2291 1208 2318 notat
1226 2297 1287 2328 pro
1310 2287 1428 2328 publice
1441 2287 1522 2318 alios
1538 2288 1585 2318 le-

786 2379 931 2410 NOTAE

170 2433 213 2462 56
237 2431 288 2463 Ne
302 2431 467 2472 quisforte
480 2433 708 2474 internuntius]
741 2433 828 2464 Haec
882 2434 1023 2466 millium
1062 2445 1218 2476 passuum
1255 2435 1331 2467 urbi
1368 2437 1585 2478 conjunctus.

127 2482 256 2513 ironice
283 2482 395 2514 dicta:
421 2484 516 2524 quasi
541 2494 641 2515 nemo
667 2495 686 2516 a
714 2485 828 2515 Milite
883 2485 1016 2517 Piraeus
1034 2487 1135 2526 vulgo
1151 2486 1372 2518 Porto-Lione.

128 2533 171 2564 ad
187 2533 367 2572 Thaidem,
382 2533 446 2564 nisi
461 2535 560 2574 clam,
574 2534 625 2566 ire
641 2535 778 2566 audeat.
929 2536 1013 2567 Nam
1028 2536 1071 2567 ibi
1085 2537 1200 2577 custos]
1236 2535 1477 2578 Athenienses,
1493 2542 1586 2578 post-

171 2586 212 2614 57
241 2584 350 2615 Facete
363 2584 495 2624 dictum]
520 2584 674 2616 Ironice:
691 2585 830 2626 quiain-
884 2596 983 2628 quam
1008 2595 1050 2617 ex
1078 2586 1228 2627 Epliebis
1244 2592 1477 2627 excesserant,
1502 2589 1588 2619 mili-

128 2632 231 2665 ficeta
245 2634 320 2665 haec
338 2633 432 2666 dicta
449 2644 521 2665 esse
538 2636 609 2666 vult
626 2636 809 2667 Parmeno.
888 2637 944 2667 tiae
963 2636 1076 2667 daturi
1105 2646 1241 2676 nomen,
1268 2637 1404 2678 publice
1426 2639 1586 2669 custodes

173 2686 215 2715 59
232 2685 285 2715 Ea:
303 2684 440 2724 Piraeeo]
458 2686 590 2716 Piraeus
608 2686 661 2716 vel
677 2686 830 2716 Piraeeus
886 2691 984 2718 erant
1000 2687 1033 2717 iu
1051 2686 1135 2718 urbe
1153 2697 1214 2727 per
1236 2697 1378 2726 annum;
1405 2688 1528 2719 deinde
1553 2690 1585 2719 in

131 2738 207 2766 erat
223 2740 339 2775 portus
356 2735 581 2776 Athenarum,
604 2736 830 2778 quadringen-
887 2736 1080 2767 suburbana
1106 2737 1333 2768 mittebantur
1358 2738 1521 2776 Castella,
1551 2738 1585 2777 (c

133 2789 244 2816 tarum
261 2795 371 2827 capax
396 2787 542 2827 navium,
568 2797 664 2819 muro
688 2787 831 2818 duorum
887 2787 1118 2829 quibusuuum
1135 2793 1210 2819 erat
1223 2793 1341 2828 portus
1355 2788 1515 2827 Piraeus)
1530 2798 1585 2819 ε’»
