1976 3296
345 214 398 255 10
934 224 1208 255 PRAEFATIO.

344 325 426 359 tur.
464 319 552 360 Ubi
577 325 721 361 autern
743 321 818 374 qui
840 323 941 361 ante
963 320 1080 360 hunc
1103 319 1220 360 diem
1241 319 1499 372 prodierunt
1520 319 1644 360 Libri
1665 318 1797 362 Com-

342 388 600 428 mentarium'
625 387 790 428 Donati
812 387 999 440 turpiter
1019 390 1063 426 et
1083 386 1237 427 inscite
1259 398 1441 439 prorsus
1477 387 1683 427 luxatum
1701 387 1798 429 lan·

340 454 617 507 cinatumque
657 455 833 495 turbato
876 453 1028 493 ordine
1068 452 1354 502 exhibebant,
1395 453 1514 506 quod
1557 454 1795 494 innumeris

334 520 444 562 locis
465 510 644 570 factum,
666 522 741 574 qui
763 522 892 571 volet,
913 521 1115 575 reperiet,
1138 519 1415 561 emendatum
1445 533 1575 571 nunc,
1618 520 1797 562 restitu-

341 593 519 641 tumque
539 589 742 629 exhibeo.

396 654 425 694 J
430 668 591 696 oannes
605 655 900 708 Calphurnius
922 655 996 695 ille
1018 654 1282 704 Brixiensis,
1303 653 1508 708 quisquis
1530 654 1705 696 demum
1724 655 1794 696 fu-

340 722 436 771 erit,
459 723 684 763 Laurentii
706 722 852 764 Vallae
875 725 1019 771 aetate,
1042 721 1088 762 id
1111 726 1196 771 est,
1227 721 1405 762 Saeculo
1425 721 1581 774 quinto
1604 721 1790 771 decimo,

339 790 510 830 vixisse
534 789 717 839 videtur,
751 789 880 842 cujus
901 789 1064 829 diserte
1085 789 1286 829 meminit
1307 788 1365 829 ad
1383 788 1547 829 Heaut.
1571 799 1637 828 1v.
1658 790 1701 830 5.
1722 789 1792 830 10.

341 856 432 897 Hic
456 862 618 910 praeter
638 855 1059 898 Commentariolum
1080 856 1125 896 in
1146 869 1276 897 unam
1298 857 1424 897 illam
1449 855 1667 897 Fabulam
1686 855 1796 897 nihil

338 923 605 973 Terentiani,
627 923 748 977 quod
776 924 930 973 sciam,
964 923 1153 976 reliquit,
1177 929 1219 965 et
1239 923 1359 964 haud
1379 935 1477 964 raro
1498 936 1632 976 quam
1661 935 1795 977 prox-

338 991 424 1030 ime
457 990 514 1031 ad
546 992 694 1043 ipsum
731 991 956 1031 Donatum
994 990 1209 1031 accedere
1241 990 1430 1032 videtur.
1491 989 1539 1030 Si
1559 990 1657 1043 quis
1689 988 1791 1031 Cal·

337 1057 571 1111 phurnium
605 1058 866 1111 possedisse
903 1058 1127 1099 Donatum
1161 1058 1296 1099 etiam
1327 1058 1370 1098 in
1401 1057 1795 1099 Heautontimoru-

337 1137 490 1174 menon
512 1125 761 1175 contendat,
792 1139 882 1166 non
903 1125 1033 1166 valde
1056 1125 1404 1179 repugnaverim.
1464 1123 1596 1165 Certe
1618 1119 1794 1178 quidem

337 1192 542 1245 pluscula
575 1192 832 1233 Donati-ana
864 1193 910 1233 in
945 1205 999 1234 eo
1031 1192 1233 1243 inveniri,
1266 1192 1370 1246 plus
1402 1192 1537 1233 semel
1565 1192 1717 1234 monui
1748 1191 1794 1232 in

337 1257 755 1301 observationibus.

396 1326 513 1377 Quae
535 1326 831 1380 Eugraphius,
865 1327 959 1367 sive
996 1327 1036 1367 is
1067 1325 1350 1380 Eographius
1378 1339 1483 1367 vero
1515 1326 1689 1367 nomine
1715 1339 1793 1368 vo·

337 1394 508 1436 candus
529 1395 601 1445 sit,
620 1395 665 1435 in
687 1394 900 1436 Nostrum
921 1394 994 1435 vel
1014 1397 1261 1444 notaverat,
1280 1393 1351 1434 vel
1365 1393 1558 1434 notanda
1579 1393 1792 1447 Discipu-

338 1461 393 1502 lis
414 1465 707 1515 praeceperat,
741 1475 969 1515 perpauca
989 1460 1240 1510 admodum,
1260 1473 1404 1514 neque
1425 1461 1513 1501 fere
1539 1460 1793 1514 quicquam,

334 1534 636 1584 praeterquam
671 1530 717 1570 in
759 1529 977 1583 Prologos
1016 1529 1312 1570 Terentianos
1354 1529 1618 1581 Fragmenta
1657 1528 1790 1582 hujus

335 1597 589 1650 Scriptoris,
611 1597 788 1647 decimi,
807 1601 856 1638 ut
879 1596 1062 1646 videtur,
1095 1596 1140 1637 id
1163 1599 1243 1646 est,
1277 1596 1583 1637 obscurissimi
1610 1595 1791 1646 Saeculi,

334 1679 358 1706 e
380 1678 461 1707 suo
486 1664 656 1706 Codice
677 1666 848 1718 primus
869 1665 1065 1706 omnium
1085 1664 1266 1705 dederat
1282 1663 1464 1705 Gabriel
1486 1663 1698 1713 Faernus,
1713 1676 1792 1703 nu-

333 1745 410 1786 per
429 1734 632 1786 repetita,
655 1736 699 1774 et
719 1746 849 1774 novae
871 1731 1071 1773 Editioni
1091 1731 1365 1772 Terentianae
1386 1730 1561 1784 adjecta
1593 1743 1620 1771 a
1651 1730 1790 1771 Fran-

333 1799 454 1840 cisco
478 1800 613 1840 Hare.
675 1800 791 1841 Haec
814 1812 919 1841 vero
946 1800 1066 1840 bona
1085 1802 1211 1852 parte
1233 1803 1337 1853 post
1369 1797 1588 1839 Faernum
1608 1811 1632 1838 e
1653 1798 1790 1839 Libro

334 1866 423 1907 Ms.
441 1868 571 1908 auxit
591 1868 842 1908 Fridericus
865 1865 1261 1908 Lindenbruchius.
1308 1865 1396 1906 Sed
1417 1865 1489 1907 vel
1510 1865 1574 1906 ita
1593 1865 1789 1918 ingentes

332 1936 519 1985 lacunae,
569 1936 711 1976 hiatus
746 1937 861 1977 vasti
899 1934 1156 1986 restabant3
1208 1934 1390 1987 Hecyra
1427 1934 1596 1987 integra
1629 1939 1790 1986 praeter

333 2007 565 2056 utrumque
587 2003 843 2056 Prologum,
876 2003 1059 2055 integrae
1081 2002 1189 2042 item
1212 2001 1498 2042 Phormionis
1529 2000 1685 2041 Scenae
1716 2000 1790 2041 de-

331 2076 468 2112 erant.
529 2070 638 2111 Cum
661 2071 706 2111 id
728 2071 948 2121 dolebam,
964 2083 1120 2124 neque,
1137 2069 1253 2110 unde
1276 2069 1494 2122 suppetiae
1514 2071 1603 2109 tam
1623 2068 1784 2109 misere

328 2138 479 2179 habito
502 2138 744 2191 affectoque
781 2137 1018 2191 Interpreti
1051 2136 1252 2191 petendae
1288 2140 1454 2185 essent,
1495 2136 1785 2189 exputabam‚

330 2205 610 2245 commodum
632 2205 764 2245 incidi
784 2206 830 2245 in
851 2205 1022 2258 duplex
1047 2204 1314 2257 exemplum,
1350 2203 1473 2257 quod
1506 2207 1707 2244 servatur
1738 2203 1785 2244 in

328 2272 611 2313 Bibliotheca
633 2272 854 2321 Leidensi,
876 2272 1070 2312 lacerum
1089 2270 1287 2320 alterum,
1309 2271 1493 2311 alterum
1513 2270 1662 2311 multis
1682 2282 1784 2323 par-

331 2340 450 2379 tibus
484 2340 718 2392 integrius3
755 2338 865 2380 illud
903 2338 1128 2392 quondam
1164 2337 1223 2378 Is.
1246 2337 1419 2386 Vossii,
1451 2336 1537 2377 hoc
1572 2337 1784 2389 Dionysii

331 2408 522 2449 Petavii.
584 2408 636 2448 In
670 2408 745 2448 illo
775 2407 1022 2459 legebatur:
1057 2406 1068 2427 ‘
1083 2399 1161 2449 Sc‘i
1200 2405 1321 2446 Petri
1357 2403 1671 2445 Beluacensis.'
1729 2403 1783 2444 ln

329 2476 460 2529 hujus
481 2475 621 2515 fronte
642 2475 890 2528 ascriptum
911 2480 1027 2516 erat:
1061 2478 1073 2496 ‘
1092 2474 1285 2516 Rufinus
1306 2474 1349 2513 in
1371 2472 1697 2513 Commentario
1728 2472 1781 2512 de

332 2542 488 2583 Metris
509 2542 772 2582 Evanthium
794 2542 1082 2583 Sacerdotem
1102 2544 1146 2584 in
1165 2541 1420 2582 Terentium
1451 2538 1582 2581 citat!
1641 2538 1780 2580 Porro

330 2615 500 2650 autem:
534 2608 695 2648 ‘Abbo
732 2608 918 2649 Floriac.
951 2609 1107 2650 Abbas
1135 2610 1179 2650 in
1215 2607 1435 2661 Epistolis
1469 2606 1664 2647 meminit
1691 2605 1781 2647 Eu-

330 2676 525 2730 graphii.’
585 2675 809 2717 Abbatem
831 2680 976 2718 autem
1011 2678 1132 2719 illum
1168 2676 1492 2717 Floriacensem
1525 2673 1703 2715 Saeculo
1727 2684 1777 2714 x.

332 2744 533 2785 floruisse
555 2747 739 2785 constat.
807 2744 930 2786 Unde
951 2745 1005 2786 de
1034 2744 1273 2798 Eugraphii
1295 2746 1423 2785 aetate
1444 2741 1698 2796 conjectura
1717 2739 1778 2783 fit.
