1903 3306
538 256 761 286 EUNUGHI
795 255 904 285 AcT.
930 255 980 284 11.
1013 256 1081 284 sc.
1105 256 1177 284 111.
1500 245 1582 286 443

139 351 227 392 ΡΑ.
257 349 378 400 Quid
396 349 539 390 istuc?
582 350 621 390 si
651 353 811 390 certum
843 354 912 391 est
940 349 1100 397 facere,
1122 349 1291 389 facias:
1333 361 1497 398 verum,
1528 363 1581 389 ne

311 421 415 469 post
435 416 634 457 conferas

141 483 332 536 Culpam
366 483 411 522 in
446 497 527 524 me.
587 483 675 524 CH.
709 483 1030 524 Nonsaciam.
1091 481 1177 522 PA.
1209 481 1433 523 Jubesne'?
1494 482 1582 523 CH.

309 550 338 591 J
344 550 471 600 uben,
493 563 615 603 cogo,
638 555 773 604 atque
796 551 978 604 impero.

142 616 381 671 Nunquam
402 617 620 669 defugiam
655 617 984 658 auctoritatem:
1017 626 1213 668 sequere.
1275 614 1361 655 PA.
1397 615 1456 656 Di
1488 629 1584 656 vor-

311 689 400 725 tant
420 685 546 725 bene.

142 799 221 836 quod
233 799 432 838 aggrederis?
455 799 494 830 Si
509 798 566 829 tibi
580 798 777 829 constitutum
790 800 836 828 est
850 797 1120 835 idsacere,sacias
1132 807 1142 833 ,¹
1166 806 1282 833 verum,
1298 797 1326 827 si
1347 798 1418 837 quid
1441 796 1498 826 tibi
1515 797 1589 826 mali

140 848 180 870 ex
203 850 239 871 ea
260 851 294 872 re
313 842 490 881 contigerit,
513 851 551 871 ne
575 840 652 871 mihi
674 850 795 870 causam
811 840 938 870 tribuas.
984 840 1051 870 CH.
1078 839 1285 877 Nonfacz'am.
1331 840 1398 870 PA.
1424 839 1500 870 Idne
1514 839 1589 869 mihi

140 881 293 922 imperas?
335 884 402 914 Cn.
427 884 538 922 Jubeo,
563 893 647 922 cogn,
670 886 762 923 atque
785 883 917 923 impero:
940 892 998 913 non
1013 881 1171 923 inficiabor
1186 882 1366 920 hocfactum
1381 892 1445 913 esse
1460 892 1505 913 me
1519 892 1588 912 auc-

141 926 216 956 tore.
262 926 329 957 ΡΑ.
350 925 492 966 Sequere.
536 926 596 957 Dii
610 926 689 956 hunc
703 929 842 957 conatum
854 934 1031 965 prosperum
1044 925 1183 956 reddant.

752 1024 988 1035 eeeeeeeeeeee

141 1103 194 1131 est
209 1098 287 1130 Par.
331 1100 416 1133 Quae
430 1101 509 1132 lect.
527 1100 754 1141 planissimum
768 1098 882 1130 reddit
897 1108 1043 1137 sensum,
1064 1107 1264 1139 omnemque
1279 1097 1323 1128 de
1350 1102 1445 1138 patre
1470 1097 1590 1130 lectio-

142 1151 218 1172 nem
236 1142 398 1173 excludit.
426 1143 527 1174 West.
573 1143 652 1173 Hoec
675 1143 745 1182 pati
773 1142 881 1172 nostri
905 1150 1037 1178 omnes;
1064 1141 1129 1171 nisi
1156 1140 1245 1180 quod
1271 1150 1354 1170 unus
1387 1146 1539 1172 vetustus
1571 1152 1591 1173 a

143 1193 243 1215 manu
260 1185 369 1224 prima
381 1186 486 1225 patri.-
511 1190 545 1215 et
562 1189 683 1226 postea
697 1184 766 1224 pati
790 1183 925 1215 factum.
969 1183 1069 1214 Unde
1093 1183 1184 1214 istud
1206 1183 1274 1223 pati
1302 1183 1487 1222 processit?
1512 1184 1589 1215 sub-

143 1231 218 1258 erat
233 1227 367 1268 aliquod
384 1228 552 1259 mendum.
598 1227 634 1257 Si
650 1227 738 1257 enim
762 1236 781 1256 a
796 1226 960 1267 principio
972 1226 1059 1266 patri
1082 1225 1128 1256 ibi
1152 1224 1284 1263 fuisset,
1306 1226 1362 1256 vix
1384 1235 1528 1266 unquam
1555 1227 1590 1257 in

139 1269 209 1309 pali
234 1268 485 1309 degenerasset,
530 1270 720 1308 Praeterea,
743 1279 897 1308 quaenam
923 1269 990 1299 ista
1012 1273 1091 1299 sunt
1114 1268 1199 1298 hoec?
1231 1277 1366 1308 nempe,
1392 1268 1426 1298 in
1453 1267 1591 1300 domuin

144 1311 369 1342 meretriciam
383 1312 520 1352 deduci,
541 1311 698 1343 crucibus
724 1312 788 1342 illis
804 1311 944 1351 gratiam
963 1309 1101 1341 referre.
1149 1310 1201 1341 An
1227 1310 1292 1341 hoec
1315 1311 1401 1350 patri
1412 1310 1490 1352 fieri
1516 1321 1591 1352 pos-

144 1353 246 1384 sunt?
292 1354 412 1385 Haeret
437 1354 493 1386 hic
516 1364 627 1396 aqua:
654 1360 690 1385 et
717 1355 828 1394 sapuit
854 1355 892 1384 Τ.
919 1353 1044 1391 Faber,
1076 1353 1133 1394 qui
1159 1353 1214 1384 hoc
1241 1353 1458 1393 corrigebat3
1483 1358 1519 1384 et
1546 1354 1589 1384 ad

141 1396 319 1436 sequentia
335 1397 467 1437 retulit,
488 1397 548 1428 ‘ut
565 1407 584 1427 a
599 1406 651 1427 me
668 1396 806 1427 ludatur
827 1396 912 1426 dolis
926 1395 948 1427 :’
970 1405 1069 1437 quein
1093 1394 1222 1426 frustra
1247 1395 1291 1425 ob
1318 1395 1351 1425 id
1379 1395 1516 1435 sugillat
1543 1397 1594 1426 vir

144 1438 307 1470 eruditus.
350 1439 431 1480 Sed,
455 1444 492 1470 ut
509 1439 592 1477 dixi,
613 1439 715 1471 altius
730 1438 864 1480 aliquod
880 1440 965 1469 latet
981 1439 1088 1476 uicus,
1111 1437 1200 1468 uude
1221 1437 1303 1468 iilud
1328 1438 1395 1477 pati
1420 1436 1593 1478 profluxit.

143 1479 234 1512 Vide
248 1490 290 1511 au
306 1486 398 1513 recte
414 1482 624 1513 sanaverint:
649 1481 738 1512 absit
753 1481 851 1512 modo
864 1486 901 1512 ut
912 1479 1071 1511 infundas
1086 1490 1224 1511 succum
1239 1480 1405 1519 loliginis:
1424 1480 1476 1511 An
1488 1481 1593 1520 potius

141 1526 307 1564 paratque
320 1534 439 1563 oequum
452 1528 511 1564 est,
531 1527 621 1564 pater
634 1527 670 1554 ut
684 1534 703 1554 a
727 1534 774 1554 me
799 1524 927 1554 ludatur
944 1523 1042 1554 ‹loli-x?
1065 1523 1167 1554 Bent.
1215 1522 1410 1563 Legendum
1427 1523 1480 1554 An
1492 1523 1595 1563 potius

143 1565 199 1596 hoc
210 1565 300 1605 patri
314 1576 434 1606 oequum
455 1570 501 1597 est
516 1566 606 1607 fieri.
631 1567 671 1597 R.
688 1567 731 1596 D.
775 1566 898 1597 Totum
914 1565 1002 1596 hunc
1018 1574 1066 1595 vs.
1087 1575 1106 1596 a
1122 1565 1221 1595 Bent.
1237 1564 1451 1595 emendatum
1469 1567 1595 1605 recepi.

144 1607 247 1648 Vulg.
265 1617 402 1639 mancus
418 1609 500 1639 satis
516 1614 570 1639 est
587 1613 688 1650 atque
707 1608 880 1639 obscurus.
905 1608 993 1639 Perl.
1038 1608 1140 1638 Bent.
1158 1608 1222 1638 alia
1238 1617 1304 1638 non
1322 1608 1463 1647 puichre
1479 1609 1593 1639 audet.

146 1648 291 1681 Feratur
306 1651 454 1691 vulgata.
479 1652 555 1691 Rip.
603 1652 680 1682 Pati
705 1660 819 1682 omnes
841 1650 960 1681 nostri.
985 1650 1082 1681 Both.
1106 1650 1163 1691 qui
1189 1650 1242 1681 An
1266 1650 1370 1690 potius
1394 1660 1513 1690 oequmn
1534 1654 1594 1689 est,

141 1693 230 1732 patri
245 1693 403 1734 hoecfieri‚
423 1696 473 1732 ut,
488 1695 540 1733 85⁶.
556 1694 705 1724 exhibet.
750 1694 801 1724 An
815 1693 918 1733 potius
932 1693 997 1723 haec
1009 1693 1094 1732 patri
1109 1702 1228 1732 (equum
1245 1692 1385 1732 estfieri,
1408 1696 1455 1731 ut,
1474 1694 1527 1732 &a
1552 1693 1592 1724 Z.

144 1735 224 1775 Bip.
261 1735 458 1768 Resciverint
475 1737 625 1768 Biz—96
648 1736 726 1766 Istic
741 1736 801 1767 ΒΓ.
817 1736 855 1767 Ζ.
869 1736 970 1766 Bent.
986 1735 1088 1767 Both.
1103 1735 1279 1765 Perl.—97
1307 1736 1403 1774 Cogo.
1436 1735 1486 1765 M.
1501 1735 1595 1766 immo

143 1786 230 1817 cogo.
274 1777 332 1809 Ita
347 1783 382 1810 et
408 1779 478 1810 Ms.
507 1779 599 1819 Lips.
627 1783 662 1810 et
686 1779 758 1809 ΕΡ.
787 1779 880 1809 West.
923 1777 1083 1809 Jubesne?
1125 1777 1235 1816 Jubeo‚
1256 1787 1342 1817 cogo,
1365 1780 1456 1817 atque
1477 1777 1597 1817 impero

145 1819 244 1851 dedit
267 1819 440 1852 Faernus:
473 1821 521 1852 sic
548 1827 585 1852 et
613 1821 743 1853 Nonius
767 1821 850 1852 citat
875 1830 905 1852 v.
934 1821 1086 1860 Cogere3
1110 1829 1177 1851 non
1202 1820 1314 1851 editus
1342 1821 1452 1855 modo,
1477 1820 1535 1850 sed
1562 1821 1594 1850 in

144 1860 265 1894 codice
280 1869 396 1895 nostro
412 1864 604 1895 veterrimo.
649 1863 765 1895 Nostri
781 1873 896 1894 omnes
914 1863 970 1894 hic
994 1872 1069 1893 cum
1085 1867 1171 1894 vett.
1189 1862 1275 1893 Edd.
1290 1861 1390 1892 Jubeo
1404 1863 1495 1892 immo
1511 1872 1596 1902 cogo.

145 1903 246 1937 Unde
275 1904 376 1937 facile
405 1905 471 1937 fuit
498 1906 688 1946 refingere:
725 1905 850 1937 Juben?
893 1906 963 1937 CH.
986 1904 1108 1938 Jubeo?
1139 1905 1230 1936 immo
1257 1914 1330 1943 cogo
1358 1908 1448 1944 atque
1466 1905 1594 1945 impero.

145 1946 222 1978 Nisi
239 1948 478 1987 post‘Jubeo'
504 1948 803 1989 interrogationem
832 1957 948 1988 ponaS,
971 1948 1126 1988 putidum
1154 1953 1208 1979 est
1233 1948 1345 1978 immo:
1367 1947 1425 1977 sed
1455 1948 1508 1977 vei
1535 1948 1597 1987 sic,

145 1989 246 2028 louge
271 1991 388 2021 melius
413 1992 523 2022 abest.
568 1992 630 2021 Vir
658 2001 740 2021 vero
769 1991 934 2029 eruditus,
955 1992 1009 2030 qui
1040 1990 1216 2029 libentius,
1248 1995 1286 2021 ut
1316 1990 1378 2028 ait,
1410 1989 1458 2020 sic
1483 1990 1592 2029 legat:

145 2031 269 2062 Juben?
301 2032 508 2071 Immojubeo,
524 2042 609 2072 cogo,
624 2036 714 2073 atque
729 2033 857 2073 impera,
881 2039 918 2063 ut
933 2033 1049 2070 Juben,
1072 2032 1160 2073 quod
1178 2032 1384 2072 praecipuam
1411 2032 1595 2071 emphasim

145 2073 270 2105 habere
297 2074 428 2113 debuit,
451 2075 484 2105 in
511 2076 611 2106 Thesi
638 2076 885 2115 supprimatur,
915 2076 981 2105 alio
1011 2079 1157 2105 mentem
1183 2074 1250 2105 aiio
1279 2084 1394 2104 aurem
1423 2073 1597 2105 diviserat.

144 2116 242 2148 Beut.
286 2117 504 2155 Jubeo‚imm0
519 2127 593 2157 cogo
609 2117 686 2158 [ΒΓ.
706 2118 757 2157 et]
786 2118 825 2148 R.
849 2118 944 2148 Lina.
991 2117 1090 2147 Immo
1117 2117 1199 2147 Par.
1224 2117 1310 2148 Perl.
1356 2117 1425 2147 Pro
1451 2117 1524 2147 Non
1541 2117 1596 2153 su-

145 2159 226 2190 ciam
250 2159 352 2191 Both.
377 2159 480 2190 habet
509 2161 590 2191 Non.
636 2160 700 2191 Fac
718 2160 886 2198 jaim—98
920 2159 987 2190 Ms.
1011 2159 1105 2199 Lips.
1142 2159 1209 2190 ΡΑ.
1243 2159 1411 2199 Nunquam
1438 2158 1596 2198 defugiam

146 2201 381 2232 auctoritatem:
402 2211 537 2242 sequere.
583 2203 653 2233 Cn.
673 2202 720 2232 Di
744 2205 867 2233 vortant
891 2201 976 2232 bene.
1022 2202 1104 2232 Mss.
1128 2202 1206 2231 alii:
1232 2201 1325 2232 PAR.
1350 2202 1515 2241 Nunquam
1543 2202 1595 2232 de-

136 2242 268 2283 fugiam
282 2243 514 2275 auctoritatem.
551 2245 620 2275 CH.
645 2244 788 2284 Sequere.
828 2244 1006 2276 Quomodo
1023 2250 1058 2274 et
1074 2244 1142 2274 Do.
1160 2243 1293 2274 videtur
1308 2244 1443 2283 legisse.
1482 2243 1596 2285 Atque

147 2286 194 2316 ita
209 2287 307 2317 estin
326 2287 395 2317 ΕΡ.
435 2287 572 2317 Rectius
589 2292 701 2317 autem
719 2291 899 2327 utrumque
916 2287 1065 2318 Chaereae
1083 2285 1257 2317 tribuitur.
1278 2286 1374 2317 West.
1421 2285 1486 2317 ΡΑ.
1506 2287 1596 2317 Nun-

146 2337 239 2368 quam
252 2329 412 2368 defugiam
427 2331 665 2360 auctoritatem.-
688 2338 823 2369 sequere.
869 2329 936 2360 Cn.
967 2329 1010 2359 Di
1033 2332 1158 2359 vortant
1183 2328 1266 2359 bene.
1313 2327 1454 2359 Accedo
1480 2337 1596 2360 eorum

147 2372 340 2410 sententiae,
363 2371 419 2412 qui
437 2376 557 2411 putant
572 2372 630 2402 has
646 2381 807 2411 personas
823 2372 910 2401 male
937 2380 1011 2401 esse
1039 2371 1240 2410 inscriptas3
1263 2375 1298 2402 et
1325 2371 1438 2410 priora
1463 2371 1598 2411 quidem

146 2412 181 2443 in
212 2422 358 2453 persona
386 2413 536 2444 Chaereae
567 2413 807 2452 continuanda,
841 2413 1029 2452 posteriora
1066 2413 1271 2444 Parmenoni
1307 2413 1498 2444 tribuenda.
1536 2413 1595 2445 Fa.

148 2455 257 2486 Recte
281 2456 363 2486 hoc:
389 2460 424 2486 et
454 2456 654 2486 aberrarunt
685 2465 800 2486 omnes
825 2455 966 2495 librarii,
1000 2460 1175 2495 praeeunte
1203 2456 1353 2486 Donato.
1377 2456 1472 2487 Bent.
1517 2456 1597 2487 ‘Se-

149 2496 274 2537 quere’
290 2498 468 2528 Bentleius
485 2499 539 2538 [ut
555 2504 591 2529 et
607 2499 723 2538 Botu]
742 2498 957 2537 Parmenioni,
979 2498 1035 2538 qui
1059 2498 1206 2539 loquitur
1229 2499 1238 2515 ‘
1252 2498 1298 2528 Di
1324 2502 1460 2529 vortant
1486 2498 1597 2537 bene,'

148 2539 279 2579 tribuit.
325 2539 424 2572 Quod
452 2540 658 2580 praeferend.
683 2540 828 2571 videtur.
852 2541 949 2571 Zeun.
995 2541 1099 2581 Nunq.
1121 2540 1182 2577 def.
1207 2544 1289 2571 auct.
1310 2541 1352 2570 al.
1382 2541 1458 2571 edd.
1483 2540 1599 2580 inepte

149 2582 305 2613 tribuunt
320 2582 539 2614 Parmenoui.
562 2584 639 2623 Bip.
687 2583 782 2613 Tuam
800 2582 916 2614 Guelf.
931 2585 962 2613 2.
989 2583 1072 2614 Perl.
1116 2583 1170 2613 Sic
1188 2583 1246 2614 Br.
1267 2583 1348 2614 dat:
1372 2584 1466 2614 PAR.
1492 2583 1599 2622 Nunq.

146 2623 313 2664 diffugiam
335 2634 365 2656 a.
387 2634 414 2655 s.
458 2625 550 2655 PAR.
575 2626 621 2656 Di
643 2635 671 2655 υ.
689 2625 716 2654 b.
763 2626 870 2656 Notat
898 2626 1006 2656 Bruns
1033 2626 1064 2655 in
1089 2625 1326 2665 Corrigendis:
1348 2628 1356 2642 ‘
1372 2625 1464 2657 Edit.
1480 2625 1600 2656 tribuit

150 2667 257 2706 Nunq.
273 2668 305 2698 d.
321 2677 351 2698 a.
367 2676 428 2706 seq.
452 2667 626 2699 Chaereae:
650 2667 758 2699 minus
773 2671 864 2709 apte.
908 2667 1063 2699 Alterum
1079 2667 1175 2700 PAR.
1191 2669 1225 2700 iu
1240 2668 1316 2700 cod.
1345 2674 1398 2699 est
1426 2668 1460 2698 in
1484 2668 1596 2698 litura,

149 2708 329 2741 Scribend.
347 2714 397 2741 est
414 2709 495 2741 Cu!
