1903 3306
337 224 422 266 214
826 237 1134 278 FRANciscus
1169 238 1305 269 HARE

339 327 463 366 dunt:
494 341 724 380 versumque
745 330 800 368 ita
831 331 1086 370 constitutum
1117 332 1154 369 in
1176 344 1267 370 vera
1299 344 1372 370 sua
1402 332 1646 383 bisegmenta
1677 332 1791 373 facile

338 391 527 438 resolvas,
546 392 752 430 iambicum
771 393 922 432 scilicet
940 394 1212 442 acatalectum,
1245 401 1284 433 et
1310 395 1426 434 iamb.
1448 396 1654 435 dimetrum
1683 405 1792 437 cata-

338 454 535 502 lecticum,
554 462 598 493 ut
616 456 654 494 in
672 456 747 495 hoc
767 458 943 509 exemplo
961 471 969 495 z
996 452 999 454 ’

466 540 634 572 Sa‘lutant
647 558 658 564 -
673 541 716 572 ad
732 550 906 575 coeznam
922 543 1066 583 vocanti}
1080 567 1089 583 ,
1112 543 1304 576 ad'ventum
1318 562 1330 570 -
1341 546 1618 586 gratuzlantur:

340 619 457 663 atque
476 614 562 652 haec
581 614 826 666 bisegmenta
842 630 945 668 saepe
962 630 1136 655 seorsum
1152 618 1282 670 posita
1301 619 1514 658 versiculos
1535 619 1792 667 constituunt,
1844 619 1846 621 ’

339 682 379 712 et
398 677 597 727 quibusvis
616 680 850 718 tetrametris
870 680 1163 731 permiscentur.

395 741 555 791 Majoris
589 743 845 794 bisegmenta,
882 757 951 783 seu
988 745 1141 783 iambici
1173 745 1325 785 dimetri
1346 747 1549 786 acatalecti
1577 747 1794 798 exemplum

339 803 472 842 fictum
491 805 565 844 hoc
585 805 657 844 sit:

501 888 615 926 Proh'
634 889 925 929 Phormi-onem
943 902 985 926 .--
1000 892 1196 932 Phormio.
1305 894 1410 932 Vera
1429 900 1558 934 autem
1575 895 1686 934 haec:

399 959 433 995 1.
463 959 655 1007 Ve'rebar,
675 966 835 1011 quorsum
853 962 1093 1000 ezvaderet.
1122 963 1246 1002 Andr.
1269 977 1299 1001 1.
1320 966 1357 1003 2.
1379 967 1417 1004 5.

396 1023 438 1060 2.
466 1022 660 1061 Mise'ram
680 1038 771 1072 me-,
791 1026 897 1077 quod
916 1028 1048 1065 verbum
1063 1040 1106 1063 z
1120 1027 1265 1066 audio?

397 1087 435 1125 3.
467 1087 592 1131 Quod¹
614 1088 646 1125 si
665 1089 740 1136 fit-‚
757 1102 874 1140 pereo
887 1105 930 1129 z
944 1090 1131 1129 funditus.

425 1179 434 1188 .
466 1151 577 1189 Nam'
597 1152 689 1203 quid
716 1166 788 1206 ego
805 1175 822 1182 -
838 1153 965 1193 dicam
981 1170 1024 1192 z
1042 1155 1090 1193 de
1109 1154 1250 1207 patre?
1279 1155 1402 1194 Andr.
1423 1170 1453 1195 1.
1476 1159 1513 1196 5.
1535 1157 1572 1196 6.
1595 1158 1655 1195 10.
1680 1159 1742 1196 18.

399 1217 439 1252 5:
466 1214 697 1266 Rogi'tare-,
717 1218 829 1268 quasi
849 1210 1051 1257 di'fzficile
1073 1219 1137 1257 sit.

400 1279 437 1316 6.
469 1279 594 1323 Quod'
613 1281 792 1332 poteris-,
813 1283 860 1319 ab
882 1295 982 1322 ea:
998 1282 1143 1333 pellito.
1175 1284 1276 1323 Eun.
1297 1298 1348 1324 11.
1371 1286 1407 1323 1.
1429 1287 1466 1323 3.
1487 1286 1525 1324 9.

400 1345 437 1382 7.
467 1344 536 1381 Ita'
557 1353 707 1395 prorsum
726 1346 887 1384 ob-litus
901 1359 1038 1387 :sum
1056 1347 1145 1386 mei.
1167 1361 1217 1386 11.
1239 1350 1277 1386 3.
1302 1350 1365 1386 14.

349 1432 402 1469 Ut
418 1430 556 1470 horum
575 1445 757 1470 numeros
777 1439 926 1480 teneas,
955 1434 1140 1472 censendi
1163 1442 1256 1472 sunt
1274 1442 1455 1474 constare
1484 1448 1532 1473 ex
1552 1434 1703 1487 syllaba
1732 1447 1801 1474 seu

348 1495 560 1547 semipede,
581 1495 808 1543 ditrochaeo,
829 1504 868 1534 et
887 1498 1031 1536 cretico
1051 1505 1118 1536 aut
1137 1497 1267 1536 cretici
1282 1498 1425 1536 vicario
1439 1492 1802 1550 proceleusmatico,

346 1566 390 1597 ut
409 1559 448 1596 in
466 1559 643 1611 exemplo
662 1560 813 1611 quinto.

402 1624 571 1662 Alterius
591 1624 834 1675 bisegmenfi,
866 1625 946 1663 sive
971 1626 1123 1664 iambici
1143 1626 1295 1665 dimetri
1327 1625 1546 1665 catalectici
1580 1625 1800 1676 exemplum

348 1689 482 1726 fictum
501 1689 572 1726 sit:

450 1800 453 1803 .
514 1763 626 1801 Proh'
648 1763 938 1802 Phormi-onem
952 1776 996 1800 z
1011 1764 1342 1803 Phormi.—Vera
1360 1772 1490 1803 autem
1507 1764 1593 1802 haec
1609 1777 1619 1802 ε

407 1839 542 1877 Date':
571 1851 660 1877 mox
682 1850 774 1890 eg0-
790 1839 866 1878 buc
885 1846 1113 1878 rer-vertor.
1141 1839 1264 1877 Andr.
1285 1853 1356 1877 111.
1378 1840 1414 1876 2.
1437 1840 1475 1875 5.

407 1902 453 1939 ld
475 1904 581 1941 a'nus
602 1904 674 1940 mihi
690 1903 894 1941 in-dicium
911 1914 954 1937 Ξ
972 1905 1077 1942 fecit.
1108 1904 1278 1955 Adelph.
1299 1916 1360 1941 ιν.
1381 1905 1420 1941 4.
1441 1903 1480 1941 9.

408 1967 634 2017 Ad'grediar
647 1991 676 2006 -.
697 1968 862 2006 Bacchis
876 1981 919 2004 Ξ
937 1968 1057 2006 salve.
1089 1968 1187 2007 Hec.
1206 1980 1247 2005 v.
1273 1969 1307 2005 1.
1331 1970 1370 2005 5.

357 2031 426 2068 sed
454 2031 539 2069 haec
574 2031 679 2082 apud
706 2023 929 2070 Terentium
959 2033 1103 2070 rariora
1136 2037 1255 2074 sunt;
1297 2044 1344 2069 ex
1364 2030 1502 2076 tribus,
1529 2043 1618 2080 quae
1647 2027 1808 2075 adduxi,

356 2095 434 2132 duo
462 2095 585 2146 prima
605 2101 696 2132 sunt
725 2108 905 2133 versuum
924 2095 1231 2134 Bacchiacorum
1255 2094 1457 2139 clausulae,
1487 2093 1536 2131 de
1556 2093 1697 2144 quibus
1727 2093 1808 2131 suis

355 2159 467 2198 locis.

414 2224 486 2260 His
519 2223 566 2260 de
597 2222 804 2261 trochaicis
837 2231 877 2261 et
906 2223 1082 2261 iambicis
1116 2222 1348 2261 tetrametris
1376 2221 1614 2268 acatalectiS,
1644 2220 1813 2258 catalec-

359 2288 458 2332 ticis,
492 2300 701 2338 eorumque
730 2287 984 2337 bisegmentis
1015 2287 1143 2333 dictis,
1182 2286 1352 2337 paucula
1371 2284 1593 2336 adjicienda
1631 2290 1724 2322 sunt
1760 2283 1810 2321 dc

360 2351 535 2388 versibus
555 2350 889 2401 hypercalecticis,
906 2363 1005 2401 quos
1027 2351 1058 2388 si
1075 2349 1253 2388 conferas
1272 2363 1359 2388 cum
1375 2347 1574 2386 trochaico
1589 2353 1811 2386 tetrametro

362 2415 593 2461 acatalecto,
624 2414 772 2452 videbis
794 2414 891 2452 alios
919 2427 1005 2452 esse
1036 2427 1115 2451 una
1135 2413 1286 2465 syllaba
1315 2426 1338 2450 a
1364 2413 1441 2450 fine
1473 2412 1680 2457 auctiores,
1714 2410 1812 2448 alios

362 2491 453 2515 vero
486 2491 564 2515 una
597 2478 748 2529 syllaba
777 2478 970 2516 auctiores
1005 2479 1053 2516 ab
1087 2477 1218 2515 initio:
1258 2476 1394 2528 prioris
1429 2475 1593 2527 generis,
1628 2473 1814 2513 trochaici

365 2542 513 2580 scilicet
532 2542 743 2579 tetrametri
762 2542 1117 2593 hypercatalectici,
1139 2547 1231 2579 sunt
1247 2540 1286 2578 hi
1304 2554 1314 2583 ;

372 2667 376 2672 ¹
409 2626 463 2658 Ne
491 2631 519 2657 tu
545 2625 723 2657 hoc-mihi
750 2627 1136 2669 pozsterius-dicasu,
1163 2622 1690 2658 Davi-factumzconsili0-et
1718 2622 1816 2655 dolis.

452 2680 542 2711 And.
562 2688 618 2711 111.
636 2682 667 2711 2.
683 2683 738 2711 29.

409 2734 623 2766 Accerse-ut
648 2733 691 2763 de
705 2734 862 2764 :lectet
878 2734 953 2765 -hic
981 2735 1081 2776 nosu:
1121 2735 1173 2765 illa
1199 2733 1384 2765 ‹ex-elamat
1405 2740 1448 2764 Ξ
1471 2730 1607 2763 minime
1623 2749 1636 2756 -
1653 2729 1817 2771 gentium.

454 2788 540 2818 Eun.
559 2795 603 2817 iv.
623 2789 650 2817 1.
670 2789 720 2817 11.
