1903 3306
354 245 438 286 166
585 256 624 285 P.
657 255 1045 286 AN'rEsicNANUS
1083 255 1144 285 DE
1175 256 1359 287 marrus
1396 257 1612 288 TERENT.

356 362 468 386 neum
492 361 578 386 esse
600 348 795 394 duximus,
830 361 916 386 cum
949 361 1142 399 nusquam
1170 347 1303 386 lectori
1325 362 1403 387 non
1435 350 1513 388 sint
1533 350 1648 388 obvia
1668 337 1812 399 futura,

354 416 708 464 in‘quamcumque
742 412 857 463 hujus
890 412 975 450 libri
1005 412 1189 463 paginam
1220 413 1357 451 oculos
1396 414 1640 453 converterit.
1698 415 1812 453 Illum

354 478 486 528 itaque
514 476 574 514 his
608 476 808 526 principiis
833 483 872 513 et
902 474 1230 525 praeceptionibus
1264 475 1496 514 instructum
1528 489 1575 515 eo
1607 477 1815 523 dimittam,

354 540 472 578 modo
492 547 531 577 et
550 540 646 577 illud
679 539 908 585 addiderim,
944 551 1014 576 nos
1048 538 1115 575 uni
1137 539 1265 576 versui
1300 539 1494 590 geminam
1527 539 1812 580 dimensionem

356 604 600 655 apposuisse,
621 616 698 640 non
721 603 847 640 solum
867 602 933 640 ubi
946 601 1081 639 incidit
1097 602 1332 653 disceptatio
1347 604 1397 640 ob
1412 603 1560 641 alienos
1575 604 1662 642 illos
1678 605 1816 656 pedes,

357 668 424 706 sed
446 668 560 705 etiam
587 667 625 703 in
657 667 834 704 versibus
869 666 1090 716 ambiguis:
1120 679 1208 704 cum
1242 666 1391 705 scilicet
1421 666 1524 704 idem
1544 680 1680 706 versus
1700 668 1815 709 simul

356 739 395 770 et
414 733 452 769 in
474 731 627 769 iambici
648 730 892 768 acatalectiei
924 737 962 768 et
983 730 1021 767 in
1043 730 1228 768 trochaici
1248 730 1466 769 catalectici
1485 744 1665 770 numeros
1684 733 1814 771 venire

356 802 519 847 poterat.
579 796 680 832 Sunt
699 801 736 831 et
757 793 833 830 alia
853 793 1003 831 ratione
1023 807 1158 831 versus
1181 794 1366 845 ambigui,
1387 795 1582 846 praecipue
1602 797 1814 834 tetrametri

355 858 601 897 catalectici:
645 857 682 894 in
705 869 867 907 quorum
901 856 992 894 sede
1027 857 1192 907 septima
1224 857 1381 907 ponitur
1410 856 1748 910 brachysyllabus‚
1776 860 1815 896 in

356 923 441 960 aliis
470 935 562 960 vero
596 921 816 972 regionibus
849 920 981 957 nullus
1016 920 1197 958 consistit
1225 920 1391 967 iambus,
1422 933 1550 971 neque
1583 922 1702 960 etiam
1737 930 1816 961 tro-

357 987 489 1024 chaeus
508 1000 516 1023 ε
547 992 591 1023 ut
611 991 720 1023 actus
744 997 794 1022 11.
816 983 991 1029 Andriae,
1012 983 1227 1033 penultimo
1248 996 1392 1029 scenae,
1413 985 1452 1022 2.
1474 997 1604 1022 versu.

464 1077 548 1114 Nisi
571 1076 692 1122 vides,
717 1075 787 1112 nisi
811 1074 914 1112 senis
936 1074 1080 1112 amicos
1102 1087 1203 1121 oraS‚
1226 1074 1361 1113 ambis.
1420 1074 1468 1112 C.
1489 1075 1594 1114 Bene
1610 1089 1759 1114 mones.

358 1175 432 1211 Hic
452 1186 588 1211 versus
610 1172 767 1222 regione
789 1170 912 1221 prima
932 1170 1044 1208 tertia
1060 1177 1099 1208 et
1120 1171 1285 1221 septima
1305 1170 1646 1222 brachysyllabum
1666 1171 1785 1210 habet
1802 1186 1813 1210 ε

358 1238 530 1275 secunda
551 1236 777 1287 dactylum:
808 1242 960 1285 quarta,
981 1235 1130 1284 quinta,
1164 1241 1203 1272 et
1236 1241 1360 1280 sexta,
1394 1234 1648 1285 spondaeum:
1681 1235 1818 1273 ultima

358 1301 547 1352 syllabam
570 1301 740 1350 longam,
757 1313 844 1349 quae
862 1312 1011 1337 versum
1030 1299 1135 1336 illum
1157 1298 1428 1336 catalecticum
1449 1311 1536 1336 esse
1557 1297 1815 1338 demonstrat.

359 1365 437 1403 Sed
458 1364 651 1414 ambigere
673 1364 866 1414 quispiam
886 1364 1022 1401 merito
1054 1362 1192 1413 possit,
1229 1362 1482 1409 iambicusne,
1513 1375 1563 1400 an
1594 1362 1814 1401 trochaicus

357 1429 506 1467 censeri
528 1429 696 1470 debeam
727 1441 812 1464 cum
835 1427 885 1464 ibi
912 1427 1043 1464 nullus
1074 1426 1123 1462 sit
1153 1426 1304 1463 iambus
1334 1425 1400 1476 qui
1435 1425 1656 1472 iambicum,
1690 1439 1816 1477 neque

357 1493 550 1531 trochaeus
572 1491 637 1542 qui
658 1490 896 1528 trochaicum
918 1490 1043 1540 possit
1063 1489 1247 1526 indicare.
1296 1488 1493 1526 Judicium
1519 1489 1637 1539 igitur
1657 1489 1815 1528 aliunde

359 1557 568 1608 petendum
590 1563 672 1594 est:
694 1567 832 1605 nempe
854 1567 875 1592 a
891 1553 1026 1591 vicinis
1041 1554 1230 1599 versibus,
1246 1553 1310 1604 qui
1333 1553 1518 1591 trochaici
1539 1561 1632 1591 sunt
1653 1567 1812 1593 omnes:

358 1634 435 1671 quo
456 1621 557 1658 circa
577 1627 616 1657 et
635 1620 696 1656 hic
717 1618 936 1656 trochaicus
958 1626 1017 1655 est
1038 1617 1292 1668 judicandus.
1333 1618 1518 1660 Quamvis
1539 1617 1640 1655 enim
1661 1619 1816 1656 iambici

358 1692 395 1721 et
427 1683 612 1721 trochaici
645 1696 747 1734 saepe
782 1683 1028 1720 inveniantur
1061 1681 1290 1724 intermisti:
1321 1681 1396 1719 hoc
1417 1688 1544 1721 tamen
1566 1688 1627 1719 est
1646 1682 1701 1720 ita
1719 1688 1814 1719 tem-

357 1748 587 1799 perandum,
609 1755 663 1792 ut,
685 1759 761 1797 quo
783 1747 910 1797 plures
933 1746 1106 1796 ejusdem
1128 1745 1279 1796 generis
1302 1745 1339 1782 in
1359 1759 1478 1783 unum
1501 1745 1676 1796 digerere
1697 1758 1815 1796 quea-

358 1824 457 1855 mus,
487 1809 525 1847 id
547 1809 704 1847 omnino
725 1822 908 1846 conemur
928 1822 935 1846 :
967 1822 1093 1859 neque
1115 1822 1204 1846 vero
1223 1809 1338 1859 hujus
1358 1809 1411 1846 rei
1444 1809 1582 1859 gratia,
1615 1809 1676 1847 vel
1697 1809 1813 1847 etiam

358 1876 407 1913 ob
429 1874 524 1912 alias
545 1886 812 1923 quascumque
829 1873 1060 1910 comicorum
1079 1885 1255 1910 versuum
1274 1873 1395 1922 leges,
1416 1885 1549 1910 eorum
1569 1872 1813 1923 diligentiam

358 1938 584 1976 imitandam
605 1937 797 1982 existimo,
827 1936 892 1987 qui
924 1937 1038 1974 etiam
1070 1943 1206 1974 contra
1234 1937 1404 1974 omnium
1427 1937 1675 1987 probatorum
1697 1942 1736 1973 et
1756 1949 1815 1974 re-

358 2009 558 2053 ceptorum
577 2001 756 2039 codicum
777 2001 999 2038 testimonia
1029 2000 1123 2037 nihil
1155 2013 1231 2037 non
1263 2000 1299 2036 in
1328 2000 1509 2037 Terentio
1529 1999 1601 2037 sibi
1622 1999 1737 2037 licere
1756 2000 1813 2036 in-

359 2074 504 2104 vertere
525 2071 740 2109 autumant,
770 2063 886 2101 modo
906 2076 1059 2101 versum
1081 2062 1130 2100 ad
1151 2076 1321 2114 unguem
1344 2062 1422 2099 suis
1445 2062 1614 2100 numeris
1633 2069 1814 2101 constare

358 2131 652 2168 demonstrent:
683 2128 719 2164 in
742 2140 903 2177 quorum
926 2134 1056 2164 tamen
1075 2125 1343 2164 observatione
1361 2125 1443 2176 ipse
1463 2126 1666 2164 Terentius
1687 2125 1735 2163 de
1756 2127 1814 2163 in-

359 2194 507 2231 dustria
528 2192 730 2242 negligens
752 2191 871 2228 fuisse
892 2190 1136 2242 perspicitur.
1196 2189 1277 2227 Nos
1299 2188 1480 2227 Terentio
1508 2202 1703 2236 numeros,
1735 2203 1811 2227 non

359 2256 578 2294 Terentium
620 2255 787 2292 numeris
828 2254 1121 2305 astringendum
1155 2254 1408 2291 arbitramur:
1450 2259 1686 2304 quapropter
1719 2253 1813 2290 nihil

358 2333 528 2371 unquam
562 2320 611 2357 ob
646 2319 755 2356 metri
789 2318 977 2355 rationem
1011 2317 1298 2355 immutavimus
1330 2316 1367 2352 in
1401 2322 1613 2354 contextu:
1643 2316 1716 2354 nisi
1735 2316 1813 2354 duo

360 2391 427 2422 aut
446 2384 556 2434 plura
575 2395 697 2432 eaque
717 2382 794 2420 fide
816 2382 934 2432 digna
966 2382 1003 2418 in
1035 2381 1136 2419 idem
1159 2381 1424 2419 consentirent
1443 2379 1704 2430 exemplaria:
1733 2380 1812 2418 lec-

358 2448 473 2484 tionis
501 2453 628 2484 tamen
660 2445 884 2483 varietatem
919 2446 1063 2495 ubique
1095 2445 1174 2482 fere
1209 2444 1257 2481 ad
1293 2444 1504 2494 marginem
1535 2443 1811 2494 apposuimus:

360 2524 439 2548 una
459 2523 547 2547 cum
580 2510 700 2546 literis
731 2515 770 2547 et
802 2509 918 2554 notis,
949 2523 1036 2559 quae
1058 2508 1249 2546 diversam
1269 2507 1442 2545 indicent
1461 2508 1742 2546 dimensionem
1762 2508 1811 2544 ab

360 2587 419 2618 ea,
449 2585 564 2622 quam
585 2572 783 2622 receptiori
804 2579 842 2610 et
862 2572 898 2609 in
932 2579 1117 2609 contextu
1150 2571 1288 2622 positae
1323 2570 1479 2608 lectioni
1512 2570 1809 2621 assignavimus.

361 2637 497 2676 Valete.
517 2636 649 2681 Saraei‚
670 2635 810 2673 eximia
831 2648 898 2686 spe
917 2635 1212 2673 adolescentuli.
1271 2633 1396 2685 Lugd.
1418 2634 1516 2673 Idib.
1534 2635 1636 2685 Aug.
1660 2634 1774 2673 1556.
