1903 3306
345 207 430 249 366
840 220 879 250 P.
912 220 1154 251 TERENrn
1192 221 1304 252 Arm

346 313 454 368 Ejus
474 315 613 354 morte
636 325 690 354 ea
712 313 769 354 ad
790 327 859 354 me
877 315 971 367 lege
991 315 1213 356 redierunt
1231 317 1362 357 bona.

347 381 436 422 Sed
458 393 569 433 quos
590 382 849 433 perconter?
879 381 1023 422 video.
1084 382 1274 423 Salvete.
1335 382 1439 423 MY.
1470 382 1683 434 Obsecro,
1771 385 1800 425 5

347 448 495 498 Quem
515 449 682 490 video?
714 453 837 488 estne
859 448 930 488 hic
953 448 1072 489 Crito
1096 450 1300 490 sobrinus
1322 449 1585 504 Chrysidis?
1616 450 1643 485 L<
1661 456 1678 477 a
1701 451 1720 467 '²‘

346 515 394 556 Is
415 521 500 556 est.
560 514 647 555 CR.
681 514 720 555 Ο
744 514 905 568 Mysis,
934 516 1071 556 salve.
1132 513 1236 558 ΜῩ.
1270 517 1429 558 Salvos
1450 518 1528 567 sis,
1550 517 1684 559 Crito.

347 583 433 624 CR.
464 583 589 642 [tane
611 581 824 635 Chrysis?
855 582 982 624 hem!
1042 582 1147 624 MY.
1179 583 1279 624 Nos
1299 584 1476 637 quidem
1510 585 1585 638 pol
1616 585 1801 626 miseras

549 649 718 690 erdidit.

346 717 433 760 CR.
466 664 590 768 Qiiid
608 729 702 765 VOS,
725 728 812 768 quo
835 721 969 769 pacto
990 716 1098 758 hic?
1123 716 1252 758 satin'
1272 718 1423 758 recte?
1483 716 1588 758 MY.
1612 717 1799 758 Nosne?

517 798 597 826 slc.

349 853 412 895 Ut
432 831 621 906 quiiiius,
645 850 783 900 aiunt,
805 850 998 903 quando,
1017 854 1066 891 ut
1082 851 1298 900 volumus,
1317 864 1404 892 non
1423 850 1542 893 licet.
1747 821 1804 891 lo

347 921 435 962 CR.
467 919 587 969 Quid
608 917 890 971 Glycerium?
915 916 1012 970 jam
1031 917 1103 957 hic
1123 930 1227 957 suos
1247 923 1449 970 parentes
1467 917 1626 971 reperit
1639 917 1659 957 'l

349 990 453 1030 MY.
477 985 682 1026 Utinam!
716 983 804 1024 CR.
825 982 898 1023 An
918 982 1110 1024 nondum
1132 984 1298 1024 etiam?
1321 984 1440 1025 haud
1462 983 1698 1041 auspicato
1717 983 1802 1025 huc

518 1065 588 1094 me
603 1050 745 1093 attuli.
1518 1040 1610 1049 Ἠ

349 1178 439 1215 bona,
457 1174 532 1213 jure
555 1173 762 1213 cognationis,
784 1176 854 1213 post
879 1177 1008 1205 mortem
1028 1174 1113 1205 illius
1138 1174 1216 1204 mihi
1236 1173 1434 1204 obvenerunt.
1479 1171 1542 1203 Sed
1556 1172 1657 1211 video,
1671 1180 1746 1211 quos
1765 1171 1804 1201 de

348 1222 412 1250 Ioco
427 1221 532 1249 domus
549 1216 692 1257 Glycerii
705 1216 903 1255 interrogem.
949 1217 1085 1249 Salvete.
1131 1217 1209 1247 My,
1236 1216 1378 1254 Obsecro,
1401 1224 1488 1255 quem
1502 1215 1588 1246 video
1600 1212 1616 1245 ?
1641 1214 1740 1244 Estne
1753 1213 1805 1244 hic

351 1263 454 1300 Crito,
469 1259 610 1290 sobrinus
627 1256 815 1299 Chrysidis?
840 1259 896 1289 Ille
911 1259 976 1298 ipse
991 1263 1050 1291 est.
1097 1260 1162 1290 CR.
1189 1259 1218 1288 Ο
1236 1258 1352 1299 Mysis,
1365 1258 1448 1288 salve
1459 1257 1475 1289 ,Ι
1519 1257 1595 1288 MY.
1621 1256 1667 1287 Tu
1687 1265 1804 1296 quoque

348 1306 450 1335 salvus
470 1303 525 1341 sis,
552 1302 651 1332 Crito.
696 1302 761 1332 CR.
791 1301 942 1332 Verumne
970 1306 1016 1332 est
1045 1302 1230 1342 Chrysidem
1255 1298 1445 1332 decessisse?
1489 1300 1568 1331 Mv.
1593 1299 1663 1329 Nos
1683 1298 1806 1338 quidem

346 1348 399 1387 pol
415 1347 542 1376 miseras
556 1344 705 1384 perdidit.
751 1343 815 1375 CR.
841 1344 925 1378 Quid
940 1354 992 1375 eos
1013 1344 1063 1374 hic
1087 1342 1213 1382 agitis?
1239 1343 1396 1378 Quomodo
1423 1340 1556 1373 vivitis?
1578 1341 1704 1372 Satisne
1728 1350 1808 1370 com·

349 1386 462 1420 mode?
507 1388 586 1418 Mv.
604 1387 720 1421 Nosne,
737 1387 881 1426 quomodo
893 1386 1066 1424 habeamus,
1079 1397 1172 1425 rogas
1182 1385 1198 1417 ,⁹
1219 1387 1263 1417 Ut
1273 1394 1443 1425 possumus,
1457 1385 1589 1424 quando,
1602 1387 1636 1413 ul
1652 1383 1805 1422 volumus,

348 1442 409 1462 non
437 1432 520 1468 licet,
546 1430 625 1460 sicut
651 1430 800 1459 commum·
821 1428 930 1466 fertur
953 1429 1124 1468 proverbio.
1169 1430 1233 1459 CR.
1267 1428 1349 1463 Quid
1378 1428 1448 1465 agit
1475 1423 1680 1466 Glycerium?
1696 1424 1805 1463 jamne

350 1484 419 1505 suos
429 1476 573 1513 parentes
587 1469 730 1512 reperit?
774 1471 852 1502 MY.
876 1472 1006 1503 Utinam
1020 1472 1193 1511 reperisset.
1240 1470 1308 1502 CR.
1319 1470 1373 1501 An
1388 1469 1488 1501 adhuc
1499 1479 1560 1501 non
1574 1465 1714 1508 reperit?
1732 1468 1808 1498 Non

965 1571 1210 1583 NNNWN‘O

351 1650 405 1680 per
420 1641 577 1680 legerunt
595 1643 730 1669 veteres
748 1636 986 1677 Grammatici,
1001 1637 1170 1673 Donatus,
1182 1635 1330 1674 Probus,
1346 1635 1498 1674 Servius,
1513 1634 1572 1665 Pr.
1616 1633 1657 1664 In
1673 1631 1809 1674 quibus-

353 1685 430 1713 dam
451 1684 534 1712 Mss.
560 1686 595 1711 et
613 1680 714 1711 editis
733 1684 786 1710 est
803 1690 950 1719 paupera.
990 1680 1057 1710 Ms.
1084 1679 1184 1709 Bodl.
1209 1684 1243 1709 et
1260 1678 1356 1709 Lind.
1374 1679 1502 1709 viveret.
1526 1677 1638 1707 west.
1681 1675 1809 1714 Pauper

353 1727 456 1756 tii-ere
473 1724 625 1765 plerique
638 1723 722 1753 Mss.
740 1726 775 1752 et
792 1722 851 1753 Pr.
869 1723 972 1753 lib.v.
986 1732 1021 1762 p.
1039 1724 1094 1752 41.
1111 1729 1222 1752 tamen
1239 1721 1272 1751 in
1292 1720 1334 1751 R.
1349 1720 1466 1751 viveret
1483 1724 1568 1750 erat.
1582 1718 1678 1749 Lind.
1710 1716 1808 1748 ordo

352 1769 476 1798 honeste
505 1768 537 1796 in
571 1766 679 1806 patria
705 1769 741 1795 et
777 1763 881 1794 efficit
909 1765 1081 1794 suaviores
1118 1773 1288 1800 numeros,
1318 1768 1353 1793 et
1387 1761 1632 1801 comprobatur
1659 1759 1743 1790 meis
1773 1763 1809 1790 et

355 1810 480 1841 Faerni
496 1809 604 1845 libris,
620 1808 678 1838 sed
697 1806 957 1837 recentioribus.
1003 1805 1139 1836 Deinde
1157 1807 1232 1846 lego
1245 1815 1319 1836 cuin
1343 1804 1443 1835 codd.
1459 1804 1592 1835 duobus
1608 1801 1809 1833 Bodleiauis

353 1854 482 1883 viveret.
507 1852 610 1882 Bent.
654 1850 780 1881 Viveret
802 1858 821 1879 e
850 1850 932 1879 Mss.
956 1849 1088 1888 optime
1114 1848 1268 1888 reposuit
1285 1848 1387 1877 Bent.
1409 1847 1452 1877 R.
1466 1846 1512 1876 D.
1556 1844 1670 1876 Verba
1687 1843 1810 1874 eodem

354 1896 454 1925 modo
471 1904 537 1934 quo
560 1894 662 1923 Bent.
679 1893 826 1922 collocat
848 1892 942 1922 Peri.
994 1891 1119 1921 Viveret
1138 1891 1195 1921 ΒΓ.
1217 1890 1318 1921 Both.
1337 1889 1498 1919 Peri—4
1522 1888 1608 1918 Vult
1623 1887 1713 1926 Guy.
1732 1885 1811 1924 Ejus

355 1941 486 1968 mortuae
501 1937 540 1966 ad
554 1937 677 1966 ητα-6
696 1933 901 1964 Consobrinus
915 1933 948 1965 J.
967 1938 1001 1963 et
1017 1933 1171 1963 Venetus
1190 1932 1265 1963 cod.
1289 1932 1377 1962 Peri.
1423 1930 1461 1961 C.
1491 1934 1527 1960 et
1554 1929 1633 1960 Hel.
1654 1927 1810 1960 consobri-

353 1990 422 2017 nus,
434 1984 541 2010 reete.
560 1978 656 2008 Both.
668 1976 726 2017 qui
741 1977 800 2006 dat
819 1977 858 2010 Q.
875 1986 904 2005 v.
918 1979 1001 2006 estne
1016 1975 1066 2005 hic
1081 1985 1114 2006 re
1125 1974 1322 2005 consobrinus
1341 1972 1504 2013 Chrysidis
1515 1969 1593 2003 12——7
1618 1971 1652 2002 Is
1661 1974 1719 2007 est,
1737 1970 1810 2001 Cri-

354 2026 387 2052 to
409 2020 524 2053 Guelf.
553 2023 648 2051 2.—-8
674 2020 777 2058 Lege,
797 2019 860 2049 Nos
881 2019 932 2058 pol
955 2018 1085 2057 quidem.
1112 2018 1212 2048 Bent.
1237 2016 1387 2048 Invertit
1408 2021 1442 2046 et
1470 2014 1562 2045 Perl.
1607 2013 1680 2044 Itan
1693 2013 1752 2044 ΒΓ.
1774 2017 1812 2043 et

356 2065 491 2095 alib-9
515 2063 570 2094 Sic
586 2061 716 2092 addunt
740 2062 895 2100 lutei-pp.
918 2067 953 2090 et
977 2060 1048 2090 sine
1077 2060 1134 2089 illo
1160 2068 1227 2090 non
1256 2062 1392 2089 constat
1418 2066 1535 2088 versus
1562 2054 1728 2087 trimeter.
1752 2055 1812 2085 Er.

357 2107 413 2138 Sic
426 2107 514 2137 male
530 2116 548 2135 a
565 2104 734 2135 nonnullis
750 2103 934 2134 omittitur.
958 2102 1056 2133 Ii'est.
1102 2102 1335 2132 Ratio-versus
1361 2100 1483 2140 exigit,
1496 2102 1535 2129 ut
1548 2099 1649 2129 satine
1663 2099 1810 2138 legatur.

357 2150 452 2180 Bent.
496 2148 552 2178 Sic
579 2147 662 2177 dant
689 2146 790 2177 Both.
821 2146 912 2176 Perl.
931 2146 985 2184 qui
1008 2144 1049 2175 ad
1076 2143 1189 2177 ‘Quid
1213 2143 1283 2174 vos'
1309 2147 1431 2174 notat:
1457 2141 1698 2179 ‘GM-agitis.-
1721 2139 1811 2181 quod

357 2192 422 2223 nisi
451 2191 613 2231 glossema
638 2193 707 2227 est,
725 2189 779 2218 vix
807 2188 889 2218 alias
915 2188 1101 2218 invenitur.
1146 2186 1276 2226 Anglus
1299 2186 1361 2226 [sc.
1391 2183 1511 2223 Beut.]
1532 2187 1568 2214 et
1596 2183 1653 2213 alii
1678 2181 1732 2222 [ut
1755 2180 1811 2221 Z.]

358 2234 517 2274 conjung.
542 2232 588 2263 sic
620 2232 662 2262 Ut
684 2230 920 2261 incommode!
962 2230 1022 2260 Br.
1047 2229 1140 2260 delet
1166 2229 1308 2259 sia—10
1331 2226 1427 2258 Alias
1442 2226 1607 2257 iubeam.
1650 2225 1728 2256 Non
1755 2225 1812 2255 ha-

359 2277 420 2308 bet
446 2276 563 2316 quando
590 2274 665 2304 Rc.
698 2274 783 2304 Perl.
832 2272 1088 2312 Quandoquidem
1119 2270 1238 2302 Guelf.
1275 2273 1307 2302 2.
1350 2270 1393 2300 Ut
1423 2269 1574 2304 volumus,
1590 2268 1709 2308 qnando
1735 2269 1812 2297 3.-

359 2322 399 2349 12
424 2319 546 2349 Adtuli.
590 2317 644 2347 Ita
662 2316 900 2346 vetustissimae
928 2319 962 2344 et
988 2314 1125 2354 optimae
1152 2314 1229 2344 edd.
1254 2323 1297 2343 ex
1324 2312 1410 2343 Mss.
1437 2310 1706 2352 quamplurimis.
1748 2309 1812 2340 Pr.

359 2362 418 2392 lib.
432 2370 492 2391 xv.
518 2360 631 2390 Instit.
650 2358 838 2389 Grannuut.
855 2358 950 2387 allidi
963 2358 1058 2397 legit,
1077 2356 1167 2398 quod
1184 2356 1222 2387 F.
1236 2356 1274 2386 F.
1289 2355 1322 2385 in
1340 2359 1471 2395 septem
1490 2354 1577 2384 Mss.
1591 2352 1734 2383 invenit.
1754 2351 1813 2382 Tr.

359 2404 476 2444 appulit
494 2402 590 2442 legit.
612 2401 710 2433 lVest.
742 2400 859 2440 Appula·
878 2400 933 2430 Fa.
961 2399 1077 2430 dedit:
1102 2403 1138 2429 et
1163 2398 1246 2429 nihil
1275 2397 1464 2428 annotavit.
1509 2395 1606 2426 Unus
1622 2404 1666 2425 ex
1680 2393 1806 2425 nostris

361 2447 459 2477 bonae
483 2452 572 2476 notae
599 2444 701 2475 attuli,
745 2443 805 2474 Pr.
831 2453 861 2483 p.
881 2444 974 2473 1009.
996 2443 1005 2458 ‘
1022 2441 1239 2482 Auspicato:
1263 2440 1443 2471 Terentius
1469 2438 1502 2469 in
1525 2437 1676 2470 Andria:
1714 2436 1812 2467 Haut

1015 2537 1160 2569 NOTAE

405 2608 425 2635 6
448 2603 597 2634 Sobrinus
635 2601 814 2642 Chrysidis]
858 2601 1060 2634 Consobrini
1159 2603 1199 2631 12
1237 2599 1335 2632 Haud
1370 2596 1540 2638 auspicato]
1580 2597 1590 2614 ‘
1613 2593 1815 2635 Auspicari’

363 2654 501 2695 proprie
525 2653 685 2683 dicuntur
706 2652 776 2682 nati
798 2661 841 2682 ex
864 2652 996 2682 duabus
1013 2661 1062 2682 so·
1116 2655 1179 2688 est,
1196 2659 1237 2680 ex
1253 2649 1366 2680 avium
1382 2653 1484 2678 cantu
1502 2654 1560 2677 aut
1583 2650 1680 2687 gestu
1697 2643 1814 2676 futura

365 2704 516 2741 roribus3
533 2701 744 2740 sobrini‚filii
758 2702 1060 2740 consobrinoi-un13
1117 2700 1281 2731 divinare.
1304 2699 1314 2715 ‘
1328 2696 1534 2737 Auspicato’
1551 2702 1603 2727 est
1615 2695 1815 2726 adverbium

365 2753 549 2795 patrueles,
562 2752 621 2783 filii
635 2752 774 2782 duorum
791 2750 945 2783 fratrum.
1117 2749 1323 2791 significans,
1345 2746 1506 2788 auspiciis
1533 2745 1654 2778 factis:
1679 2747 1688 2763 ‘
1705 2745 1817 2776 inaus-
