1903 3306
270 230 358 272 458
771 242 812 271 Ρ.
844 241 1089 272 TERENTH
1124 242 1242 273 Anni

274 336 380 378 Non
402 338 556 393 major.
615 339 770 389 Thais,
793 353 927 393 quam
948 353 1028 393 ego
1051 354 1164 391 sum,
1185 340 1436 395 majuscula
1457 340 1523 384 ’st.

273 404 401 446 Misit
424 419 554 460 porro
577 420 716 456 orare,
738 411 788 448 ut
803 407 1017 457 venirem,
1041 407 1176 449 serio.

271 470 368 513 Aut
388 473 508 515 dicat
529 474 647 528 quod
668 474 787 526 volt3
812 477 889 515 aut
908 474 1099 515 molesta
1119 488 1172 515 ne
1195 475 1279 516 siet
1298 489 1307 516 ε

272 540 381 582 Non
401 543 543 584 hercle
566 543 737 584 veniam
760 543 903 584 tertio.
964 542 1114 593 Heus,
1134 543 1260 583 heus.
1321 543 1413 584 PY.
1448 544 1613 597 Ecquis
1632 543 1737 586 hic?

274 609 363 651 CH.
385 610 480 663 Ego
502 623 599 651 sum
622 609 846 651 Chremes.
879 610 969 650 PY.
993 609 1032 650 O
1056 611 1299 663 capitulum
1320 609 1666 664 lepidissimum!
1682 612 1740 653 25

273 676 364 718 CH.
396 677 512 717 Dico
534 689 615 730 ego
636 676 740 717 mihi
759 676 948 717 insidias
970 677 1081 717 fieri.
1143 678 1236 718 PY.
1266 676 1405 719 Thais
1427 692 1639 720 maxumo

272 744 339 785 Te
360 744 516 784 orabat
535 755 683 797 opere,
707 747 757 784 ut
777 756 875 785 eras
896 743 1074 785 redires.
1137 744 1228 786 CH.
1264 744 1365 786 Rus
1387 759 1454 788 eo.

272 812 365 853 PY.
398 811 492 853 Fac
515 812 688 852 amabo.
749 810 839 852 CH.
872 811 977 852 Non
999 825 1200 866 possum,
1223 813 1417 866 inquam.
1480 814 1570 854 PY.
1603 811 1668 856 At
1689 817 1736 855 tu

450 879 570 933 apud
591 892 672 920 nos
693 878 764 921 hic
783 892 928 931 mane,

277 947 394 990 Dum
414 947 566 989 redeat
586 947 703 1001 ipsa.
765 946 852 988 CH.
886 947 1015 989 Nihil
1039 947 1200 990 minus.
1260 949 1351 990 PY.
1383 948 1486 1001 Cur,
1515 949 1576 991 mi
1607 949 1741 992 Chre-

448 1016 574 1056 mes?

272 1122 364 1163 paulo
379 1120 477 1160 major
491 1131 538 1152 me
546 1124 603 1152 est.
634 1121 730 1152 Misit
745 1125 847 1153 autem
859 1121 914 1152 illa
929 1131 976 1152 me
991 1124 1135 1161 rogatum
1149 1121 1243 1160 serio,
1255 1125 1291 1153 ut
1305 1123 1346 1153 ad
1359 1132 1392 1154 se
1407 1123 1550 1154 venirem.
1581 1123 1650 1156 Aut
1658 1124 1745 1157 dicat

275 1166 343 1205 illa,
356 1164 430 1205 quid
446 1164 531 1201 velit,
546 1168 600 1195 aut
614 1164 692 1194 mihi
707 1164 883 1205 importuna
899 1175 958 1195 mm
983 1164 1049 1201 sit;
1071 1175 1129 1196 non
1143 1166 1277 1205 profecto
1293 1175 1360 1196 eam
1383 1166 1471 1197 adibo
1495 1166 1596 1197 tertio.
1641 1168 1746 1208 Heus,

277 1208 361 1238 heus.
408 1207 477 1238 ΡΥ.
502 1207 569 1238 Hic
591 1207 658 1248 quis
674 1205 747 1238 est?
793 1207 863 1239 Cn.
889 1208 959 1247 Ego
984 1217 1052 1238 sum
1070 1208 1224 1239 Chremes.
1272 1208 1341 1239 ΡΥ.
1370 1210 1399 1239 Ο
1422 1209 1556 1250 lepidum
1571 1210 1749 1243 hominem!

279 1251 349 1282 CH.
374 1250 433 1281 Aio
458 1250 536 1281 mihi
559 1250 610 1281 hz's
633 1250 753 1281 blandis
774 1250 874 1282 verbis
892 1249 1024 1281 insidias
1039 1251 1127 1291 fieri.
1174 1251 1244 1282 ΡΥ.
1272 1251 1369 1282 Thais
1394 1255 1424 1283 te
1447 1253 1533 1282 valde
1554 1253 1697 1292 rogabat,
1710 1258 1746 1286 ut

277 1303 348 1324 cras
363 1294 420 1324 huc
434 1294 561 1324 redires.
609 1293 675 1323 CH.
700 1293 754 1323 Aa
769 1294 874 1324 villam
888 1294 992 1324 eodem
1005 1293 1054 1324 die
1071 1293 1173 1324 iturus
1187 1304 1265 1325 sum.
1314 1295 1381 1325 ΡΥ.
1408 1295 1488 1326 Cras
1502 1295 1619 1334 redeas,
1633 1306 1746 1336 quoeso.

279 1336 348 1368 CH.
373 1337 447 1367 Non
460 1346 594 1377 possum,
605 1336 741 1375 inquam.
788 1336 859 1368 ΡΥ.
883 1336 928 1368 At
942 1337 975 1367 iu
991 1337 1048 1367 huc
1064 1340 1168 1367 nostra
1184 1338 1272 1367 clomo
1284 1337 1436 1378 tantisper
1451 1341 1589 1379 expecta,
1606 1339 1678 1370 dum
1692 1339 1747 1370 illa

278 1380 393 1411 redcat.
442 1380 511 1411 Cu.
538 1379 670 1410 Minime
686 1378 719 1410 id
732 1378 865 1417 faciam.
912 1379 982 1410 ΡΥ.
1010 1380 1086 1420 Cur,
1100 1379 1143 1410 mi
1162 1379 1330 1411 Chremes?
1375 1380 1445 1412 CH.
1473 1381 1557 1416 Quid
1571 1390 1619 1412 me
1633 1384 1744 1413 attrec-

893 1474 1131 1487 eeeeeeeeeeee

280 1541 311 1562 se
334 1531 439 1562 Bent.
468 1540 510 1561 ex
538 1530 598 1561 Pr.
623 1530 884 1562 sumsisse—21
911 1531 982 1571 Ego
1009 1541 1101 1571 quam
1125 1541 1205 1563 sum.
1251 1531 1297 1563 Ο.
1320 1531 1343 1563 l.
1368 1541 1394 1563 s.
1416 1541 1508 1571 quam
1532 1541 1588 1572 ego
1602 1541 1689 1564 sum.-
1711 1537 1747 1563 et

281 1578 495 1605 sustentatur
513 1583 643 1613 versus,
660 1584 727 1605 non
745 1573 838 1604 facta
855 1574 1031 1604 collisione
1057 1575 1088 1604 iu
1113 1584 1203 1613 quam
1220 1584 1287 1613 ego.
1311 1574 1372 1605 Fa.
1417 1575 1473 1605 Ita
1490 1576 1595 1606 nostri
1612 1585 1747 1616 quoque

282 1617 432 1648 universi
448 1628 456 1655 ;
484 1621 519 1647 et
536 1617 597 1648 Pr.
615 1627 649 1657 p.
666 1620 742 1648 609.
763 1617 772 1633 ‘
789 1616 831 1648 Id
848 1621 914 1655 est,
930 1626 1034 1657 parvo
1053 1617 1161 1657 major
1187 1627 1286 1658 quum
1305 1616 1394 1658 ego.'
1417 1618 1514 1649 Bent.
1562 1619 1632 1657 Ego
1657 1628 1749 1658 quum

282 1669 350 1691 sum
364 1661 427 1691 Fa.
443 1664 478 1690 et
494 1659 597 1690 Bent.
617 1670 658 1690 ex
675 1659 775 1691 codd.
791 1660 869 1700 Rip.
893 1661 953 1691 Fa.
970 1664 1084 1690 tamen
1102 1665 1197 1691 certe
1217 1660 1366 1690 vindicat
1382 1670 1470 1700 quam
1487 1670 1544 1699 ego
1558 1670 1638 1700 sum,
1662 1665 1697 1692 et
1712 1660 1747 1691 id

283 1704 318 1734 in
336 1708 469 1734 textum
487 1703 609 1742 recipit
627 1703 817 1734 Bent.—2·2
843 1703 899 1733 Ita
916 1703 1102 1742 distinguo.
1150 1704 1217 1734 Do.
1236 1703 1386 1742 dubitat,
1414 1713 1455 1733 an
1479 1703 1534 1733 hic
1557 1713 1674 1734 sensus
1691 1704 1748 1742 sit,

285 1756 326 1777 an
344 1746 415 1783 ille,
440 1745 533 1776 Misit
557 1755 650 1786 porro
677 1755 778 1785 orare,
805 1748 839 1775 ut
862 1746 940 1775 serio
956 1747 1103 1776 venirem.
1147 1745 1212 1776 Sed
1231 1745 1310 1786 quid
1328 1749 1380 1776 est
1396 1746 1475 1777 serio
1491 1746 1618 1778 venire?
1639 1747 1749 1778 West.

284 1789 363 1820 Non
381 1789 560 1828 distinguit
575 1789 635 1819 ΒΓ.
647 1794 726 1819 ante
744 1793 751 1805 ‘
768 1787 968 1819 semol—23
989 1789 1073 1824 Quid
1090 1788 1161 1818 velit
1180 1789 1254 1820 ΕΡ.
1300 1789 1351 1819 Ne
1363 1789 1490 1819 molesta
1506 1789 1556 1818 M.
1570 1789 1637 1819 ET.
1652 1790 1747 1820 West.

285 1831 442 1865 Quatuor
458 1831 567 1862 nostri
594 1841 668 1862 cum
687 1831 766 1862 edd.
792 1836 875 1862 vett.
899 1832 974 1871 quid
1000 1832 1073 1861 tolt-
1120 1832 1238 1862 Recte.
1266 1832 1359 1863 Bent.
1407 1831 1492 1866 Quid
1509 1831 1635 1871 placet.
1660 1832 1748 1863 Perl.

285 1875 343 1915 qui
362 1874 394 1904 id
411 1875 468 1904 dat
486 1884 561 1904 cum
579 1874 637 1905 Er:
656 1875 756 1905 Both.
773 1878 808 1904 et
826 1874 867 1904 R.
887 1875 1017 1904 l).—-24
1043 1874 1337 1905 Heus...Cln·emes.
1381 1874 1437 1904 Sic
1460 1883 1534 1904 cum
1551 1874 1619 1906 Do.
1637 1875 1750 1915 legen-

286 1918 365 1948 dum
384 1922 419 1948 et
436 1917 713 1956 distinguendum
733 1920 848 1947 monet
864 1916 953 1956 Guy.
999 1916 1046 1947 At
1063 1917 1233 1947 Donatum
1250 1917 1324 1946 haec
1352 1917 1464 1947 omnia
1492 1916 1549 1947 uni
1578 1916 1751 1948 Chremeti

288 1960 456 1998 tribuere,
478 1964 573 1990 recte
592 1960 749 1991 observat
769 1959 931 1990 Faernus.
975 1958 1037 1990 Tr.
1063 1960 1107 1989 Et
1123 1962 1190 1999 quis
1205 1959 1255 1990 hic
1271 1963 1338 1990 est?
1382 1960 1540 1991 Quatuor
1556 1959 1674 1992 Leidd.
1698 1959 1751 2000 [et

286 2003 365 2043 Br.]
392 2003 505 2042 Ecquis
521 2003 571 2033 hic
587 2007 654 2034 est?
697 2004 808 2042 Unus,
826 2002 940 2042 Ecquis
958 2002 1031 2032 hic?
1077 2002 1152 2033 ΕΡ.
1176 2002 1256 2037 Quis
1271 2005 1315 2033 est
1331 2002 1402 2033 hic?
1446 2002 1497 2033 Ut
1512 2001 1634 2043 dicam,
1659 2002 1751 2044 quod

287 2046 419 2083 senti03
443 2050 579 2086 poterat
597 2046 796 2076 adolescens
813 2044 989 2075 commode
1008 2044 1138 2083 dicere,
1168 2045 1235 2084 Ego
1251 2054 1317 2075 sum
1337 2045 1493 2081 Chremes,
1508 2045 1592 2076 licet
1608 2055 1675 2076 non
1699 2045 1750 2076 in-

290 2093 495 2128 terrogatum,
518 2089 631 2128 Ecquis
647 2088 717 2119 hic?
763 2087 831 2119 Sed
860 2093 894 2119 et
922 2087 1097 2118 commode
1127 2088 1288 2119 Chremes
1315 2087 1441 2118 clamat
1466 2088 1508 2118 de
1530 2087 1606 2119 via:
1633 2088 1752 2129 Ecquis

288 2132 359 2163 hic?
394 2132 479 2164 Quae
499 2132 601 2161 verba
618 2131 643 2161 si
663 2131 799 2170 Pytliiae
818 2131 961 2170 tribuaS‚
976 2131 1031 2161 vix
1050 2130 1158 2161 audiri
1176 2131 1289 2170 potuit
1306 2129 1338 2160 in
1356 2130 1438 2170 ipsis
1454 2129 1584 2161 aedibus
1599 2131 1752 2171 loquens.

288 2174 356 2205 Sed
376 2184 437 2205 nec
456 2174 611 2214 aperturi
628 2174 753 2205 ostium
770 2174 998 2214 loquebantur
1016 2172 1102 2212 fere,
1128 2173 1193 2203 nisi
1214 2174 1286 2213 jam
1304 2177 1426 2213 aperto
1444 2173 1544 2205 ostio.
1591 2173 1751 2213 Demum,

290 2218 354 2248 nisi
372 2217 651 2258 parturientium,
666 2226 734 2247 non
764 2217 881 2247 audita
902 2217 934 2247 in
961 2216 1091 2246 aedibus
1108 2217 1278 2256 loquentis
1295 2225 1372 2247 vox.
1405 2216 1506 2247 West.
1552 2216 1642 2247 Heus
1667 2218 1751 2248 heus.

290 2260 359 2290 ΡΥ.
396 2260 462 2290 Hic
488 2260 563 2299 quid
593 2263 659 2290 est?
718 2261 786 2290 CH.
819 2260 859 2290 E.
887 2269 914 2291 s.
947 2259 1000 2298 C.]
1048 2258 1207 2299 Apparet
1240 2260 1407 2290 Donatum
1445 2258 1556 2289 omnia
1586 2259 1659 2290 haec
1694 2259 1751 2290 uni

291 2303 483 2334 Chremetis
513 2312 667 2342 personae
704 2302 916 2333 attribuere:
952 2304 1121 2341 praeterea
1152 2311 1182 2332 o.
1210 2301 1233 2332 l.
1261 2312 1287 2332 S.
1319 2306 1474 2333 recentes
1506 2301 1643 2338 habent,
1675 2302 1754 2338 Quis

291 2346 340 2376 hic
372 2349 440 2376 est?
479 2344 605 2375 vetusti
637 2354 717 2376 vero
750 2350 785 2376 et
821 2345 990 2383 Donatus,
1023 2345 1135 2384 Ecquis
1149 2344 1198 2374 hic
1213 2347 1281 2374 est?
1311 2344 1344 2375 in
1373 2345 1471 2376 Bem.
1499 2348 1612 2375 tamen
1637 2345 1752 2385 adjec-

293 2393 365 2419 tum
395 2387 461 2419 fuit
487 2388 549 2418 alia
577 2397 676 2418 manu
700 2388 855 2426 verbnm,
884 2391 944 2418 est:
979 2397 1044 2427 quo
1072 2397 1132 2418 nos
1160 2391 1303 2427 propter
1329 2396 1463 2417 versum
1492 2386 1650 2418 detracto
1677 2397 1751 2418 eam

292 2430 475 2461 lectionem
508 2434 676 2461 tenemus.
722 2430 870 2461 Fu'c'rnus.
932 2431 1041 2460 Recte
1072 2430 1144 2460 haec
1174 2430 1300 2461 omnia.
1340 2429 1439 2462 Bent.
1496 2429 1615 2470 Ecquid
1639 2430 1689 2461 hic
1708 2433 1754 2461 est

293 2473 336 2504 R.
354 2473 448 2503 Lind.
496 2474 610 2513 Ecquis
636 2473 685 2503 hic
709 2474 768 2504 Fa.
796 2483 834 2503 ac
858 2474 960 2503 Bent.
1008 2472 1199 2503 Chremetis
1227 2482 1302 2502 esse
1326 2472 1409 2502 mire
1437 2472 1642 2504 existimant.
1668 2473 1753 2504 Perl.

294 2516 363 2546 Hic
383 2516 452 2555 quis
470 2518 513 2545 est
541 2515 595 2546 ed.
613 2516 829 2555 De1p11.—-26
854 2516 1076 2554 interrogant
1095 2519 1172 2555 post
1195 2515 1204 2531 ⁴
1221 2513 1316 2545 fieri'
1336 2514 1439 2545 Bent.
1462 2515 1540 2555 Bip.
1564 2515 1754 2546 Both.-—28

294 2559 340 2589 At
365 2560 445 2598 apud
470 2568 522 2588 nos
548 2558 596 2588 hic
612 2568 712 2589 mune.
759 2558 803 2589 Ο.
834 2558 855 2589 l.
881 2568 907 2589 s.
943 2562 1020 2597 post
1066 2558 1075 2574 ‘
1093 2557 1150 2588 At’
1178 2557 1304 2588 habent
1328 2566 1512 2597 pronomen
1539 2560 1584 2588 tu.
1629 2558 1753 2588 Versus

295 2605 409 2631 autem
425 2604 502 2640 stat,
516 2601 555 2640 si,
574 2610 616 2631 ex
633 2602 726 2641 apud,
738 2602 758 2632 d
775 2600 896 2633 elidas.
917 2601 975 2632 Fu.
1020 2600 1076 2631 Sic
1093 2600 1200 2631 nostri
1213 2609 1340 2632 omues.
1365 2600 1550 2632 Bent.-29
1575 2600 1641 2630 Cur
1657 2599 1755 2632 abest

960 2680 1099 2713 NOTAE

351 2746 392 2776 21
433 2744 609 2785 Majusc-ula
654 2745 712 2786 ἐι]
761 2746 999 2777 Ratiocinatur
1056 2753 1149 2780 suam
1175 2754 1323 2776 sororem
1341 2743 1556 2785 Pamphilam
1573 2753 1615 2776 ex
1631 2747 1760 2786 aetnte;

299 2788 459 2820 Chremes
488 2797 555 2820 uon
596 2797 698 2829 posse
732 2788 892 2821 Thaidem
928 2798 1001 2821 csse
1056 2795 1156 2827 Thais
1174 2796 1261 2829 enim
1279 2795 1353 2837 ipso
1369 2795 1476 2836 major
1497 2799 1583 2828 erat,
