1903 3306
555 243 781 274 EUNUCHI
815 243 926 274 Ao'r.
952 244 984 274 1.
1016 245 1083 275 sc·
1117 247 1169 276 11.
1499 238 1583 278 407

123 338 254 381 Illam
274 337 505 379 scelestam
528 351 640 387 esse,
663 343 709 379 et
729 352 798 379 me
821 340 1041 389 miserum,
1064 340 1233 381 sentio:

125 407 185 447 Et
213 406 382 448 taedet:
413 411 457 446 et
488 419 636 447 amore
668 407 830 448 ardeo:
865 411 908 448 et
937 407 1143 460 prudens,
1175 408 1335 458 sciens,

123 473 283 523 Vivus,
304 473 547 527 vidensque
568 487 726 527 pereo:
750 487 829 515 nec
861 474 968 528 quid
993 488 1136 527 agam,
1158 476 1265 515 scio.

124 541 212 582 PA.
245 540 367 591 Quid
388 542 528 594 agas?
550 542 638 582 nisi
658 545 706 582 ut
724 546 767 582 te
789 543 977 583 redimas
1001 548 1182 596 captum
1205 556 1336 596 quam
1359 558 1493 597 queas

124 608 337 649 Minimo:
360 609 397 648 si
416 621 613 661 nequeas
635 609 832 662 paululo,
856 614 901 650 at
920 610 1073 662 quanti
1093 622 1232 663 queas
1251 623 1260 650 :
1522 613 1578 654 30

123 677 181 718 Et
200 690 254 717 ne
277 681 320 717 te
343 675 540 717 affiictes.
602 677 691 717 PH.
725 677 852 718 Itane
874 677 1071 717 suades?
1134 677 1222 716 ΡΛ.
1254 676 1302 717 si
1323 680 1470 732 sapis:

124 744 298 797 Neque,
321 748 617 797 praeterquam
637 758 747 798 quas
767 745 867 798 ipse
891 758 1013 786 amor
1035 745 1264 785 molestias

122 811 290 860 Habet,
311 811 451 852 addas
469 824 479 852 z
512 815 553 852 et
574 812 690 862 illas,
715 826 828 866 quas
850 813 995 861 habet,
1017 816 1135 853 recte
1157 812 1287 852 feras.

121 878 213 920 Sed
233 891 340 920 ecca
358 879 461 932 ipsa
482 879 718 932 egreditur,
748 882 886 922 nostri
906 881 1032 921 fundi
1055 880 1299 921 calamitas.

122 946 257 997 Nam,
279 946 400 1000 quod
422 959 505 988 nos
527 960 685 1000 capere
705 953 896 1001 oportet,
920 948 1014 988 haec
1035 947 1271 1000 intercipit.
1522 948 1579 990 35

119 1061 273 1098 infelicem
287 1063 385 1103 video,
398 1067 430 1094 et
445 1064 537 1094 taedio
553 1064 617 1103 eius
633 1064 765 1105 afficior,
788 1068 818 1095 et
839 1074 940 1095 amore
958 1065 1079 1105 flagro,
1095 1068 1125 1095 et
1142 1064 1330 1103 intelligens,
1345 1064 1493 1103 sentiens,
1516 1064 1581 1104 spi·

119 1114 204 1145 rans,
230 1106 455 1146 inspiciensque
483 1107 516 1137 in
546 1106 677 1137 exitium
705 1116 785 1143 ruo,·
808 1117 874 1145 nec,
903 1108 978 1146 quid
1008 1118 1110 1146 agam,
1139 1109 1212 1138 scio.
1259 1108 1323 1137 ΡΑ.
1351 1107 1436 1142 Quid
1457 1106 1579 1146 facias,

118 1147 180 1178 nisi
204 1151 240 1179 ut
263 1153 293 1180 te
317 1150 473 1189 captivum
500 1149 610 1180 liberes
635 1149 735 1188 pretio
765 1160 855 1189 quam
882 1150 1029 1180 vilissimo
1057 1149 1179 1189 possis?
1202 1150 1230 1180 si
1260 1160 1390 1189 nequeas
1415 1160 1522 1189 parvo,
1546 1153 1580 1180 at

119 1191 228 1228 quanti
250 1192 360 1231 possis,
380 1201 474 1232 neque
499 1195 528 1222 te
550 1192 789 1231 (egritudinibus
803 1193 900 1223 animi
915 1202 1082 1223 consumas.
1130 1194 1200 1224 PH.
1225 1193 1316 1223 Itane
1332 1191 1466 1223 suades?
1512 1192 1579 1223 ΡΑ.

119 1232 158 1263 Si
176 1237 277 1265 mente
299 1244 390 1265 sanus
413 1244 457 1273 es,
482 1244 575 1275 neque
597 1238 714 1274 praeter
737 1244 786 1265 eas
802 1235 1026 1273 solicitudines,
1042 1246 1109 1275 quoe
1125 1245 1258 1266 amorem
1272 1237 1368 1266 solent
1383 1235 1484 1275 sequi,
1500 1236 1579 1265 alias

119 1275 168 1305 his
182 1276 335 1315 adjungas
348 1287 359 1313 ;
381 1280 472 1316 atque
487 1287 549 1314 eas,
564 1287 638 1317 quas
663 1277 791 1317 praebet,
816 1288 900 1318 (equo
923 1279 1026 1308 animo
1042 1280 1205 1309 sustineas.
1250 1277 1311 1308 Sed
1327 1288 1392 1309 ecce
1407 1288 1447 1308 ex
1462 1278 1578 1308 <edibus

114 1318 220 1398 prJdit
237 1320 310 1358 agri
322 1319 420 1350 nostri
432 1320 612 1351 calamitosa
627 1323 813 1360 tempestas;
828 1331 912 1361 nam,
929 1323 1008 1361 quod
1030 1331 1084 1352 nos
1099 1322 1243 1361 colligere
1258 1324 1386 1361 oportet,
1401 1320 1457 1352 illa
1480 1325 1578 1351 totum

119 1370 158 1390 au
175 1365 226 1392 ert
241 1365 272 1393 et
287 1363 381 1402 capit.

728 1427 806 1438 cet-e
810 1426 868 1438 ‘N
870 1427 967 1439 ooooo

119 1492 266 1521 sca—30
288 1490 323 1523 J.
338 1490 545 1522 Nimim—32
569 1491 613 1522 G.
627 1491 697 1522 ET.
712 1496 747 1522 et
760 1492 839 1522 EM.
852 1496 964 1532 proeter
975 1493 1149 1531 quas.—33
1174 1490 1213 1521 In
1228 1490 1329 1521 Both.
1339 1489 1376 1520 τὸ
1387 1493 1416 1520 et
1428 1490 1579 1522 deest.—

119 1535 162 1564 34
185 1532 246 1564 Sed
267 1533 335 1573 ipsa
359 1533 534 1573 egreditur]
560 1534 698 1565 Nullum
717 1534 774 1566 lib.
791 1535 858 1565 vidi
877 1536 908 1565 in
928 1545 994 1575 quo
1011 1544 1076 1565 non
1094 1534 1142 1564 ita
1160 1534 1304 1573 legatur,
1317 1533 1372 1564 Set
1383 1543 1451 1564 ecca
1465 1535 1531 1574 ipsa
1547 1545 1574 1566 e.

119 1575 206 1606 ratio
223 1576 379 1607 carminis
395 1581 543 1615 constat,
559 1577 584 1606 si
598 1587 639 1606 ex
653 1577 722 1616 Set,
740 1578 847 1608 elidas
863 1581 887 1609 t.
902 1578 961 1608 Fa.
989 1577 1113 1607 Eadem
1131 1576 1256 1607 chorda
1273 1585 1407 1616 semper
1422 1576 1575 1609 oberrat:

117 1617 186 1649 noli
203 1621 217 1649 t
232 1619 373 1659 elidere,
390 1619 449 1650 sed
461 1629 493 1650 ec
504 1619 690 1660 corripere.
718 1621 896 1652 Bent.——35
921 1620 961 1651 In
977 1621 1068 1661 Lips.
1080 1624 1145 1659 est,
1157 1620 1232 1649 Jam
1244 1620 1322 1659 quod
1338 1628 1400 1650 noS.

776 1695 915 1726 NOTAE

163 1758 205 1788 34
228 1756 342 1787 Nostri
359 1755 458 1794 fundi
485 1757 662 1798 calamitas]
697 1758 707 1775 ‘
723 1758 820 1789 Cala-
919 1761 958 1788 35
986 1758 1080 1796 Nam,
1096 1758 1174 1797 quod
1189 1766 1242 1787 nos
1257 1767 1363 1797 capere
1378 1758 1512 1799 oportet]
1535 1759 1575 1797 Id

118 1807 220 1838 mitas
234 1809 242 1822 '
264 1812 316 1838 est
333 1807 461 1847 grando
477 1801 512 1838 'et
529 1811 728 1848 tempestas,
746 1819 820 1849 quae
876 1815 943 1839 est:
984 1809 1097 1848 Thais,
1134 1814 1251 1839 nostra
1282 1809 1463 1849 pernicies,
1501 1821 1576 1852 quae

117 1857 266 1888 calamos
292 1861 446 1897 segetum
463 1857 651 1897 prosternit
679 1863 715 1889 et
742 1869 821 1890 con·
876 1858 1082 1899 Phaedriam,
1111 1859 1227 1889 herum
1257 1867 1381 1898 meum,
1413 1861 1578 1892 sumtibus

117 1907 220 1938 terit:
237 1906 326 1938 unde
339 1907 461 1939 Cicero
471 1908 615 1938 Verrem
626 1913 726 1939 vocat
742 1909 750 1925 ‘
766 1918 821 1939 ca·
878 1910 1039 1950 absumit,
1066 1909 1229 1950 capitque
1257 1909 1370 1939 omnia
1396 1919 1471 1950 quae
1495 1912 1575 1943 alio-

116 1957 308 1990 lamitosam
325 1957 594 1999 ten1pestatem.’
875 1960 954 2002 quin
969 1961 1009 1991 ab
1026 1960 1083 1991 illo
1099 1960 1130 1991 in
1147 1969 1206 1990 nos
1219 1958 1468 1993 conferrentur.

514 2262 716 2305 ACTUS
750 2262 809 2321 I„
852 2262 1059 2305 SCENA
1090 2264 1154 2305 ΙΙ.

473 2396 637 2427 THAIS.
671 2395 923 2425 PHAEDRIA.
957 2395 1215 2427 PARMENO.

114 2462 209 2504 ΤΗ.
241 2463 485 2504 MISERAM
508 2477 576 2504 me
596 2464 604 2505 !
623 2476 774 2505 vereor
794 2477 846 2504 ne
868 2463 975 2504 illud
997 2465 1177 2517 gravius
1198 2462 1401 2506 Phaedria

114 2529 302 2579 Tulerit,
321 2543 429 2572 neve
451 2530 675 2579 aliorsum,
697 2536 831 2583 atque
853 2544 935 2584 ego
958 2531 1062 2580 feci,
1083 2532 1317 2585 acceperit,

118 2595 256 2646 Quod
275 2597 370 2638 heri
392 2599 665 2639 intromissus
686 2612 771 2638 non
791 2602 873 2640 est.
935 2598 1024 2639 PH.
1055 2599 1213 2649 Totus,
1237 2599 1469 2649 Parmeno,

154 2721 227 2752 ΤΗ.
251 2721 326 2752 Heu
340 2731 388 2752 me
402 2721 555 2759 infelicem
569 2721 583 2752 ,Ι
605 2721 712 2752 dubito
726 2732 764 2752 ne
787 2721 865 2752 illud
886 2723 1042 2752 molestius
1056 2733 1147 2762 quam
1162 2722 1270 2753 debeat
1288 2723 1436 2755 Phoedria
1452 2724 1571 2764 tulerit,

112 2772 186 2794 neve
201 2764 235 2794 in
259 2765 352 2794 aliam
371 2768 503 2804 purtem,
524 2768 617 2803 atque
642 2775 697 2802 ego
712 2765 790 2803 jeci,
815 2766 977 2804 acciperet,
1002 2767 1080 2805 quod
1102 2766 1245 2797 hesterna
1270 2767 1319 2797 die
1341 2767 1374 2797 in
1389 2767 1468 2797 mles
1490 2777 1571 2797 mens

114 2806 263 2837 admissus
278 2817 338 2838 non
354 2810 409 2838 est.
456 2807 526 2838 PH.
551 2807 660 2838 Totum
678 2817 797 2847 corpus,
815 2808 982 2847 Parmeno,
1007 2808 1082 2839 mihi
1104 2812 1237 2839 tremore
1252 2810 1438 2846 concutitur,
1452 2810 1570 2839 lem-rel-
