1903 3306
317 223 402 266 248
767 234 1021 266 meminus
1053 236 1332 268 nummulus

373 326 504 377 Negat
522 327 631 377 quis!
652 325 765 379 nego,
781 328 848 375 ait,
868 329 941 366 aio.
1097 328 1175 366 Sed
1197 329 1336 367 ostium
1356 328 1593 383 concrepuit·

374 389 591 437 Enimvero,
607 391 730 436 Dave,
744 391 796 428 nil
814 392 887 429 loci
901 398 973 429 est.
1102 391 1256 429 Nemini
1277 392 1388 442 plura
1408 394 1559 431 acerba.

373 455 530 492 Habent
548 453 764 504 despicatu.
1106 455 1211 498 Quid
1228 454 1367 506 ignave
1387 457 1579 507 penicul0.

375 518 494 555 Dolet
512 516 659 555 dietum
679 518 926 569 imprudenti.
1107 519 1184 556 Sed
1204 526 1315 557 estne
1335 519 1400 558 ille
1421 528 1566 559 noster.

372 581 497 619 Adest
517 581 661 632 optime
681 582 777 632 ipse.
1106 583 1250 621 Tamen
1272 582 1334 620 vix
1353 584 1532 622 humane.

376 646 510 683 Solent
529 644 615 683 esse
635 645 674 683 id
696 659 773 682 non
796 646 850 683 fit.
1112 647 1234 684 Tacet
1253 649 1320 685 cur
1341 661 1419 685 non
1437 647 1545 686 ludo.

375 709 479 753 Quid
503 709 593 747 huic
613 708 676 747 hic
697 711 879 761 negotist.
1114 711 1234 750 Jubet
1254 711 1400 749 frater?
1428 711 1493 750 ubi
1513 712 1545 750 is
1565 719 1639 750 est.

374 772 542 810 Student
562 771 703 811 facere.
1111 775 1253 813 Omnia
1273 774 1407 814 omnes
1427 775 1492 814 ubi
1509 776 1741 815 resciscunt.

324 868 424 914 Hoc,
445 874 487 905 ut
507 867 629 914 vides,
649 868 818 907 Terentii
843 869 1034 920 judicium
1064 876 1170 914 erat;
1201 877 1244 908 ut
1266 871 1305 908 in
1326 872 1448 921 primo
1468 872 1547 910 fere
1566 872 1665 923 pede
1687 885 1771 910 ver-

323 943 403 976 sus,
422 931 486 968 ubi
513 932 682 982 paratior
701 933 814 970 venia
843 941 916 979 est,
951 933 1107 971 licentia
1126 933 1192 972 illa
1212 940 1411 973 uteretur:
1441 934 1586 973 idcirco
1607 948 1773 973 excusa·

321 993 407 1040 tior,
426 995 531 1045 quod
551 1008 629 1033 non
651 996 734 1047 ipse
762 1009 846 1034 eam
873 997 1018 1048 primus
1053 997 1250 1041 intulerit;
1281 997 1351 1035 sed
1378 1011 1401 1036 a
1419 998 1576 1045 Plauto,
1599 998 1773 1045 Caecilio,

320 1058 535 1109 ceterisque
556 1067 637 1097 tum
656 1060 694 1097 in
716 1074 835 1099 scena
847 1061 1098 1111 regnantibus
1114 1068 1314 1112 acceptam
1331 1062 1545 1101 retinuerit.
1599 1062 1774 1100 Licentia

320 1128 421 1160 certe
451 1131 554 1166 erat;
595 1130 634 1161 et
668 1124 831 1176 indigna
870 1125 982 1172 forte,
1020 1126 1081 1164 cui
1117 1126 1272 1163 Romuli
1311 1133 1472 1178 nepotes
1509 1125 1771 1177 indulgerent.

323 1185 437 1232 Nam,
458 1187 524 1237 qui
544 1187 658 1226 hodie
690 1201 768 1226 non
798 1189 980 1228 Comicos
1012 1197 1163 1228 veteres
1195 1198 1435 1236 excusatum,
1467 1189 1537 1228 sed
1568 1189 1772 1228 defensum

321 1255 440 1292 ennt;
472 1251 538 1301 qui
565 1252 710 1290 fontem
731 1254 784 1292 rei
813 1267 1048 1305 causamque
1075 1261 1116 1292 et
1140 1254 1326 1305 originem
1347 1253 1604 1305 deprendisse
1626 1267 1667 1292 se
1689 1253 1773 1304 glo-

321 1312 494 1358 riantur;
530 1317 756 1367 popularem
790 1317 939 1356 scilicet
971 1325 1065 1356 tunc
1100 1318 1281 1368 temporis
1302 1317 1576 1368 pronuntiandi
1596 1330 1740 1355 morem
1762 1331 1772 1355 z

322 1382 366 1412 ut
384 1389 546 1417 necesse
579 1380 694 1418 fuerit
725 1381 898 1428 comicis,
932 1395 1019 1433 quae
1054 1382 1171 1419 verba
1203 1381 1397 1419 communi
1429 1381 1569 1419 civium
1596 1393 1775 1419 sermone

323 1442 460 1490 spretis
479 1444 785 1483 consonantibus
807 1444 940 1496 rapide
960 1444 1232 1492 efferebantur,
1247 1458 1294 1483 ea
1313 1446 1429 1483 verba
1449 1445 1486 1482 in
1503 1445 1582 1483 suis
1601 1445 1773 1491 Fabulis,

323 1516 411 1554 quae
432 1505 689 1545 audiebantur
710 1509 869 1555 scilicet,
883 1522 961 1546 non
977 1508 1217 1560 legebantur,
1233 1508 1446 1558 corripere:
1469 1522 1530 1546 nae
1543 1508 1597 1546 illi
1610 1521 1776 1560 operoso

323 1576 466 1607 conatu
505 1570 598 1609 nihil
637 1571 787 1618 dicunt,
825 1573 1055 1623 pollicentes
1093 1586 1237 1624 magna
1273 1573 1368 1610 nihil
1407 1573 1613 1611 extricant.
1670 1571 1774 1616 Quid

324 1633 457 1671 enim?
488 1634 519 1673 si
539 1648 634 1673 usus
654 1642 736 1673 tum
755 1636 895 1675 civium
915 1636 1144 1683 communis,

432 1718 558 1762 Quem
579 1732 698 1770 penes
719 1720 916 1759 arbitrium
937 1728 998 1760 est
1016 1727 1055 1759 et
1069 1720 1134 1772 jus
1154 1725 1193 1758 et
1210 1733 1344 1758 norma
1363 1719 1563 1771 loquendi,

326 1797 496 1849 syllabas
513 1800 562 1838 de
581 1802 723 1852 quibus
744 1803 870 1853 agitur
901 1802 1039 1854 raptim
1068 1801 1366 1852 pronuntiabat3
1391 1801 1472 1852 jam
1505 1813 1582 1840 non
1611 1802 1780 1840 comico-

325 1875 408 1899 rum
429 1863 489 1901 vel
509 1864 668 1904 licentia
686 1865 747 1904 vel
766 1867 911 1904 crimen
939 1872 1012 1912 est,
1043 1866 1108 1918 qui
1129 1866 1223 1904 mori
1240 1866 1555 1916 obtemperantes
1573 1878 1640 1904 eas
1659 1866 1779 1903 corri-

326 1926 507 1980 piebant3
530 1929 598 1968 sed
620 1930 830 1983 epicorum,
844 1931 910 1982 qui
930 1944 1002 1969 usu
1023 1931 1265 1981 improbante
1280 1928 1561 1981 producebant.
1618 1929 1780 1966 Mutan-

325 1995 389 2027 tur
409 1997 561 2029 tantum
582 1993 658 2036 rei;
695 1994 836 2032 crimen
869 1995 997 2045 ipsum
1031 2007 1106 2032 non
1142 1994 1306 2032 eluitur:
1336 2000 1404 2030 aut
1436 1993 1474 2031 hi
1508 1999 1575 2031 aut
1604 1993 1659 2031 illi
1688 1999 1780 2031 sunt

327 2054 454 2105 culpae
475 2054 702 2096 damnandi.
760 2059 910 2102 Quibus
942 2065 1071 2096 autem
1101 2057 1218 2109 culpa
1245 2057 1404 2104 haereat,
1435 2056 1534 2095 scitu
1553 2049 1778 2094 facillimum

329 2124 401 2155 est.
460 2119 631 2158 Priorem
664 2121 716 2168 in,
754 2122 831 2168 ille,
870 2130 921 2169 et,
960 2136 1060 2169 esse,
1094 2128 1319 2160 constanter
1354 2121 1620 2173 producebant
1651 2120 1778 2171 epici3

330 2181 473 2219 Noster
493 2183 686 2222 interdum
714 2186 884 2236 corripit,
918 2187 1061 2238 saepius
1094 2185 1296 2236 producit:
1327 2184 1433 2235 quod
1464 2183 1494 2221 si
1528 2190 1632 2221 recte
1666 2189 1704 2220 et
1732 2195 1779 2220 ex

330 2258 403 2282 usu
424 2247 593 2298 corripit,
613 2255 722 2287 tanto
740 2250 897 2301 saepius,
919 2251 1009 2288 dum
1031 2250 1175 2301 saepius
1197 2248 1387 2300 producit,
1407 2254 1557 2298 peccat.
1602 2247 1780 2297 Propter,

331 2307 436 2359 apud
454 2312 586 2361 epicos
607 2325 759 2363 semper
779 2313 904 2365 priore
932 2313 1051 2365 longa
1070 2320 1130 2352 est
1147 2327 1156 2352 :
1188 2313 1331 2351 Noster
1351 2311 1471 2350 semel
1489 2310 1660 2361 corripit,
1677 2308 1780 2348 And.

336 2386 382 2411 Π.
405 2374 442 2411 6.
465 2375 501 2411 8.

547 2447 707 2499 Propter
725 2449 894 2501 hospita'i
912 2450 1075 2502 hujusce
1094 2448 1430 2489 consuetudinem.

336 2510 375 2547 Si
397 2509 471 2548 hoc
499 2523 546 2548 ex
566 2514 848 2552 consuetudine
868 2515 971 2566 vulgi
988 2528 997 2558 ;
1030 2527 1099 2552 cur
1119 2514 1220 2551 intra
1240 2512 1433 2560 decimum
1453 2523 1619 2558 versum,
1639 2516 1679 2549 et
1697 2510 1781 2548 ubi-

335 2587 410 2624 que
428 2574 536 2621 alias,
558 2576 763 2626 producit?

498 2659 562 2697 Nil
583 2659 737 2711 propter
757 2662 858 2700 hanc
881 2677 889 2701 ε
920 2663 989 2701 sed
1009 2669 1070 2702 est
1088 2662 1193 2713 quod
1214 2667 1419 2699 succenset
1438 2658 1517 2696 tibi.

340 2733 484 2771 Eadem
524 2733 757 2785 reliquorum
791 2737 887 2775 ratio
921 2744 1001 2777 est:
1033 2736 1172 2787 quibus
1211 2734 1324 2772 venia
1361 2731 1531 2783 quidem,
1569 2731 1783 2782 praesertim
