1903 3306
558 243 781 275 num'cffl
807 243 916 274 AcT.
941 243 969 273 1.
1003 243 1069 272 sc.
1091 243 1143 274 11.
1496 238 1580 276 409

126 352 216 393 Ta.
248 349 418 391 Siccine
439 347 522 396 ais,
542 345 789 387 Parmeno?
812 358 894 398 age
911 346 920 387 !
943 344 1020 385 sed
1039 344 1125 385 huc
1143 357 1232 398 qua
1251 346 1390 397 gratia

127 419 191 460 Te
214 414 525 468 arcessijussi‚
546 414 761 454 ausculta.
822 413 912 454 PH.
946 413 1063 454 Fiat.
1121 412 1211 453 ΤΗ.
1244 413 1333 453 Dic
1359 414 1463 455 mihi
1523 417 1579 458 :20

129 486 231 526 Hoc
249 484 453 538 primum,
470 479 610 534 potin'
631 484 694 520 est
715 480 786 520 hic
810 481 993 521 tacere?
1055 479 1142 520 PA.
1175 479 1329 532 Egone
1347 481 1364 521 ¹?
1387 486 1581 535 optume.

125 553 292 594 Verum
312 551 417 590 heus
438 553 498 597 tu,
528 548 611 588 hac
632 548 729 599 lege
753 549 832 588 tibi
853 561 993 588 meam
1016 547 1211 599 astringo
1234 546 1390 589 fidem:

129 620 244 670 Quae
266 631 372 659 vera
391 615 556 664 audivi,
577 619 718 664 taceo,
743 621 786 656 et
803 615 1006 656 contineo
1028 620 1232 668 optume3

128 688 206 728 Sin
225 686 402 734 falsum,
424 687 500 724 aut
519 695 694 731 vanum,
718 687 791 722 aut
812 682 960 722 fictum
981 687 1065 731 est,
1098 683 1305 724 continuo
1334 684 1480 737 palam
1502 689 1582 727 est.

127 756 296 796 Plenus
314 753 519 793 rimarum
543 763 654 799 sum,
679 750 761 791 hac
783 755 914 803 atque
938 750 1040 790 illac
1061 750 1246 803 perfluo.
1526 754 1583 794 25

127 822 260 863 Proin
280 826 342 869 tu,
363 819 500 860 taceri
523 818 563 858 si
583 818 664 868 vis,
684 831 790 859 vera
811 817 965 858 dicito.

127 889 219 931 ΤΗ.
252 888 402 929 Samia
421 886 525 927 mihi
545 888 686 926 mater
704 886 815 926 fuit:
844 899 898 926 ea
918 884 1148 925 habitabat
1172 883 1334 926 Rhodi.

129 957 218 998 PA.
251 955 406 996 Potest
426 954 560 995 taceri
579 953 675 994 hoc.
734 953 825 994 ΤΗ.
857 953 929 993 Ibi
950 957 1044 992 tum
1065 953 1192 992 matri
1213 952 1441 1005 parvolam

128 1023 329 1065 Puellam
350 1021 468 1063 dono
489 1021 668 1075 quidam
691 1025 907 1062 mercator
929 1020 1063 1070 dedit,

120 1159 219 1197 fores.
263 1159 330 1190 ΤΗ.
352 1158 476 1190 Siccine
491 1158 634 1197 loqueris,
648 1154 831 1188 Parmeno?
850 1166 947 1197 perge
962 1158 1060 1188 modo.
1109 1157 1173 1188 Sed
1188 1160 1235 1197 tu,
1256 1158 1298 1188 mi
1316 1157 1479 1196 Phaedria,
1495 1166 1585 1198 quam

128 1203 163 1232 ab
179 1211 242 1232 rem
257 1205 287 1232 te
302 1202 360 1232 huc
373 1201 470 1232 acciri
493 1201 648 1238 mandat-i,
670 1204 788 1231 attente
815 1201 900 1230 audi.
945 1200 1016 1231 Pu.
1042 1200 1179 1241 Sicfiat.
1224 1201 1292 1231 ΤΗ.
1316 1201 1382 1231 Dic
1396 1201 1486 1239 mihi,
1505 1202 1587 1231 Par-

128 1255 215 1276 meno
238 1244 298 1275 iste
322 1247 460 1284 potestne
481 1242 604 1275 tacere?
653 1244 716 1274 ΡΑ.
742 1240 876 1281 Egone?
904 1243 1030 1282 Optime
1054 1253 1198 1282 possum;
1223 1253 1340 1280 verum,
1364 1244 1438 1274 heus
1462 1248 1509 1282 tu,
1530 1244 1587 1273 hac

126 1288 300 1319 conditione
312 1287 413 1328 fidem
435 1286 493 1317 tibi
508 1287 546 1316 do
557 1297 570 1323 ;
592 1296 659 1326 (μα’
673 1287 792 1325 auditi,
808 1286 835 1315 si
850 1295 923 1315 vera
938 1289 1023 1323 sunt,
1044 1295 1079 1316 ea
1102 1289 1183 1316 recte
1197 1287 1271 1316 sileo
1285 1286 1466 1327 etfideliter
1477 1296 1563 1316 serva
1576 1296 1587 1316 .·

126 1330 177 1360 sin
185 1331 284 1368 falsa,
299 1334 351 1361 aut
367 1340 456 1368 tana,
471 1332 527 1359 aut
540 1329 622 1369 ficta
646 1331 729 1364 sunt,
755 1327 917 1366 confestim
941 1327 1080 1358 omnibus
1095 1339 1128 1358 ea
1144 1329 1307 1366 manifesta
1315 1329 1422 1366 facio:
1445 1333 1588 1368 pertusus

127 1376 157 1403 et
172 1372 302 1403 rimosus
314 1382 392 1410 sum,
415 1372 575 1403 commissa
592 1371 668 1401 milti
691 1371 824 1410 undique
848 1371 1030 1401 transmitto
1053 1374 1082 1401 et
1104 1371 1248 1412 effundo.-
1273 1372 1376 1411 itaque
1391 1372 1486 1402 dicito
1502 1381 1587 1411 vera,

127 1416 156 1445 si
171 1425 207 1446 ea
222 1425 270 1446 me
293 1418 395 1446 tacere
412 1417 504 1445 voles.
549 1414 621 1444 ΤΗ.
646 1414 755 1444 Mater
768 1413 846 1444 mihi
869 1424 885 1444 e
910 1413 1004 1444 Samo
1030 1413 1129 1444 insula
1144 1415 1238 1451 fuit,·
1262 1425 1297 1445 ea
1313 1415 1417 1445 Rhodi
1432 1414 1588 1444 manebat.

129 1458 196 1488 ΡΑ.
222 1457 293 1488 Hoc
307 1468 410 1488 rerum
426 1467 489 1488 esse
503 1460 587 1496 puto,
599 1457 798 1497 peregrinam
814 1456 917 1494 fuisse
932 1457 960 1487 ci
974 1460 1125 1487 matrem:
1149 1457 1313 1488 tacebitur.
1359 1458 1430 1488 Tu.
1456 1458 1508 1488 Ibi
1522 1461 1589 1487 tum

129 1501 224 1532 matri
239 1501 364 1541 quidam
386 1502 539 1531 mercator
551 1500 684 1541 puellam
694 1499 859 1540 parvulam
875 1499 1015 1538 donavit,
1038 1510 1077 1530 ex
1092 1499 1203 1531 Attica
1226 1500 1297 1531 inde
1311 1510 1404 1541 usque
1419 1500 1589 1540 abreptam.

724 1610 965 1622 “new-en

129 1697 159 1727 ei
176 1697 371 1728 Phaedriam
388 1696 633 1736 ostendend03’
651 1707 724 1737 quae
742 1698 775 1728 iu
793 1697 925 1728 exclusit
941 1697 1051 1728 locum
1067 1695 1192 1727 habere
1210 1705 1274 1726 non
1292 1695 1454 1737 possunt!
1478 1696 1589 1727 Recte

129 1741 189 1772 Fa.
211 1741 354 1771 exclusti.
400 1740 477 1771 Duo
507 1750 548 1771 ex
576 1741 701 1771 nostris
729 1741 901 1771 exclusisti.
947 1740 1062 1771 Ceteri
1079 1740 1226 1770 exclusit:
1252 1744 1288 1770 ut
1316 1744 1350 1769 et
1376 1740 1432 1770 Pr.
1462 1749 1494 1780 p.
1517 1742 1591 1771 997.

130 1783 234 1814 etiam
260 1784 293 1813 in
319 1783 486 1822 Scriptis;
512 1793 577 1813 non
609 1787 647 1813 ut
674 1784 734 1814 Fa.
763 1784 858 1822 citat,
883 1783 1055 1813 exclusisti.
1081 1782 1184 1813 Bent.
1231 1782 1289 1813 ΒΓ.
1318 1782 1423 1813 habet
1449 1782 1592 1813 exclusit.

128 1825 223 1856 Peri.
249 1825 515 1856 exclusisti.—19
537 1825 659 1856 Siccine
675 1827 756 1864 agis,
773 1825 943 1865 Parmeno]
970 1825 1088 1856 Leidd.
1112 1830 1179 1855 tres
1205 1834 1282 1856 cum
1310 1825 1367 1855 Tr.
1386 1829 1421 1856 et
1438 1825 1488 1855 M.
1514 1825 1590 1864 [ΒΓ.

129 1868 233 1899 Both.
250 1868 306 1908 Z.]
328 1867 451 1899 Siccine
465 1868 527 1907 ais,
545 1869 587 1899 P.
631 1869 698 1899 Sed
717 1874 752 1899 et
769 1869 816 1899 ita
834 1868 1004 1899 recensuit
1022 1868 1195 1898 Heinsius.
1240 1866 1430 1898 Accedunt
1450 1868 1591 1908 impres-

129 1920 242 1942 sorum
259 1911 496 1949 vetustissimi,
519 1911 622 1942 etiam
640 1912 714 1942 EP.
760 1911 860 1942 Unde
876 1911 990 1941 malim
1009 1911 1054 1940 ita
1070 1911 1195 1951 legere.
1242 1910 1488 1950 Respiciuntur
1502 1910 1592 1941 enirn

130 1954 232 1985 verba
256 1953 502 1992 Parmenonis;
528 1960 564 1984 et
590 1956 750 1985 continuo
771 1955 926 1995 sequitur
940 1963 1007 1993 age.
1031 1954 1138 1984 West.
1185 1953 1344 1994 Quinque
1361 1953 1491 1994 antiqui
1507 1953 1592 1984 libb.

129 2005 184 2037 ap.
204 1997 263 2028 Fa.
279 2006 395 2027 omnes
413 1997 517 2027 Bent.
533 1996 664 2027 duobus
688 1997 854 2036 exceptis,
867 1996 949 2035 agis.
987 1996 1043 2027 Ita
1060 2005 1193 2036 quoque
1211 1996 1303 2027 Peri.
1338 1997 1347 2013 ‘
1364 1995 1403 2026 In
1422 1997 1488 2028 Ms.
1506 1996 1591 2027 altc-

128 2040 198 2070 rius
217 2039 370 2070 lectionis
388 2039 531 2078 vestigia
546 2045 679 2078 extant,
694 2050 750 2078 age
766 2040 810 2070 sis
825 2041 893 2079 huc,
907 2040 960 2078 ᾃτ.
977 2039 1066 2080 quod
1085 2040 1197 2069 verius
1215 2038 1384 2069 arbitror.'
1401 2039 1497 2070 Lind.
1535 2038 1592 2070 Ita

129 2085 262 2123 quoque
278 2082 447 2113 Pan—20
470 2082 527 2112 ΑΙ.
550 2082 762 2113 accersi—24
787 2083 857 2113 Pro
884 2086 937 2112 aut
963 2091 1086 2118 vanum,
1112 2091 1195 2112 unus
1212 2091 1253 2112 ex
1270 2082 1393 2112 nostris
1409 2081 1591 2112 Academi-

129 2134 188 2156 cus
203 2128 260 2156 aat
274 2125 407 2164 varium,
423 2124 511 2155 alter
528 2125 570 2156 R.
585 2128 641 2155 aut
656 2135 797 2156 vacuam.
838 2125 941 2155 Certe
958 2124 991 2154 in
1010 2125 1075 2154 isto
1091 2128 1144 2155 aut
1159 2134 1272 2154 vanam
1288 2124 1447 2154 mendum
1463 2125 1590 2157 latitat.

129 2168 224 2208 Lego
239 2168 298 2199 Sin
306 2167 425 2206 falsum
440 2167 592 2198 audierim
608 2168 764 2208 acfictum
780 2179 806 2199 c.
823 2169 965 2208 palamst.
1010 2167 1115 2197 Vides
1132 2172 1166 2197 ut
1186 2177 1227 2197 ex
1245 2167 1303 2198 ilio
1317 2167 1480 2206 audierim,
1496 2166 1591 2198 facta

130 2211 198 2241 sint
213 2214 266 2242 aut
282 2211 416 2246 varium,
432 2214 486 2241 aut
497 2221 638 2249 vacuum,
655 2214 708 2241 aut
723 2221 846 2242 vanum.
895 2211 1056 2241 Ceterum
1081 2219 1116 2240 ac
1138 2211 1225 2250 lege,
1241 2219 1307 2240 non
1324 2214 1400 2246 aut;
1424 2220 1497 2251 quae
1523 2210 1590 2241 duo

130 2253 255 2293 passim
273 2258 519 2293 permutantur.
546 2254 641 2284 Bent.
688 2254 746 2284 Pr.
765 2263 798 2293 p.
813 2256 886 2284 999.
900 2253 1022 2290 fidsum
1038 2255 1091 2283 aut
1103 2253 1231 2294 fictum,
1249 2253 1369 2284 omisso
1387 2257 1441 2284 aut
1458 2263 1566 2283 canum
1578 2263 1589 2283 .-

129 2296 189 2327 sed
217 2307 250 2336 p.
268 2299 364 2328 1143.
382 2297 494 2327 omnia
512 2297 576 2327 tria
601 2296 712 2335 habet,
729 2298 833 2327 etiam
858 2296 891 2326 in
919 2296 1056 2335 scriptis
1085 2296 1358 2335 exemplam—25
1384 2296 1487 2327 Bent.
1505 2296 1590 2335 legit

127 2340 271 2379 per-pluo:
294 2339 356 2379 [ita
382 2349 517 2379 quoque
546 2339 666 2378 Botu]
691 2339 750 2370 sed
781 2340 918 2379 elegans
947 2344 999 2369 est
1026 2338 1118 2378 vulg.
1146 2338 1331 2378 scriptura.
1362 2339 1402 2369 R.
1427 2339 1472 2369 D.
1498 2339 1589 2378 vulg.

129 2382 231 2412 etiam
249 2382 369 2421 probat
385 2382 565 2413 Perl.—26
587 2382 621 2414 J.
640 2386 724 2412 taceo
741 2391 801 2422 pro
818 2382 928 2413 taceri.
977 2381 1101 2420 Taceri]
1125 2381 1263 2411 'ruenda
1280 2382 1354 2411 haec
1371 2382 1451 2412 lect.
1469 2386 1589 2412 contra

129 2424 289 2460 Fabrum,
304 2434 346 2455 ex
363 2424 463 2455 codd.
481 2425 628 2456 vetustis
645 2430 678 2454 et
697 2426 847 2456 Donato.
877 2425 970 2455 West.
1015 2424 1115 2454 Both.
1137 2423 1166 2453 si
1182 2424 1228 2454 vis
1243 2424 1436 2455 taceri-28
1462 2424 1590 2456 Omnes

128 2467 233 2498 nostri
258 2467 408 2498 unanimi
435 2476 613 2508 consensu,
636 2472 672 2498 et
698 2467 776 2498 edd.
802 2472 886 2498 vett.
917 2470 982 2497 tum
1005 2466 1061 2497 ibi.
1107 2467 1282 2497 Utrumvis
1306 2467 1422 2508 probe.
1448 2467 1588 2498 Rem.—

785 2567 925 2600 NOTAE

171 2647 213 2676 27
238 2643 416 2674 Habitabat
433 2643 553 2685 Rhodi]
585 2643 735 2682 Rhodus,
753 2643 834 2673 Car·
889 2642 944 2673 dia
961 2642 1049 2673 inter
1065 2641 1202 2673 Cretam
1225 2646 1260 2673 et
1284 2641 1450 2682 Rhodum,
1470 2648 1588 2674 contra

131 2695 362 2737 pathiiMaris
376 2695 490 2726 Insula
516 2695 740 2734 nobilissima,
766 2704 833 2725 am-
887 2693 1094 2733 AEgypturn:
1126 2691 1202 2723 huic
1230 2692 1318 2732 parti
1346 2692 1452 2723 Maris
1481 2692 1587 2734 AEgoei

129 2746 202 2777 bitu
220 2749 294 2778 120.
319 2745 410 2777 mille
426 2754 596 2786 passuum.
624 2744 833 2784 Carpathus,
886 2752 1009 2776 nomen
1027 2742 1133 2773 dedit.

130 2796 303 2837 Secu-panto
319 2806 408 2828 nunc
423 2796 530 2835 dicta,
547 2795 655 2826 insula
672 2799 736 2831 est,
763 2804 832 2826 me-
