1903 3306
322 195 409 237 346
818 206 859 235 Ρ.
891 204 1132 235 TERENTH
1168 205 1285 235 Anni

322 300 436 343 Tum
458 300 616 350 coacti,
635 299 889 341 necessario
911 313 959 341 se
983 299 1210 353 aperiunt:

323 368 384 410 Et
404 369 578 410 timent:
602 372 647 409 et
667 373 812 409 tamen
832 380 901 408 res
921 367 1039 419 cogit
1060 365 1293 418 denegare.

323 435 396 491 Ibi
417 440 507 477 tum
530 449 681 477 eorum
703 435 1090 492 impoti-entissime
1111 435 1253 475 oratio
1274 438 1370 475 est:
1731 434 1787 474 10

893 483 1001 492 ,λ-,Ν-..ψ
1023 488 1027 489 ⁷

326 487 444 555 (Juis
466 507 511 545 tu
533 504 613 544 es‘?
652 506 755 557 quis
778 491 885 543 mihi
908 502 987 543 es?
1026 515 1103 542 cur
1120 515 1264 543 meam
1289 502 1404 542 tibi?

325 572 471 622 Heus,
493 572 724 625 proximus
745 583 842 611 sum
865 575 1038 623 egomet
1057 570 1179 611 mihi.
1240 570 1451 610 Attamen
1469 569 1545 610 ubi
1566 568 1675 610 fides
1695 571 1714 610 2

326 640 375 681 Si
397 653 541 693 roges,
558 640 662 680 nihil
682 638 848 692 pudet:
879 638 969 700 {gl-g,
990 639 1069 678 ubi
1091 651 1205 691 opus
1227 642 1308 687 est,

326 709 434 749 Non
455 712 681 749 verentur:
703 707 811 758 illic,
833 706 910 746 ubi
931 706 1041 746 nihil
1063 719 1178 759 opus
1200 710 1282 754 est,
1303 705 1365 745 ibi
1387 709 1606 746 verentur.

327 776 417 818 Sed
439 774 545 829 quid
570 775 729 827 agam?
753 773 967 814 adeamne
990 773 1046 814 ad
1068 787 1182 823 eum,
1205 778 1250 814 et
1266 759 1367 814 cu'iia
1384 786 1438 814 eo
1455 772 1658 827 injuriam
1674 772 1788 814 hanc

499 842 780 897 expostulem
797 842 816 882 ’ἓ
1733 841 1791 882 15

327 967 482 1007 quodam,-
504 969 533 997 et
551 969 666 1003 tamen,
680 966 795 1005 pudore
810 964 942 1003 abjecto,
965 973 1015 994 res
1037 963 1147 1003 petita,
1172 973 1263 1003 quam
1287 964 1362 994 dare
1386 964 1506 1001 nolunt,
1529 963 1614 1002 cogit
1629 971 1678 993 eos
1698 962 1790 992 dene·

323 1020 413 1048 gare.
460 1010 544 1039 Tunc
569 1019 672 1039 eoritm
693 1008 793 1038 oratio
820 1008 1085 1047 impudentissima
1113 1007 1187 1037 tulis
1214 1010 1281 1037 est:
1308 1007 1388 1042 Quis
1403 1010 1437 1036 tu
1452 1004 1510 1037 es?
1535 1006 1605 1040 Qua
1621 1004 1788 1036 necessitu-

327 1053 398 1083 dine
413 1052 489 1083 mihi
504 1048 710 1090 conjunctus?
737 1052 802 1081 Cur
817 1060 915 1080 meum
942 1060 1006 1080 rem
1031 1049 1090 1079 tibi
1114 1048 1206 1081 clem?
1231 1050 1331 1087 Heus,
1356 1050 1428 1080 licet
1451 1049 1528 1079 mihi
1552 1050 1597 1078 sis
1619 1048 1790 1088 proximus,

328 1098 430 1126 tamen
448 1095 514 1134 ipse
530 1095 606 1125 mihi
620 1104 686 1124 sum
699 1093 886 1133 proximior.
933 1093 1022 1127 Quod
1037 1093 1064 1122 si
1079 1102 1128 1123 eos
1143 1102 1251 1130 roges:
1279 1092 1342 1122 Ubi
1364 1095 1408 1122 est
1425 1091 1510 1131 fides
1531 1101 1619 1132 quam
1636 1090 1714 1120 mihi
1735 1090 1788 1120 de-

327 1135 443 1169 deras?
468 1141 540 1168 tunc
562 1138 643 1167 nullo
667 1137 780 1177 pudure
796 1136 984 1177 afficiuntur.
1031 1135 1107 1173 Hic,
1125 1135 1176 1165 ubi
1191 1145 1265 1174 opus
1287 1137 1344 1171 est,
1371 1139 1532 1175 postquam
1552 1134 1622 1172 jum
1644 1132 1792 1173 promise-

329 1184 418 1221 runt,
442 1180 543 1211 vereri
560 1180 661 1221 fidem
686 1181 792 1210 datam
810 1179 976 1217 frangere,
997 1187 1058 1208 non
1078 1181 1244 1209 verentur.-
1267 1178 1345 1215 illic,
1362 1177 1413 1207 uti
1429 1177 1508 1208 nihil
1523 1187 1598 1216 opus
1610 1180 1668 1214 est,
1690 1175 1792 1205 vereri

326 1224 429 1264 petita
443 1225 615 1262 denegare.-
639 1233 708 1252 cum
730 1223 864 1252 nondum
889 1221 1109 1260 promiserunt,
1137 1221 1180 1250 ibi
1205 1224 1361 1251 verentur.
1406 1219 1468 1250 Sed
1492 1220 1566 1260 quid
1581 1216 1698 1258 agam?
1721 1217 1792 1248 ade-

328 1276 418 1298 amne
434 1266 633 1307 Pamphilum
644 1264 660 1297 s!
681 1269 712 1296 et
727 1275 795 1296 cum
810 1275 844 1296 eo
859 1272 1028 1304 conquerar
1043 1264 1080 1294 de
1094 1263 1225 1304 injuria,
1242 1273 1332 1304 quam
1347 1263 1424 1294 mihi
1433 1261 1528 1304 facit,
1542 1262 1696 1303 accipiens
1711 1260 1790 1292 Plui-

942 1370 1176 1383 eeeemeeev‘

331 1440 467 1478 cordat,
484 1439 647 1471 omittunt
662 1443 719 1471 est.
737 1440 841 1471 Bent.
856 1439 913 1480 qui
930 1449 1004 1469 cnm
1024 1439 1083 1471 ΒΓ.
1109 1443 1145 1469 et
1168 1437 1271 1468 Both.
1288 1436 1322 1467 id
1339 1435 1516 1467 omittunt.
1564 1435 1625 1465 Est
1637 1443 1736 1474 prom.
1752 1433 1792 1464 Ζ.

330 1487 395 1514 -8
415 1484 522 1514 eoacti
535 1483 666 1514 omittit
687 1483 774 1514 Gov.
793 1487 827 1513 et
845 1483 916 1513 vult
931 1481 1227 1522 ape7·iuut‚timent,
1250 1483 1281 1510 et
1309 1479 1390 1518 cogit
1419 1488 1470 1509 res
1499 1487 1548 1508 eos
1575 1478 1654 1508 Tum
1679 1478 1791 1515 deneg.

332 1527 401 1558 Illa
425 1526 530 1557 verba
558 1527 601 1557 Et
619 1526 731 1556 timent
749 1526 789 1556 ad
806 1525 906 1555 finem
925 1525 992 1565 huj.
1007 1535 1055 1554 vs.
1073 1522 1240 1556 transfert
1258 1523 1363 1554 Z.-9
1389 1521 1496 1560 Cogit.
1544 1518 1638 1551 Alias
1664 1519 1792 1560 premit.

332 1570 446 1600 Deest
463 1569 588 1610 aliquid
608 1574 730 1600 metro.
759 1569 815 1599 Er.
834 1568 979 1599 Van-iant
996 1568 1081 1598 Mss.
1109 1572 1145 1598 et
1161 1566 1257 1597 editi.
1301 1565 1342 1596 In
1370 1562 1586 1605 quibusdam,
1608 1573 1658 1593 res
1679 1561 1792 1602 premit

330 1614 504 1651 denegare,·
528 1613 561 1642 in
579 1612 667 1650 aliis,
683 1621 731 1642 res
745 1611 858 1651 premit
874 1621 923 1642 eos
935 1612 1100 1649 deneg-are.
1143 1609 1211 1640 Sed
1227 1608 1343 1639 nescio
1362 1606 1529 1647 quomodo
1546 1615 1611 1637 non
1629 1606 1741 1645 piacet
1755 1603 1795 1634 τὺ

329 1655 468 1695 premi&
493 1655 652 1695 primuni,
679 1655 767 1695 quod
784 1655 1025 1684 Terentianum
1044 1663 1110 1684 non
1127 1657 1203 1691 est3
1229 1657 1314 1690 tum,
1332 1649 1423 1691 qnod
1441 1648 1709 1688 Antesignanus,
1723 1646 1795 1678 edi-

332 1705 387 1729 tor
401 1697 636 1739 ἀκριβέστατος,
655 1697 807 1728 exhibuit
823 1697 931 1736 cogit,·
954 1697 1099 1737 denique
1125 1696 1217 1736 quod
1242 1695 1316 1725 haec
1342 1703 1408 1724 vox
1436 1693 1624 1730 eiegantins
1648 1689 1795 1721 infertur

332 1746 410 1781 post
432 1741 467 1771 τὸ
497 1740 654 1772 ‘cuaeth’
679 1741 728 1771 M.
756 1749 805 1770 res
833 1739 917 1778 cogit
944 1749 979 1770 ea
1006 1750 1055 1770 eos
1080 1740 1243 1777 denegare.
1290 1736 1354 1767 Ed.
1371 1738 1466 1767 1469.
1484 1745 1534 1766 res
1546 1744 1652 1765 eorum
1666 1733 1794 1773 premit.

331 1785 444 1815 West.
491 1784 534 1814 Et
551 1788 652 1814 tamen
669 1793 717 1813 res
732 1792 781 1814 eos
793 1783 908 1822 premit
920 1784 1073 1820 deneg-ure
1090 1781 1134 1811 G.
1160 1782 1323 1812 Schottus
1342 1778 1432 1810 Nod.
1449 1787 1501 1809 ιν.
1516 1780 1568 1809 18.
1585 1776 1714 1807 mavult
1726 1780 1795 1807 ton·

332 1828 400 1857 dem
414 1837 475 1867 pro
491 1830 606 1857 tamen.
629 1825 728 1857 1d.in
743 1825 832 1856 Add.
860 1826 981 1856 Premit
999 1826 1039 1856 R.
1064 1829 1152 1854 utet
1169 1824 1201 1854 in
1219 1823 1293 1853 aliis
1312 1827 1396 1853 vett.
1419 1821 1515 1852 Lind.
1539 1821 1598 1851 Fa.
1610 1820 1643 1850 iu
1657 1819 1715 1849 Vi.
1733 1828 1795 1858 pro

333 1870 418 1908 cogit
446 1870 577 1900 invenit
592 1870 706 1909 premit
722 1879 732 1899 .·
755 1868 842 1908 quod
858 1868 993 1907 recepit
1018 1868 1120 1898 Bent.
1137 1864 1428 1897 consentientibus
1444 1864 1524 1894 suis.
1547 1863 1644 1894 Zeun.
1670 1861 1794 1892 Premit

335 1913 396 1943 ΒΓ.
431 1913 540 1944 Notat
568 1913 701 1943 Bruns:
729 1912 738 1928 ‘
754 1912 1032 1952 Superscriptum
1056 1912 1068 1927 ⁴
1088 1910 1141 1940 vei
1168 1908 1252 1950 pr0‚'
1280 1907 1369 1948 qnod
1394 1915 1460 1936 non
1487 1905 1654 1944 intelligo.
1703 1904 1793 1935 Nam

332 1955 447 1995 promit
474 1956 576 1996 plane
602 1956 667 1985 huc
690 1964 755 1985 non
775 1952 949 1994 quadrat?
974 1954 983 1970 ‘
997 1953 1082 1984 GM.
1106 1962 1179 1992 sup.
1197 1951 1315 1990 script.
1331 1949 1436 1989 cogit!
1458 1949 1550 1979 Perl.
1567 1948 1624 1988 qui
1642 1947 1703 1978 dat
1725 1956 1796 1987 pre-

334 1999 392 2029 mit
405 2008 480 2030 cnm
498 1998 601 2029 Both.
650 1997 716 2028 Hic
733 1997 770 2026 τὸ
792 1998 849 2027 ‘re
864 1996 872 2009 '
900 1997 933 2026 in
951 1995 1019 2026 fine
1037 1995 1145 2026 ultimi
1164 1995 1257 2025 verbi
1275 1993 1345 2033 huj.
1362 2002 1410 2024 vs.
1430 1990 1594 2022 transfert
1617 1991 1652 2020 in
1680 1999 1727 2021 vs.
1744 1999 1796 2020 se-

334 2046 509 2082 quentem.
524 2041 647 2072 Premit
662 2049 712 2070 eos
729 2039 848 2071 Guelf.
862 2042 891 2070 l.
905 2042 937 2071 2.
951 2039 1075 2070 habere
1089 2042 1204 2069 monet
1221 2037 1397 2067 Perl.—ll
1412 2035 1498 2066 Post
1512 2035 1521 2052 ‘
1532 2033 1584 2065 tu’
1596 2042 1684 2075 pone
1697 2033 1798 2069 homo,

336 2090 372 2115 et
387 2089 465 2124 post
492 2085 501 2101 ‘
517 2094 578 2115 cur
593 2083 600 2096 ’
625 2083 797 2113 desiderat
814 2092 927 2113 versus
948 2092 1016 2121 ego.
1045 2082 1149 2112 Bent.
1182 2081 1260 2110 Cum
1277 2088 1339 2119 pro
1353 2088 1407 2109 cur
1427 2077 1530 2108 habet
1547 2076 1586 2108 Ζ.
1630 2076 1687 2107 Sic
1713 2076 1797 2112 legit

335 2127 425 2158 hunc
443 2131 478 2158 et
494 2136 566 2167 seq.
585 2136 631 2157 vs.
645 2126 789 2156 Botnius
805 2137 812 2156 :
842 2126 886 2156 Tu
902 2125 968 2166 quis
983 2123 1038 2156 es?
1064 2124 1132 2164 quis
1146 2123 1225 2153 mihi
1240 2119 1298 2153 es?
1321 2131 1376 2152 cur
1399 2121 1457 2152 tibi
1473 2130 1569 2151 meam
1582 2118 1598 2151 2
1619 2119 1706 2157 heus,
1721 2117 1798 2148 mihi

335 2170 515 2201 Proxumus
529 2179 597 2200 sum
612 2168 758 2207 egomet!
801 2168 952 2199 Attamen
967 2167 1093 2198 ubinam
1107 2166 1191 2208 fides
1203 2164 1305 2197 12—-12
1334 2164 1395 2195 Ubi
1411 2161 1522 2205 fides?
1546 2161 1630 2193 Cum
1654 2161 1797 2192 interro-

335 2213 482 2252 gationis
499 2218 579 2243 nota
596 2212 763 2251 expressi,
789 2210 878 2251 quod
902 2210 1071 2249 emphasis
1099 2209 1186 2240 dicti
1216 2207 1250 2239 id
1279 2207 1454 2247 requirere
1482 2205 1669 2236 videretur.
1699 2204 1796 2234 West.

339 2256 401 2286 Ubi
420 2255 517 2296 fides,
547 2255 585 2286 Si
614 2253 732 2293 roges?
753 2254 835 2285 nihil
856 2254 914 2286 ΒΓ.
960 2253 1012 2283 De
1041 2253 1104 2283 hoe
1122 2252 1170 2282 sic
1188 2252 1301 2282 Bruns
1318 2261 1326 2280 :
1353 2252 1362 2266 ⁴
1377 2248 1470 2280 Edit.
1501 2252 1633 2288 ponunt
1663 2246 1796 2287 signum

335 2299 500 2339 interrog.
530 2301 608 2338 post
629 2298 637 2313 ‘
655 2296 766 2328 fides)
811 2297 869 2326 Sic
897 2296 1045 2327 fortasse
1070 2295 1149 2326 oiim
1164 2295 1197 2325 in
1215 2294 1281 2325 Ms.
1299 2292 1357 2323 sed
1377 2296 1556 2330 mutatum,
1573 2295 1610 2320 ut
1627 2288 1798 2330 expressi-

336 2351 424 2381 mus,
441 2351 552 2382 ueque
570 2341 604 2371 id
621 2339 734 2371 male!
778 2341 787 2356 ⁴
804 2339 893 2371 Heus
921 2339 1072 2379 pertinet
1093 2338 1134 2368 ad
1150 2337 1250 2368 finem
1268 2332 1528 2366 antecedentis!
1553 2333 1649 2364 Bent.
1685 2333 1694 2349 ‘
1710 2331 1800 2362 Heus

339 2384 420 2425 Bip.
446 2384 550 2425 priori
565 2393 653 2414 vers.
679 2386 876 2420 annectunt,
891 2382 1065 2413 Mun-etum
1089 2381 1221 2411 secuti!
1246 2378 1332 2410 Perl.
1379 2378 1475 2409 Fides
1489 2379 1536 2407 est
1552 2374 1668 2406 Gneif.
1682 2377 1798 2406 2.-—13

336 2427 456 2458 Scribe
471 2428 598 2466 pudent,
622 2426 710 2466 quod
727 2429 778 2455 est
793 2425 978 2465 antiquum.
1024 2424 1202 2454 Constitue
1225 2431 1357 2451 versum
1376 2420 1447 2451 sie:
1470 2423 1621 2453 tutamen,
1639 2417 1798 2459 ubifideS,

339 2470 378 2501 Si
393 2479 495 2509 roges,
510 2470 556 2499 nil
570 2471 698 2509 pudent,
723 2468 772 2498 hic
788 2467 839 2497 ubi
854 2471 966 2507 opust:
990 2467 1056 2497 illic
1070 2467 1121 2497 ubi
1138 2465 1197 2497 Nil
1213 2467 1315 2505 opust,
1337 2463 1382 2494 ibi
1407 2465 1563 2493 verentur.
1596 2463 1697 2492 Bent.
1741 2460 1799 2490 Sic

341 2513 507 2544 Batinus-2
532 2512 570 2543 Si
586 2521 687 2549 roges,
697 2511 743 2541 uit
757 2511 894 2550 pudent:
921 2511 998 2548 Hic,
1012 2509 1064 2540 ubi
1076 2519 1151 2549 opus
1167 2511 1225 2544 est,
1241 2517 1302 2538 uon
1318 2509 1461 2536 verentur
1476 2516 1488 2542 ;
1512 2504 1572 2542 illi,
1587 2504 1640 2534 ubi
1653 2503 1699 2533 nil
1713 2512 1799 2543 opus,

338 2556 383 2587 ibi
399 2558 554 2586 verentur.
575 2555 583 2571 ‘
599 2555 710 2584 Pudet.
727 2552 781 2585 ΑΙ.
799 2552 876 2584 add.
891 2552 983 2583 illos!
1005 2553 1183 2583 Fert—14
1208 2549 1297 2581 Illud
1317 2549 1389 2579 Non
1404 2551 1559 2585 verentur,
1572 2546 1661 2587 quod
1676 2546 1707 2576 in
1725 2555 1802 2586 per-

343 2599 484 2638 antiquo
512 2601 638 2634 nostro,
656 2596 688 2626 in
707 2596 800 2632 regio
814 2605 868 2636 ap.
887 2595 984 2626 Lind.
998 2600 1032 2625 et
1050 2594 1138 2634 apud
1155 2595 1242 2633 Eug.
1258 2592 1366 2629 abest,
1383 2591 1472 2622 dele.
1486 2590 1581 2622 Bent.
1606 2589 1690 2620 Non.
1726 2588 1801 2619 Illic

342 2642 400 2674 ΒΓ.
439 2640 547 2671 Notat
560 2640 671 2669 Bruns
689 2649 696 2668 :
721 2639 729 2654 ‘
746 2638 838 2669 Edit.
855 2637 933 2668 add.
951 2641 1094 2668 verentur
1108 2647 1118 2667 .·
1145 2636 1233 2678 quod
1251 2640 1410 2675 tanquam
1429 2633 1537 2673 glossa
1553 2632 1585 2662 in
1603 2631 1667 2662 Ms.
1685 2640 1803 2671 super-

343 2684 510 2723 scriptum
536 2687 600 2713 est.
626 2681 822 2711 Lectionem
839 2680 965 2711 codicis
981 2681 1089 2711 nostri
1107 2679 1205 2710 Lind.
1222 2682 1259 2709 et
1276 2678 1376 2707 Bent.
1388 2677 1426 2707 in
1443 2676 1527 2706 Mss.
1546 2674 1613 2705 suis
1630 2674 1800 2705 invenisse

343 2727 514 2757 videntur.
564 2726 642 2756 Non
667 2724 754 2754 enini
774 2723 854 2753 satis
872 2728 1033 2753 accurate
1050 2732 1124 2753 eam
1141 2718 1420 2759 exscripserunt!
1460 2717 1552 2749 Gov.
1582 2717 1656 2747 vuit
1675 2725 1683 2746 :
1707 2716 1802 2746 Nihil

343 2772 506 2801 verentur:
522 2768 599 2809 illic,
611 2766 661 2798 ubi
676 2769 832 2806 verentur,
847 2766 891 2796 ibi
905 2776 963 2797 nou
981 2769 1026 2797 est
1042 2775 1127 2806 opus.
1159 2764 1268 2797 Abest
1283 2763 1326 2794 ibi
1342 2772 1360 2793 a
1377 2761 1549 2795 GM..--15
1566 2760 1677 2801 Vulgo
1688 2762 1718 2791 et
1733 2769 1801 2790 cum
