1903 3306
355 224 440 266 162
851 236 892 265 P.
924 233 1314 266 ANTEsicNANus

354 343 449 369 rem.
505 330 635 374 Quare
656 329 763 367 vobis
784 329 964 368 omnibus
987 328 1069 380 ejus
1091 328 1257 367 nominis
1279 328 1480 376 studiosis,
1511 329 1611 368 inter
1630 342 1728 381 quos
1747 340 1809 371 me

354 406 509 445 quoque
530 406 623 431 sane
644 406 731 431 esse
751 405 829 430 non
850 393 983 440 nolim,
1015 392 1219 431 commode
1239 393 1497 440 ostendimus,
1532 400 1649 445 atque
1669 407 1810 446 oppon-

352 466 460 504 tune,
480 457 573 508 quid
594 457 781 508 cujusque
805 457 943 507 judicii
970 457 1239 507 sequeremini.
1298 456 1415 500 Quod
1435 457 1466 495 si
1486 457 1588 508 quis,
1608 463 1652 496 ut
1670 465 1732 496 est
1750 458 1809 496 in-

353 522 509 573 genium
526 520 759 572 quibusdam
775 522 980 559 barbarum
997 534 1042 558 ac
1059 521 1195 567 ferum,
1211 520 1449 571 pertinacius
1465 520 1641 572 negligat
1659 521 1808 560 foveat·

352 598 429 635 que
448 585 644 636 ignaviam
664 597 800 628 suam;
832 591 868 623 te
900 584 1038 623 saltem
1069 584 1283 622 habeamus
1317 585 1366 623 ab
1396 584 1587 624 erroribus
1617 584 1808 636 ejusmodi

353 655 615 699 segregatum.

779 868 832 909 P.
869 866 1375 908 ANTESIGNANUS

497 997 733 1037 ANTONIO,
753 997 1053 1037 THEOPHILO,
1078 998 1135 1029 ET
1157 997 1344 1031 JOANNI
1366 997 1540 1031 SARAEIS
1564 999 1600 1031 S.
1616 999 1659 1030 D.

748 1105 768 1125 ἢ
875 1104 895 1125 ²2!-
1004 1104 1024 1124 R
1133 1107 1153 1127 ἢ
1259 1104 1278 1124 ¹0*
1387 1107 1408 1128 ἢ(-

349 1161 521 1198 VERSUS
560 1165 690 1196 autem
727 1158 788 1196 hic
825 1158 977 1196 iambici
1018 1164 1086 1196 aut
1122 1157 1309 1196 trochaici
1347 1164 1440 1197 sunt
1477 1172 1639 1198 omnes:
1686 1164 1804 1210 atque

346 1225 498 1275 utrique
526 1229 594 1261 aut
625 1222 870 1268 monometri‚
902 1229 970 1259 aut
990 1221 1155 1268 dimetri,
1191 1228 1260 1260 aut
1274 1222 1449 1270 trimetri,
1480 1229 1549 1261 aut
1567 1223 1802 1261 tetrametri:

346 1295 386 1325 et
406 1301 537 1326 rursus
571 1294 638 1326 aut
671 1287 927 1333 acatalectici,
962 1293 1029 1324 aut
1062 1286 1296 1334 catalectici,
1324 1294 1392 1325 aut
1422 1286 1802 1340 brachycatalectici,

346 1358 414 1389 aut
438 1351 794 1403 hypercatalectici.
851 1351 1011 1388 Iambici
1045 1352 1093 1388 ab
1127 1351 1254 1389 iambo
1275 1351 1389 1402 pede,
1421 1358 1459 1389 et
1477 1350 1663 1390 trochaici
1683 1363 1706 1389 a
1723 1357 1802 1388 tro-

344 1415 454 1453 chaeo
497 1429 638 1454 nomen
675 1416 833 1454 habent.
910 1415 1067 1453 Iambici
1105 1415 1222 1466 igitur
1258 1422 1364 1462 sunt,
1401 1415 1440 1453 in
1474 1429 1638 1466 quorum
1667 1415 1802 1454 sedem

345 1480 515 1530 aliquam
534 1479 698 1525 iambus,
719 1486 787 1517 aut
806 1479 844 1516 in
865 1479 1040 1517 ultimam
1058 1492 1127 1530 pro
1148 1479 1276 1517 iambo
1295 1479 1542 1531 pyrrhichius
1561 1478 1800 1530 ingreditur:

343 1544 543 1589 trochaici,
577 1544 614 1581 in
635 1544 775 1594 quibus
808 1543 921 1580 datur
951 1543 1123 1580 trochaeo
1143 1542 1269 1581 locus.
1328 1542 1488 1580 Iambici
1507 1543 1588 1581 sive
1613 1542 1801 1581 trochaici

344 1608 573 1644 monometri
593 1614 686 1645 sunt
714 1607 778 1657 qui
799 1620 878 1644 una
908 1619 1104 1653 mensura,
1136 1606 1212 1645 hoc
1233 1612 1305 1653 est,
1337 1606 1502 1657 pedibus
1533 1606 1687 1644 duobus
1707 1619 1800 1644 con·-

344 1677 475 1708 stant:
506 1670 655 1708 dimetri
687 1671 752 1721 qui
773 1671 962 1709 mensuris
985 1670 1154 1717 duabus,
1175 1678 1214 1709 et
1232 1670 1398 1722 pedibus
1419 1675 1608 1721 quatuor:
1638 1669 1800 1708 trimetri

342 1734 407 1784 qui
436 1735 624 1772 mensuris
657 1735 794 1781 tribus,
826 1747 872 1772 ac
904 1734 1068 1785 pedibus
1103 1747 1185 1780 sex,
1219 1733 1324 1771 unde
1351 1740 1390 1772 et
1410 1733 1552 1772 senarii
1571 1732 1664 1771 dicti
1685 1740 1797 1772 sunt:

341 1798 553 1834 tetrametri
574 1797 653 1835 sive
673 1797 852 1847 quadrati
874 1797 939 1848 qui
971 1797 1162 1835 mensuris
1184 1804 1364 1848 quatuor,
1398 1803 1486 1835 octo
1506 1809 1597 1835 vero
1616 1796 1798 1848 pedibus,

342 1860 445 1897 unde
481 1867 520 1898 et
549 1862 735 1899 octonarii
767 1874 790 1898 a
824 1862 970 1899 Latinis
1006 1861 1268 1899 nominantur.
1343 1861 1593 1907 Monometri‚
1632 1860 1797 1908 dimetri,

341 1925 516 1971 trimetri,
538 1931 577 1962 et
600 1926 823 1971 tetrametri,
841 1926 876 1962 in
900 1925 1040 1976 quibus
1072 1925 1167 1962 nihil
1188 1924 1376 1970 abundat,
1406 1937 1533 1976 neque
1554 1923 1798 1962 desideratur

340 1988 564 2039 quicquam,
598 1989 839 2027 acatalectici
861 1995 1161 2040 nuncupantur:
1205 1988 1425 2027 catalectici
1457 1988 1524 2039 qui
1550 1988 1704 2040 syllaba
1720 2001 1798 2026 una

340 2052 549 2097 breviores,
583 2062 622 2089 et
640 2052 1007 2103 brachycatalectici
1029 2054 1095 2104 qui
1116 2053 1293 2092 duabus:
1335 2051 1675 2104 hypercatalectici
1705 2064 1796 2090 vero

338 2114 376 2150 in
410 2115 550 2164 quibus
585 2114 731 2166 aliquid
764 2116 972 2155 redundat.
1031 2118 1088 2154 Ex
1118 2118 1290 2156 iambicis
1322 2118 1361 2155 in
1392 2130 1466 2154 usu
1498 2122 1590 2154 sunt
1626 2115 1794 2153 maximo

339 2178 443 2228 apud
463 2179 684 2215 Terentium
706 2180 864 2217 trimetri
886 2181 965 2218 sive
987 2179 1125 2218 senarii
1147 2180 1388 2218 acatalectici
1407 2186 1446 2218 et
1476 2179 1687 2217 tetrametri
1713 2179 1794 2217 sive

339 2242 527 2279 octonarii
547 2249 625 2280 turn
650 2242 891 2281 acatalectici
911 2250 991 2281 tum
1013 2244 1257 2282 catalectici:
1289 2244 1327 2280 in
1356 2242 1490 2281 rariori
1524 2241 1675 2280 dimetri
1704 2254 1795 2280 aca-

338 2305 507 2342 talectici
528 2313 567 2342 et
589 2305 748 2342 trimetri
777 2306 1008 2344 catalectici.
1069 2307 1100 2343 E
1135 2307 1341 2345 trochaicis
1362 2305 1583 2344 usitatiores
1619 2311 1710 2343 sunt
1735 2312 1792 2343 te-

338 2369 507 2406 trametri
537 2368 780 2406 catalectici:
820 2370 947 2406 minus
981 2369 1112 2406 usitati
1143 2369 1295 2408 dimetri
1327 2368 1544 2407 catalectici
1562 2374 1602 2406 et
1632 2369 1792 2406 trimetri

337 2432 427 2468 item
449 2432 680 2469 catalectici.
738 2431 988 2483 Reliquorum
1010 2446 1194 2483 generum
1216 2433 1392 2484 exempla
1407 2446 1486 2471 non
1506 2432 1582 2470 nisi
1596 2432 1792 2471 rarissima

338 2494 441 2544 apud
462 2495 567 2532 hunc
589 2502 783 2533 auctorem
805 2496 1064 2534 inveniuntur.
1124 2496 1282 2534 Iambici
1311 2496 1525 2534 trochaeum
1550 2508 1628 2534 non
1649 2496 1790 2541 ferunt,

337 2570 463 2607 neque
484 2558 743 2607 pyrrhichium
777 2559 849 2595 nisi
884 2560 970 2596 loco
1005 2560 1166 2596 ultimo:
1198 2566 1237 2596 at
1256 2559 1438 2597 trochaici
1459 2571 1586 2610 neque
1606 2558 1788 2605 iambum,

338 2634 462 2670 neque
481 2621 753 2671 1·›yrrhichium.
813 2623 989 2666 Quatuor
1021 2623 1141 2674 pedes
1166 2623 1520 2674 brachysyllabum,
1542 2621 1786 2673 spondaeum,

338 2685 549 2734 dactylum,
581 2692 619 2721 ct
654 2693 896 2735 anapaestum
918 2694 994 2723 tam
1013 2687 1166 2724 iambici
1187 2700 1303 2737 quam
1326 2686 1510 2724 trochaici
1536 2686 1670 2736 quavis
1692 2685 1786 2724 sede

338 2748 993 2800 rccipiunt,praetcrqu·.11nultimam
1009 2750 1037 2786 si
1055 2749 1309 2796 acatalectici,
1322 2756 1359 2787 ct
1371 2749 1621 2799 penultimam
1635 2748 1666 2786 si
1679 2755 1786 2787 cata-
