1903 3306
590 252 816 282 EUNUCHl
850 249 959 282 Acr.
981 254 1034 283 11.
1066 254 1133 285 sc.
1166 256 1197 284 1.
1526 249 1611 290 419

160 343 396 398 Ejiciunda
417 346 558 387 hercle
580 346 675 388 haec
698 353 768 388 est
788 347 999 389 mollities
1027 349 1185 390 animi:
1228 350 1359 391 nimis
1381 364 1448 392 me
1470 353 1610 394 indul-

332 425 426 464 geo.

157 478 355 520 Tandem
391 492 479 519 non
516 493 600 533 ego
632 482 708 522 illa
739 495 930 533 caream,
963 483 1001 523 si
1036 484 1092 524 sit
1122 496 1255 537 opus,
1276 484 1350 525 vel
1371 490 1513 526 totum
1534 487 1611 526 tri—

329 545 500 587 duum'?
561 547 652 588 ΡΑ.
686 548 806 589 Hui!

158 611 424 653 Univorsum
445 613 670 655 triduum?
702 615 803 656 vide
825 616 934 669 quid
956 629 1077 668 agas.
1137 617 1228 659 PH.
1261 617 1360 659 Stat
1381 621 1612 661 sententia.

157 678 244 719 ΡΑ.
277 679 337 720 Di
358 680 476 731 boni,
497 682 603 734 quid
624 682 706 724 1100
727 684 868 724 morbi
903 686 1003 726 est‘?
1035 684 1192 727 adeon'
1227 686 1427 727 homines
1456 688 1611 728 immu-

327 747 458 789 tarier

156 812 226 854 Ex
264 826 426 863 amore,
461 819 511 856 ut
550 828 640 857 non
675 829 923 868 cognoscas
962 818 1147 859 eundem
1183 820 1315 859 esse?
1358 819 1442 861 hoc
1477 833 1609 861 nemo

327 881 413 922 fuit
1551 888 1609 928 20

155 947 308 990 Minus
328 949 520 1003 ineptus,
542 949 683 1002 magis
713 962 893 992 severus
925 952 1174 1005 quisquam,
1196 964 1278 992 nec
1298 952 1441 1005 magis
1463 955 1605 995 conti-

328 1029 450 1057 nens.

154 1084 244 1126 Sed
277 1084 378 1138 quis
409 1084 481 1125 hic
513 1087 593 1133 est,
627 1084 705 1137 qui
734 1084 820 1126 11110
843 1086 1020 1139 pergit?
1069 1091 1116 1127 at
1148 1087 1212 1127 at!
1252 1086 1324 1128 hic
1346 1086 1526 1141 quidem
1547 1094 1613 1130 est

324 1151 550 1205 parasitus
572 1150 750 1193 Gnatho

151 1272 214 1302 haec
226 1273 443 1306 imbecillitas:
463 1275 559 1306 nimis
575 1285 622 1306 me
636 1275 765 1306 delicate
780 1278 893 1306 tracto.
941 1275 1053 1306 Nonne
1067 1277 1205 1315 tandem,
1222 1277 1250 1307 si
1264 1280 1401 1316 oporteat
1425 1277 1480 1308 illa
1496 1286 1613 1315 carere,

149 1315 234 1346 istud
247 1318 375 1357 possim,
389 1317 484 1348 etiam
500 1322 564 1349 tres
578 1318 644 1348 dies
668 1316 772 1349 totos?
816 1318 883 1348 ΡΑ.
907 1317 989 1356 Hui,
1016 1322 1079 1349 tres
1100 1320 1165 1349 dies
1191 1318 1295 1350 totos?
1322 1319 1412 1356 Vide,
1435 1330 1472 1350 ne
1494 1320 1614 1358 majora

148 1357 268 1389 viribus
296 1359 360 1390 tuis
386 1361 517 1391 coneris.
563 1360 635 1392 PH.
667 1361 793 1391 Certum
824 1364 868 1390 est
887 1360 1008 1397 facere,
1037 1362 1114 1400 qnod
1141 1362 1299 1392 constitui.
1346 1362 1415 1392 ΡΑ.
1440 1362 1500 1392 Dii
1530 1362 1613 1402 boui,

149 1409 274 1432 amorne
290 1406 355 1432 tum
365 1405 473 1442 potens
488 1402 610 1434 morbus
625 1402 696 1435 est'!
719 1402 845 1432 Adeone
861 1402 996 1433 homines
1014 1403 1168 1440 immutat,
1193 1408 1227 1434 ut
1245 1404 1336 1443 idem,
1352 1404 1405 1444 qui
1417 1404 1508 1444 prins
1519 1409 1613 1436 notus

142 1441 263 1481 fuerat,
278 1445 411 1484 amplius
425 1445 565 1484 cognosci
587 1455 646 1476 non
669 1443 791 1485 possit?
814 1444 885 1475 Hoc
910 1455 998 1476 nemo
1012 1445 1082 1483 fuit
1100 1447 1202 1477 minus
1217 1447 1350 1486 ineptus,
1375 1447 1477 1486 magis
1491 1447 1613 1486 gravi&

149 1495 203 1517 nec
218 1487 320 1527 magis
334 1491 519 1528 temperans.
565 1487 627 1519 Sed
641 1488 709 1528 quis
726 1488 777 1518 hic
792 1490 847 1528 est,
871 1488 925 1528 qui
948 1488 1005 1519 huo
1027 1490 1089 1518 iter
1107 1488 1192 1527 fucit
1203 1488 1219 1521 2?
1240 1489 1288 1519 At
1303 1493 1348 1528 at,
1364 1490 1413 1520 hic
1428 1490 1550 1530 quidem
1566 1494 1612 1521 est

941 1583 1001 1595 ‘O‘

149 1648 224 1675 erat
250 1644 424 1684 corrigere
448 1645 611 1685 ingratiis.
634 1646 739 1678 Bent.
784 1647 953 1688 Defetz'ger
980 1649 1046 1679 Do.
1071 1659 1171 1689 quem
1198 1649 1353 1688 sequitur
1376 1650 1486 1680 West.
1510 1651 1610 1681 male.

150 1687 228 1726 Bip.
261 1687 412 1726 Ingratus
433 1688 493 1718 ΒΥ.
518 1688 691 1728 Defatiger
717 1689 756 1720 Z.
783 1690 963 1722 perh—15
982 1691 1115 1722 Faciens
1142 1692 1192 1723 M.
1221 1692 1407 1723 West.—-16
1430 1692 1481 1722 Μ.
1505 1693 1608 1723 hercle

147 1728 252 1760 nimis.
276 1730 362 1761 Mss.
376 1735 411 1761 et
427 1730 581 1769 impressi
598 1732 735 1772 quidam
750 1743 757 1763 :
782 1733 859 1763 mihi
874 1733 1033 1773 indulgeo.
1057 1733 1164 1765 west.
1202 1735 1328 1765 Melius
1346 1744 1459 1765 unuse
1474 1735 1605 1774 Regiis,

149 1775 197 1802 est
215 1772 292 1802 lzoec.
326 1773 428 1805 Bent.
468 1773 577 1804 Nimis
598 1774 675 1805 mihi
702 1775 741 1805 R.
769 1774 862 1807 Lind.
910 1776 992 1808 Duo
1009 1776 1093 1807 Mss.
1109 1776 1187 1807 Par.
1214 1777 1376 1808 Eiciemla.
1402 1777 1489 1808 Pall.
1508 1777 1608 1807 mihi.-

149 1819 187 1844 at
212 1814 293 1846 Par.
320 1814 375 1847 ed.
399 1825 457 1846 me.
482 1816 576 1847 Perl.
622 1817 760 1848 Rectius
777 1818 834 1856 mi,
850 1822 885 1848 et
901 1818 986 1851 Mss.
1004 1819 1142 1859 quidam
1159 1824 1193 1850 et
1210 1819 1287 1849 edd.
1314 1819 1403 1851 mihi.
1447 1820 1511 1850 Sed
1530 1820 1611 1851 edd.

147 1856 300 1888 retinent
312 1867 372 1896 me,
387 1863 425 1889 ut
441 1857 624 1899 antiquius.
647 1859 726 1899 Rip.
771 1860 853 1890 Hoec
868 1861 997 1892 omittit
1014 1861 1108 1892 Perl.
1131 1862 1189 1902 qui
1206 1867 1320 1893 monet
1337 1872 1414 1894 esse
1437 1862 1469 1893 111
1495 1862 1612 1893 Gnelt‘.

147 1901 180 1929 2.
205 1899 362 1931 hoecmoll.
396 1900 484 1931 Mihi
499 1901 560 1931 ΒΓ.
577 1901 691 1933 Guelf.
708 1905 823 1934 3.—-17
850 1903 920 1942 Ego
935 1913 996 1934 non
1012 1903 1078 1935 illa.
1101 1905 1152 1934 Ex
1176 1915 1209 1935 ο.
1234 1904 1255 1934 1.
1278 1915 1303 1936 s.
1331 1909 1366 1936 et
1394 1906 1542 1945 Donato,
1564 1905 1613 1936 ita

148 1941 300 1973 colloca:
325 1952 388 1973 non
414 1953 470 1982 ego
495 1944 563 1975 illa.
607 1945 660 1975 Ex
688 1945 786 1976 Bem.
804 1945 916 1976 scribe
935 1946 1133 1977 Univorsum.
1157 1947 1318 1977 Faernus.
1358 1948 1429 1987 Ego
1443 1947 1514 1984 illa,
1534 1957 1612 1978 ana-

146 1989 288 2024 paestus.
332 1985 428 2015 Nihil
439 1984 661 2026 frequentius.
684 1988 784 2018 Bent.
821 1988 954 2019 Tandem
968 1998 1006 2019 ne
1021 1999 1087 2028 ego.
1121 1989 1178 2020 Sic
1203 1990 1289 2020 bene
1303 1989 1383 2022 Hel.
1430 1991 1532 2029 Vulg.
1548 1999 1610 2020 nn-

146 2026 248 2057 meris
265 2025 456 2058 durioribus
471 2038 544 2060 non.
584 2029 733 2061 Anonut
745 2040 814 2068 ego-
839 2031 937 2061 Both.
978 2031 1028 2062 Ne
1053 2035 1087 2062 ut
1113 2042 1169 2071 ego
1195 2031 1311 2063 Guelf.
1327 2035 1448 2063 2.-—18
1477 2033 1611 2063 Univer-

146 2078 214 2099 sum
226 2069 368 2100 Br.-21
395 2070 457 2101 Pr.
473 2070 562 2103 Inst.
578 2071 731 2103 Gramm.
759 2072 818 2104 lib.
838 2081 894 2104 111.
922 2073 1020 2113 legit,
1048 2074 1159 2105 Minus
1182 2076 1308 2110 stultus,
1337 2075 1395 2105 sed
1418 2075 1476 2105 lib.
1503 2084 1611 2107 xvux.

147 2111 257 2142 Minus
275 2111 412 2152 ineptus.
428 2113 537 2146 West.
570 2113 625 2144 Ad
646 2114 806 2155 quisquam
823 2115 935 2155 glossa
948 2116 1005 2146 τοῦ
1020 2116 1081 2146 Br.
1098 2118 1167 2147 sic:
1190 2117 1254 2147 Vel
1272 2118 1467 2158 quicquain.
1492 2118 1611 2156 Certe,

146 2153 196 2184 ait
210 2154 338 2192 muns,
360 2155 524 2195 quicquam
538 2165 604 2187 non
625 2158 786 2188 convenit
802 2158 1016 2197 praecedenti
1038 2159 1048 2176 ‘
1063 2158 1185 2190 11011103
1220 2160 1331 2198 Magis
1347 2160 1443 2191 abest
1458 2170 1478 2190 a
1494 2160 1609 2192 Guelf.

148 2198 179 2226 3.
201 2196 300 2236 Mage
312 2198 374 2229 dat
385 2198 578 2230 Rom-22
594 2199 662 2230 Ms.
688 2199 783 2240 Lips.
808 2199 873 2230 Sed
888 2201 956 2240 quis
975 2204 1032 2236 est,
1055 2202 1119 2241 qui.
1140 2201 1408 2233 iVesterhovius.
1434 2204 1541 2242 Attat,
1562 2203 1613 2234 hic

146 2238 277 2278 quidem.
323 2240 400 2271 Nisi
425 2250 492 2272 vox
513 2241 694 2283 ‘quidem'
717 2243 752 2274 in
769 2252 870 2273 unam
887 2243 1054 2284 syllabam
1083 2244 1316 2286 contrahatur,
1339 2254 1556 2286 quocumque·
1578 2246 1612 2277 id

800 2317 946 2349 NOTAE

189 2378 231 2406 16
254 2375 362 2407 Nimis
382 2387 430 2408 me
459 2377 619 2420 indulgeo]
651 2379 850 2411 Atticorum
906 2380 954 2412 tia
970 2385 1006 2412 et
1021 2382 1272 2423 tranquillitate
1288 2381 1505 2413 deturbatur.
1551 2382 1608 2413 Sic

144 2435 239 2457 more
251 2427 465 2459 accusativus
481 2428 557 2459 loco
570 2428 679 2460 dativi
694 2429 747 2460 1110
761 2430 849 2470 posi-
904 2430 1127 2472 Propertius:
1150 2433 1159 2449 ‘
1171 2432 1270 2464 Solus
1298 2442 1392 2464 amor
1419 2432 1525 2463 morbi
1542 2441 1608 2463 non

145 2480 201 2506 tus
231 2480 297 2515 est,
329 2486 407 2517 pro,
437 2477 536 2522 nimis
559 2478 640 2509 mihi
666 2479 845 2519 indulgeo;
904 2486 996 2513 amat
1009 2481 1200 2515 artificem.’

144 2524 179 2556 id
196 2530 262 2565 est,
278 2526 375 2557 nimis
391 2526 472 2557 mihi
487 2527 652 2568 concedo,
674 2529 849 2569 permitto,
935 2533 1088 2564 Homines
1098 2533 1295 2565 immutarier
1306 2533 1360 2564 Ex
1374 2532 1492 2573 amore]
1506 2533 1607 2564 Hanc

188 2579 227 2608 17
250 2576 344 2608 Hui!
366 2578 521 2619 triduum]
546 2579 761 2612 Exclamatio
776 2589 846 2612 ser·
902 2583 1171 2615 immutationem
1182 2584 1303 2615 Po'etae
1319 2584 1496 2624 eleganter
1512 2584 1608 2624 pinx-

144 2627 191 2666 vi,
205 2628 278 2659 heri
294 2628 424 2660 dictum
441 2629 627 2661 irridentis.
900 2637 1001 2664 erunt
1017 2633 1051 2663 in
1068 2632 1182 2664 fabula
1193 2633 1483 2673 Circes,homines
1500 2633 1533 2663 in
1548 2642 1605 2673 pe-

190 2681 230 2709 19
256 2678 341 2714 Quid
367 2678 422 2710 hoc
441 2679 539 2710 morbi
555 2681 615 2721 est]
647 2680 697 2712 Ut
726 2680 847 2713 morbo
901 2682 1007 2714 eudes
1024 2684 1277 2715 commutantis.

143 2737 187 2758 ex
201 2728 289 2759 bona
302 2729 498 2761 habitudine
511 2739 655 2771 corpora
667 2730 847 2770 decidunt,
945 2736 986 2764 22
1012 2733 1155 2774 Gnatho]
1186 2734 1324 2765 Gnatho
1352 2743 1371 2764 a
1397 2732 1541 2776 maxillis
1567 2738 1603 2763 ct

144 2777 192 2810 sic
210 2778 338 2811 animus
352 2779 394 2812 ab
412 2789 525 2812 amore
550 2790 591 2812 ex
616 2790 676 2813 sua
690 2785 846 2814 constan·
903 2781 1027 2814 edendi
1045 2783 1209 2815 aviditate
1225 2783 1293 2815 dici
1306 2782 1454 2814 videtur.
1481 2781 1594 2813 rva‘oos
