<?xml version="1.0" encoding="UTF-8"?>
<!DOCTYPE html PUBLIC "-//W3C//DTD XHTML 1.0 Transitional//EN"
    "http://www.w3.org/TR/xhtml1/DTD/xhtml1-transitional.dtd">
<html xmlns="http://www.w3.org/1999/xhtml" xml:lang="en" lang="en">
 <head>
  <title>
</title>
<meta http-equiv="Content-Type" content="text/html;charset=utf-8" />
  <meta name='ocr-system' content='tesseract 3.04.00' />
  <meta name='ocr-capabilities' content='ocr_page ocr_carea ocr_par ocr_line ocrx_word'/>
</head>
<body>
  <div class='ocr_page' id='page_1' title='image "./pubterentiiafric01tereuoft/pubterentiiafric01tereuoft_0332.png"; bbox 0 0 1903 3306; ppageno 0'>
   <div class='ocr_carea' id='block_1_1' title="bbox 379 218 1352 262">
    <p class='ocr_par' dir='ltr' id='par_1_1' title="bbox 379 218 1352 262">
     <span class='ocr_line' id='line_1_1' title="bbox 379 218 1352 262; baseline 0.002 -3"><span class='ocrx_word' id='word_1_1' title='bbox 379 218 466 260; x_wconf 71' lang='lat'><strong>322</strong></span> <span class='ocrx_word' id='word_1_2' title='bbox 883 232 925 261; x_wconf 79' lang='lat' dir='ltr'><strong>P.</strong></span> <span class='ocrx_word' id='word_1_3' title='bbox 960 230 1201 261; x_wconf 78' lang='lat' dir='ltr'>TERENTII</span> <span class='ocrx_word' id='word_1_4' title='bbox 1236 231 1352 262; x_wconf 70' lang='lat' dir='ltr'><strong>Arm</strong></span> 
     </span>
    </p>
   </div>
   <div class='ocr_carea' id='block_1_2' title="bbox 381 323 1837 582">
    <p class='ocr_par' dir='ltr' id='par_1_2' title="bbox 382 323 1298 378">
     <span class='ocr_line' id='line_1_2' title="bbox 382 323 1298 378; baseline 0 -12"><span class='ocrx_word' id='word_1_5' title='bbox 382 325 477 378; x_wconf 86' lang='lat' dir='ltr'><strong>Ego</strong></span> <span class='ocrx_word' id='word_1_6' title='bbox 497 324 616 366; x_wconf 88' lang='lat' dir='ltr'><strong>illam</strong></span> <span class='ocrx_word' id='word_1_7' title='bbox 638 323 729 365; x_wconf 89' lang='lat' dir='ltr'><strong>vidi</strong></span> <span class='ocrx_word' id='word_1_8' title='bbox 748 325 976 378; x_wconf 83' lang='lat' dir='ltr'><strong>virginem,</strong></span> <span class='ocrx_word' id='word_1_9' title='bbox 997 325 1159 367; x_wconf 81' lang='lat' dir='ltr'><strong>forma!</strong></span> <span class='ocrx_word' id='word_1_10' title='bbox 1180 326 1298 366; x_wconf 83' lang='lat' dir='ltr'><strong>bona</strong></span> 
     </span>
    </p>

    <p class='ocr_par' dir='ltr' id='par_1_3' title="bbox 383 391 1469 451">
     <span class='ocr_line' id='line_1_3' title="bbox 383 391 1469 451; baseline 0 -17"><span class='ocrx_word' id='word_1_11' title='bbox 383 393 571 434; x_wconf 87' lang='lat' dir='ltr'><strong>Memini</strong></span> <span class='ocrx_word' id='word_1_12' title='bbox 592 391 766 433; x_wconf 84' lang='lat' dir='ltr'><strong>videre:</strong></span> <span class='ocrx_word' id='word_1_13' title='bbox 799 406 885 451; x_wconf 67' lang='lat' dir='ltr'><strong>quo</strong></span> <span class='ocrx_word' id='word_1_14' title='bbox 907 393 1076 446; x_wconf 87' lang='lat' dir='ltr'><strong>aequior</strong></span> <span class='ocrx_word' id='word_1_15' title='bbox 1099 406 1195 434; x_wconf 86' lang='lat' dir='ltr'><strong>sum</strong></span> <span class='ocrx_word' id='word_1_16' title='bbox 1220 392 1469 446; x_wconf 85' lang='lat' dir='ltr'><strong>Pamphilo,</strong></span> 
     </span>
    </p>

    <p class='ocr_par' dir='ltr' id='par_1_4' title="bbox 381 459 1837 582">
     <span class='ocr_line' id='line_1_4' title="bbox 381 459 1653 520; baseline 0.002 -19"><span class='ocrx_word' id='word_1_17' title='bbox 381 461 431 502; x_wconf 91' lang='lat' dir='ltr'><strong>Si</strong></span> <span class='ocrx_word' id='word_1_18' title='bbox 451 473 498 501; x_wconf 86' lang='lat' dir='ltr'><strong>se</strong></span> <span class='ocrx_word' id='word_1_19' title='bbox 519 459 640 501; x_wconf 84' lang='lat' dir='ltr'><strong>illam</strong></span> <span class='ocrx_word' id='word_1_20' title='bbox 662 461 707 501; x_wconf 93' lang='lat' dir='ltr'><strong>in</strong></span> <span class='ocrx_word' id='word_1_21' title='bbox 729 461 914 509; x_wconf 88' lang='lat' dir='ltr'><strong>somnis,</strong></span> <span class='ocrx_word' id='word_1_22' title='bbox 937 473 1073 514; x_wconf 85' lang='lat' dir='ltr'><strong>quam</strong></span> <span class='ocrx_word' id='word_1_23' title='bbox 1094 460 1230 510; x_wconf 88' lang='lat' dir='ltr'><strong>illum,</strong></span> <span class='ocrx_word' id='word_1_24' title='bbox 1252 460 1476 520; x_wconf 57' lang='lat' dir='ltr'><strong>ampleQi,</strong></span> <span class='ocrx_word' id='word_1_25' title='bbox 1482 461 1653 503; x_wconf 86' lang='lat' dir='ltr'><strong>maluit.</strong></span> 
     </span>
     <span class='ocr_line' id='line_1_5' title="bbox 383 526 1837 582; baseline 0.003 -15"><span class='ocrx_word' id='word_1_26' title='bbox 383 526 685 578; x_wconf 84' lang='lat' dir='ltr'><strong>Renuntiab0‚</strong></span> <span class='ocrx_word' id='word_1_27' title='bbox 708 532 757 569; x_wconf 85' lang='lat' dir='ltr'><strong>ut</strong></span> <span class='ocrx_word' id='word_1_28' title='bbox 778 541 859 582; x_wconf 89' lang='lat' dir='ltr'><strong>pro</strong></span> <span class='ocrx_word' id='word_1_29' title='bbox 880 527 963 568; x_wconf 93' lang='lat' dir='ltr'><strong>hoc</strong></span> <span class='ocrx_word' id='word_1_30' title='bbox 983 528 1102 569; x_wconf 85' lang='lat' dir='ltr'><strong>malo</strong></span> <span class='ocrx_word' id='word_1_31' title='bbox 1123 527 1230 569; x_wconf 85' lang='lat' dir='ltr'><strong>mihi</strong></span> <span class='ocrx_word' id='word_1_32' title='bbox 1250 529 1326 569; x_wconf 80' lang='lat' dir='ltr'><strong>det</strong></span> <span class='ocrx_word' id='word_1_33' title='bbox 1343 527 1524 569; x_wconf 80' lang='lat' dir='ltr'><strong>malum.</strong></span> <span class='ocrx_word' id='word_1_34' title='bbox 1781 531 1837 573; x_wconf 78' lang='lat'><strong>20</strong></span> 
     </span>
    </p>
   </div>
   <div class='ocr_carea' id='block_1_3' title="bbox 378 637 1838 680">
    <p class='ocr_par' dir='ltr' id='par_1_5' title="bbox 378 637 1838 680">
     <span class='ocr_line' id='line_1_6' title="bbox 378 637 1838 680; baseline 0.001 -10"><span class='ocrx_word' id='word_1_35' title='bbox 378 640 439 670; x_wconf 73' lang='lat' dir='ltr'><strong><em>sibi</em></strong></span> <span class='ocrx_word' id='word_1_36' title='bbox 453 641 560 671; x_wconf 84' lang='lat' dir='ltr'><strong><em>melius</em></strong></span> <span class='ocrx_word' id='word_1_37' title='bbox 575 650 636 671; x_wconf 82' lang='lat' dir='ltr'><strong><em>esse</em></strong></span> <span class='ocrx_word' id='word_1_38' title='bbox 649 640 748 680; x_wconf 86' lang='lat' dir='ltr'><strong>malle,</strong></span> <span class='ocrx_word' id='word_1_39' title='bbox 760 650 849 680; x_wconf 84' lang='lat' dir='ltr'><strong>quam</strong></span> <span class='ocrx_word' id='word_1_40' title='bbox 864 639 968 671; x_wconf 83' lang='lat' dir='ltr'><strong>alteri.</strong></span> <span class='ocrx_word' id='word_1_41' title='bbox 1016 639 1084 677; x_wconf 84' lang='lat' dir='ltr'><strong>Ego</strong></span> <span class='ocrx_word' id='word_1_42' title='bbox 1099 637 1165 669; x_wconf 78' lang='lat' dir='ltr'><strong><em>vidi</em></strong></span> <span class='ocrx_word' id='word_1_43' title='bbox 1179 638 1334 678; x_wconf 83' lang='lat' dir='ltr'><strong>virginem</strong></span> <span class='ocrx_word' id='word_1_44' title='bbox 1347 640 1431 671; x_wconf 80' lang='lat' dir='ltr'><strong>illam</strong></span> <span class='ocrx_word' id='word_1_45' title='bbox 1447 640 1667 672; x_wconf 76' lang='lat' dir='ltr'><strong><em>Philumenam</em></strong></span> <span class='ocrx_word' id='word_1_46' title='bbox 1678 651 1690 678; x_wconf 90' lang='grc'><strong><em>;</em></strong></span> <span class='ocrx_word' id='word_1_47' title='bbox 1713 641 1838 672; x_wconf 80' lang='lat' dir='ltr'><strong>memini</strong></span> 
     </span>
    </p>
   </div>
   <div class='ocr_carea' id='block_1_4' title="bbox 377 681 1835 810">
    <p class='ocr_par' dir='ltr' id='par_1_6' title="bbox 377 681 1835 810">
     <span class='ocr_line' id='line_1_7' title="bbox 379 681 1835 723; baseline 0.001 -10"><span class='ocrx_word' id='word_1_48' title='bbox 379 693 427 713; x_wconf 86' lang='lat' dir='ltr'><strong>me</strong></span> <span class='ocrx_word' id='word_1_49' title='bbox 448 684 558 714; x_wconf 73' lang='lat' dir='ltr'><strong>vidisse</strong></span> <span class='ocrx_word' id='word_1_50' title='bbox 582 684 668 714; x_wconf 77' lang='lat' dir='ltr'><strong><em>illum</em></strong></span> <span class='ocrx_word' id='word_1_51' title='bbox 684 682 791 721; x_wconf 83' lang='lat' dir='ltr'><em>forma</em></span> <span class='ocrx_word' id='word_1_52' title='bbox 815 682 941 713; x_wconf 83' lang='lat' dir='ltr'><em>honesta</em></span> <span class='ocrx_word' id='word_1_53' title='bbox 966 691 1041 713; x_wconf 81' lang='lat' dir='ltr'><strong><em>esse.</em></strong></span> <span class='ocrx_word' id='word_1_54' title='bbox 1090 681 1286 722; x_wconf 80' lang='lat' dir='ltr'><em>Quapropter</em></span> <span class='ocrx_word' id='word_1_55' title='bbox 1311 684 1428 723; x_wconf 84' lang='lat' dir='ltr'><strong>oequz&#39;or</strong></span> <span class='ocrx_word' id='word_1_56' title='bbox 1452 693 1519 714; x_wconf 81' lang='lat' dir='ltr'><strong>sum</strong></span> <span class='ocrx_word' id='word_1_57' title='bbox 1544 687 1574 714; x_wconf 86' lang='lat' dir='ltr'><strong>et</strong></span> <span class='ocrx_word' id='word_1_58' title='bbox 1600 685 1787 714; x_wconf 81' lang='lat' dir='ltr'><strong>moderatior</strong></span> <span class='ocrx_word' id='word_1_59' title='bbox 1802 683 1835 715; x_wconf 80' lang='lat' dir='ltr'><strong>in</strong></span> 
     </span>
     <span class='ocr_line' id='line_1_8' title="bbox 378 724 1835 766; baseline 0 -10"><span class='ocrx_word' id='word_1_60' title='bbox 378 727 546 756; x_wconf 74' lang='lat' dir='ltr'><strong>accusando</strong></span> <span class='ocrx_word' id='word_1_61' title='bbox 565 726 740 766; x_wconf 78' lang='lat' dir='ltr'><strong>Pamphilo,</strong></span> <span class='ocrx_word' id='word_1_62' title='bbox 752 727 830 765; x_wconf 87' lang='lat' dir='ltr'><strong>quod</strong></span> <span class='ocrx_word' id='word_1_63' title='bbox 845 725 937 756; x_wconf 83' lang='lat' dir='ltr'><strong>verba</strong></span> <span class='ocrx_word' id='word_1_64' title='bbox 951 725 1071 755; x_wconf 83' lang='lat' dir='ltr'><strong><em>dederit</em></strong></span> <span class='ocrx_word' id='word_1_65' title='bbox 1089 724 1225 755; x_wconf 81' lang='lat' dir='ltr'><em>Charino</em></span> <span class='ocrx_word' id='word_1_66' title='bbox 1237 735 1249 762; x_wconf 91' lang='lat'><strong>‚·</strong></span> <span class='ocrx_word' id='word_1_67' title='bbox 1281 726 1309 756; x_wconf 74' lang='lat' dir='ltr'><strong>si</strong></span> <span class='ocrx_word' id='word_1_68' title='bbox 1323 735 1354 756; x_wconf 87' lang='lat' dir='ltr'><strong>se</strong></span> <span class='ocrx_word' id='word_1_69' title='bbox 1369 726 1453 756; x_wconf 81' lang='lat' dir='ltr'><strong>illam</strong></span> <span class='ocrx_word' id='word_1_70' title='bbox 1469 729 1503 756; x_wconf 81' lang='lat' dir='ltr'><strong>ut</strong></span> <span class='ocrx_word' id='word_1_71' title='bbox 1516 736 1642 758; x_wconf 76' lang='lat' dir='ltr'><strong>uxorem</strong></span> <span class='ocrx_word' id='word_1_72' title='bbox 1655 727 1690 758; x_wconf 76' lang='lat' dir='ltr'><strong>in</strong></span> <span class='ocrx_word' id='word_1_73' title='bbox 1710 724 1835 764; x_wconf 69' lang='lat' dir='ltr'><em>somnis,</em></span> 
     </span>
     <span class='ocr_line' id='line_1_9' title="bbox 377 767 1834 810; baseline 0 -12"><span class='ocrx_word' id='word_1_74' title='bbox 377 779 467 808; x_wconf 83' lang='lat' dir='ltr'><strong>quam</strong></span> <span class='ocrx_word' id='word_1_75' title='bbox 479 769 564 799; x_wconf 82' lang='lat' dir='ltr'><strong><em>illum</em></strong></span> <span class='ocrx_word' id='word_1_76' title='bbox 583 767 788 809; x_wconf 80' lang='lat' dir='ltr'><strong>(Charinum)</strong></span> <span class='ocrx_word' id='word_1_77' title='bbox 803 769 948 808; x_wconf 77' lang='lat' dir='ltr'><em>amplecti</em></span> <span class='ocrx_word' id='word_1_78' title='bbox 971 767 1094 798; x_wconf 81' lang='lat' dir='ltr'><strong>maluit.</strong></span> <span class='ocrx_word' id='word_1_79' title='bbox 1142 767 1223 798; x_wconf 84' lang='lat' dir='ltr'><strong><em>Illud</em></strong></span> <span class='ocrx_word' id='word_1_80' title='bbox 1238 768 1310 799; x_wconf 83' lang='lat' dir='ltr'><em>hero</em></span> <span class='ocrx_word' id='word_1_81' title='bbox 1333 778 1396 799; x_wconf 80' lang='lat' dir='ltr'><strong>meo</strong></span> <span class='ocrx_word' id='word_1_82' title='bbox 1420 769 1615 810; x_wconf 78' lang='lat' dir='ltr'><em>renuntiabo,</em></span> <span class='ocrx_word' id='word_1_83' title='bbox 1637 773 1671 800; x_wconf 83' lang='lat' dir='ltr'><strong>ut</strong></span> <span class='ocrx_word' id='word_1_84' title='bbox 1697 779 1753 809; x_wconf 79' lang='lat' dir='ltr'><strong>pro</strong></span> <span class='ocrx_word' id='word_1_85' title='bbox 1780 770 1834 799; x_wconf 77' lang='lat' dir='ltr'><strong>hoc</strong></span> 
     </span>
    </p>
   </div>
   <div class='ocr_carea' id='block_1_5' title="bbox 378 811 868 843">
    <p class='ocr_par' dir='ltr' id='par_1_7' title="bbox 378 811 868 843">
     <span class='ocr_line' id='line_1_10' title="bbox 378 811 868 843; baseline 0.002 -2"><span class='ocrx_word' id='word_1_86' title='bbox 378 812 457 842; x_wconf 81' lang='lat' dir='ltr'><strong>malo</strong></span> <span class='ocrx_word' id='word_1_87' title='bbox 474 811 579 842; x_wconf 81' lang='lat' dir='ltr'><strong>nuntio</strong></span> <span class='ocrx_word' id='word_1_88' title='bbox 594 821 641 842; x_wconf 87' lang='lat' dir='ltr'><strong>me</strong></span> <span class='ocrx_word' id='word_1_89' title='bbox 651 812 730 842; x_wconf 82' lang='lat' dir='ltr'><strong>male</strong></span> <span class='ocrx_word' id='word_1_90' title='bbox 742 814 868 843; x_wconf 77' lang='lat' dir='ltr'><em>tractet.</em></span> 
     </span>
    </p>
   </div>
   <div class='ocr_carea' id='block_1_6' title="bbox 990 889 1222 902">
    <p class='ocr_par' dir='ltr' id='par_1_8' title="bbox 990 889 1222 902">
     <span class='ocr_line' id='line_1_11' title="bbox 990 889 1222 902; baseline 0 -1"><span class='ocrx_word' id='word_1_91' title='bbox 990 889 1222 902; x_wconf 69' lang='lat' dir='ltr'><strong>eeeeeeeeeeee</strong></span> 
     </span>
    </p>
   </div>
   <div class='ocr_carea' id='block_1_7' title="bbox 368 955 1833 1384">
    <p class='ocr_par' dir='ltr' id='par_1_9' title="bbox 368 955 1833 1384">
     <span class='ocr_line' id='line_1_12' title="bbox 378 955 1833 997; baseline 0.001 -9"><span class='ocrx_word' id='word_1_92' title='bbox 378 958 480 988; x_wconf 83' lang='lat' dir='ltr'><strong>Varie</strong></span> <span class='ocrx_word' id='word_1_93' title='bbox 497 957 571 988; x_wconf 85' lang='lat' dir='ltr'><strong>haec</strong></span> <span class='ocrx_word' id='word_1_94' title='bbox 594 956 860 997; x_wconf 86' lang='lat' dir='ltr'><strong>distinguuntur.</strong></span> <span class='ocrx_word' id='word_1_95' title='bbox 905 955 1003 995; x_wconf 84' lang='lat' dir='ltr'><strong>Sunt,</strong></span> <span class='ocrx_word' id='word_1_96' title='bbox 1020 955 1075 995; x_wconf 88' lang='lat' dir='ltr'><strong>qui</strong></span> <span class='ocrx_word' id='word_1_97' title='bbox 1093 956 1234 995; x_wconf 81' lang='lat' dir='ltr'><strong>legunt:</strong></span> <span class='ocrx_word' id='word_1_98' title='bbox 1264 956 1334 994; x_wconf 84' lang='lat' dir='ltr'><strong>Ego</strong></span> <span class='ocrx_word' id='word_1_99' title='bbox 1351 956 1438 987; x_wconf 80' lang='lat' dir='ltr'><strong><em>illam</em></strong></span> <span class='ocrx_word' id='word_1_100' title='bbox 1453 956 1519 987; x_wconf 82' lang='lat' dir='ltr'><strong>vidi</strong></span> <span class='ocrx_word' id='word_1_101' title='bbox 1537 955 1688 996; x_wconf 80' lang='lat' dir='ltr'><strong>uirginem</strong></span> <span class='ocrx_word' id='word_1_102' title='bbox 1701 966 1711 986; x_wconf 94' lang='lat'><strong>.·</strong></span> <span class='ocrx_word' id='word_1_103' title='bbox 1725 956 1833 995; x_wconf 84' lang='lat' dir='ltr'><strong>forma</strong></span> 
     </span>
     <span class='ocr_line' id='line_1_13' title="bbox 377 998 1831 1037; baseline 0 -6"><span class='ocrx_word' id='word_1_104' title='bbox 377 1001 455 1031; x_wconf 82' lang='lat' dir='ltr'><em>bona</em></span> <span class='ocrx_word' id='word_1_105' title='bbox 478 1000 613 1030; x_wconf 79' lang='lat' dir='ltr'><strong>Memini</strong></span> <span class='ocrx_word' id='word_1_106' title='bbox 639 1000 753 1030; x_wconf 79' lang='lat' dir='ltr'><em>videre.</em></span> <span class='ocrx_word' id='word_1_107' title='bbox 797 998 888 1030; x_wconf 82' lang='lat' dir='ltr'><strong>Alii:</strong></span> <span class='ocrx_word' id='word_1_108' title='bbox 919 999 989 1037; x_wconf 83' lang='lat' dir='ltr'><strong>Ego</strong></span> <span class='ocrx_word' id='word_1_109' title='bbox 1015 999 1101 1029; x_wconf 84' lang='lat' dir='ltr'><strong>illam</strong></span> <span class='ocrx_word' id='word_1_110' title='bbox 1116 998 1181 1029; x_wconf 70' lang='lat' dir='ltr'><strong>vidi</strong></span> <span class='ocrx_word' id='word_1_111' title='bbox 1196 998 1354 1037; x_wconf 78' lang='lat' dir='ltr'><strong>virginem</strong></span> <span class='ocrx_word' id='word_1_112' title='bbox 1369 999 1476 1037; x_wconf 81' lang='lat' dir='ltr'><em>forma</em></span> <span class='ocrx_word' id='word_1_113' title='bbox 1491 998 1579 1030; x_wconf 79' lang='lat' dir='ltr'><em>bona.</em></span> <span class='ocrx_word' id='word_1_114' title='bbox 1624 999 1760 1031; x_wconf 82' lang='lat' dir='ltr'><strong>Memini</strong></span> <span class='ocrx_word' id='word_1_115' title='bbox 1785 1001 1831 1032; x_wconf 79' lang='lat' dir='ltr'><strong>vi-</strong></span> 
     </span>
     <span class='ocr_line' id='line_1_14' title="bbox 377 1040 1831 1082; baseline 0 -8"><span class='ocrx_word' id='word_1_116' title='bbox 377 1046 458 1074; x_wconf 81' lang='lat' dir='ltr'><em>dere.</em></span> <span class='ocrx_word' id='word_1_117' title='bbox 488 1044 615 1073; x_wconf 79' lang='lat' dir='ltr'>Rursus</span> <span class='ocrx_word' id='word_1_118' title='bbox 633 1042 710 1073; x_wconf 79' lang='lat' dir='ltr'><strong>aiii:</strong></span> <span class='ocrx_word' id='word_1_119' title='bbox 730 1042 781 1082; x_wconf 87' lang='lat' dir='ltr'><strong>[et</strong></span> <span class='ocrx_word' id='word_1_120' title='bbox 803 1041 851 1073; x_wconf 85' lang='lat' dir='ltr'><strong>sic</strong></span> <span class='ocrx_word' id='word_1_121' title='bbox 875 1040 933 1080; x_wconf 91' lang='grc' dir='ltr'><strong>Ζ.]</strong></span> <span class='ocrx_word' id='word_1_122' title='bbox 958 1041 1028 1081; x_wconf 86' lang='lat' dir='ltr'><strong>Ego</strong></span> <span class='ocrx_word' id='word_1_123' title='bbox 1051 1041 1137 1072; x_wconf 81' lang='lat' dir='ltr'><strong>illum</strong></span> <span class='ocrx_word' id='word_1_124' title='bbox 1151 1041 1237 1071; x_wconf 71' lang='lat' dir='ltr'><strong><em>vidi:</em></strong></span> <span class='ocrx_word' id='word_1_125' title='bbox 1260 1041 1415 1080; x_wconf 76' lang='lat' dir='ltr'><strong>virginem</strong></span> <span class='ocrx_word' id='word_1_126' title='bbox 1422 1041 1530 1079; x_wconf 82' lang='lat' dir='ltr'><strong>formo</strong></span> <span class='ocrx_word' id='word_1_127' title='bbox 1547 1041 1624 1079; x_wconf 77' lang='lat' dir='ltr'><em>bona</em></span> <span class='ocrx_word' id='word_1_128' title='bbox 1639 1043 1831 1074; x_wconf 78' lang='lat' dir='ltr'><strong>Memim‘vi-</strong></span> 
     </span>
     <span class='ocr_line' id='line_1_15' title="bbox 376 1083 1832 1126; baseline 0 -10"><span class='ocrx_word' id='word_1_129' title='bbox 376 1088 457 1117; x_wconf 83' lang='lat' dir='ltr'><em>dere.</em></span> <span class='ocrx_word' id='word_1_130' title='bbox 472 1084 739 1125; x_wconf 82' lang='grc' dir='ltr'>Ἐμφατικώτερον</span> <span class='ocrx_word' id='word_1_131' title='bbox 755 1088 866 1115; x_wconf 89' lang='lat' dir='ltr'><strong>autem</strong></span> <span class='ocrx_word' id='word_1_132' title='bbox 882 1084 1028 1121; x_wconf 74' lang='lat' dir='ltr'><strong>videtur,</strong></span> <span class='ocrx_word' id='word_1_133' title='bbox 1045 1089 1083 1114; x_wconf 90' lang='lat' dir='ltr'><strong>ut</strong></span> <span class='ocrx_word' id='word_1_134' title='bbox 1100 1083 1204 1114; x_wconf 79' lang='lat' dir='ltr'><strong>edidi.</strong></span> <span class='ocrx_word' id='word_1_135' title='bbox 1235 1084 1332 1114; x_wconf 83' lang='lat' dir='ltr'><em>West.</em></span> <span class='ocrx_word' id='word_1_136' title='bbox 1365 1084 1467 1123; x_wconf 82' lang='lat' dir='ltr'>Lege,</span> <span class='ocrx_word' id='word_1_137' title='bbox 1485 1085 1642 1124; x_wconf 84' lang='lat' dir='ltr'><strong>Ego‚cum</strong></span> <span class='ocrx_word' id='word_1_138' title='bbox 1654 1085 1737 1116; x_wconf 80' lang='lat' dir='ltr'><strong>illam</strong></span> <span class='ocrx_word' id='word_1_139' title='bbox 1753 1085 1832 1126; x_wconf 75' lang='lat' dir='ltr'><strong><em>vidi,</em></strong></span> 
     </span>
     <span class='ocr_line' id='line_1_16' title="bbox 376 1126 1831 1167; baseline 0.001 -8"><span class='ocrx_word' id='word_1_140' title='bbox 376 1128 530 1167; x_wconf 74' lang='lat' dir='ltr'><strong>virginem</strong></span> <span class='ocrx_word' id='word_1_141' title='bbox 545 1128 651 1166; x_wconf 86' lang='lat' dir='ltr'><strong>forma</strong></span> <span class='ocrx_word' id='word_1_142' title='bbox 663 1129 740 1158; x_wconf 81' lang='lat' dir='ltr'><strong>bona</strong></span> <span class='ocrx_word' id='word_1_143' title='bbox 756 1127 890 1158; x_wconf 83' lang='lat' dir='ltr'><strong><em>Memini</em></strong></span> <span class='ocrx_word' id='word_1_144' title='bbox 904 1127 1020 1159; x_wconf 72' lang='lat' dir='ltr'><em>videre.</em></span> <span class='ocrx_word' id='word_1_145' title='bbox 1043 1127 1144 1157; x_wconf 87' lang='lat' dir='ltr'><strong>Bent.</strong></span> <span class='ocrx_word' id='word_1_146' title='bbox 1171 1126 1333 1167; x_wconf 78' lang='lat' dir='ltr'>Sequitur</span> <span class='ocrx_word' id='word_1_147' title='bbox 1349 1126 1444 1158; x_wconf 79' lang='lat' dir='ltr'><strong>Peri.</strong></span> <span class='ocrx_word' id='word_1_148' title='bbox 1474 1127 1515 1158; x_wconf 89' lang='lat' dir='ltr'><strong>E.</strong></span> <span class='ocrx_word' id='word_1_149' title='bbox 1530 1127 1569 1157; x_wconf 89' lang='lat' dir='ltr'><strong>il.</strong></span> <span class='ocrx_word' id='word_1_150' title='bbox 1582 1127 1648 1157; x_wconf 78' lang='lat' dir='ltr'><strong>vidi</strong></span> <span class='ocrx_word' id='word_1_151' title='bbox 1658 1128 1831 1166; x_wconf 78' lang='lat' dir='ltr'><strong>virginem.-</strong></span> 
     </span>
     <span class='ocr_line' id='line_1_17' title="bbox 368 1168 1829 1210; baseline 0.001 -9"><span class='ocrx_word' id='word_1_152' title='bbox 368 1172 474 1210; x_wconf 84' lang='lat' dir='ltr'><strong>forma</strong></span> <span class='ocrx_word' id='word_1_153' title='bbox 504 1171 582 1201; x_wconf 86' lang='lat' dir='ltr'><em>bona</em></span> <span class='ocrx_word' id='word_1_154' title='bbox 612 1170 746 1201; x_wconf 80' lang='lat' dir='ltr'><strong>Memini</strong></span> <span class='ocrx_word' id='word_1_155' title='bbox 769 1169 868 1201; x_wconf 79' lang='lat' dir='ltr'><strong>videri</strong></span> <span class='ocrx_word' id='word_1_156' title='bbox 894 1170 997 1201; x_wconf 87' lang='lat' dir='ltr'><em>Both.</em></span> <span class='ocrx_word' id='word_1_157' title='bbox 1043 1168 1155 1200; x_wconf 80' lang='lat' dir='ltr'><strong>Abest</strong></span> <span class='ocrx_word' id='word_1_158' title='bbox 1179 1179 1247 1200; x_wconf 86' lang='lat' dir='ltr'><strong>cum</strong></span> <span class='ocrx_word' id='word_1_159' title='bbox 1270 1179 1289 1199; x_wconf 89' lang='lat' dir='ltr'><strong>a</strong></span> <span class='ocrx_word' id='word_1_160' title='bbox 1306 1168 1424 1200; x_wconf 79' lang='lat' dir='ltr'><strong>Guelf.</strong></span> <span class='ocrx_word' id='word_1_161' title='bbox 1441 1172 1473 1201; x_wconf 80' lang='lat'><strong>3.</strong></span> <span class='ocrx_word' id='word_1_162' title='bbox 1491 1169 1541 1200; x_wconf 89' lang='lat' dir='ltr'><strong>ait</strong></span> <span class='ocrx_word' id='word_1_163' title='bbox 1552 1169 1646 1201; x_wconf 86' lang='lat' dir='ltr'><strong>Perl.</strong></span> <span class='ocrx_word' id='word_1_164' title='bbox 1665 1170 1706 1200; x_wconf 90' lang='lat' dir='ltr'><strong>ad</strong></span> <span class='ocrx_word' id='word_1_165' title='bbox 1732 1170 1766 1202; x_wconf 83' lang='lat' dir='ltr'><strong>h.</strong></span> <span class='ocrx_word' id='word_1_166' title='bbox 1781 1180 1829 1202; x_wconf 84' lang='lat' dir='ltr'><strong>vs.</strong></span> 
     </span>
     <span class='ocr_line' id='line_1_18' title="bbox 375 1211 1831 1253; baseline 0 -9"><span class='ocrx_word' id='word_1_167' title='bbox 375 1215 534 1245; x_wconf 74' lang='lat' dir='ltr'><strong>Fortasse</strong></span> <span class='ocrx_word' id='word_1_168' title='bbox 550 1214 657 1245; x_wconf 80' lang='lat' dir='ltr'><strong>voluit</strong></span> <span class='ocrx_word' id='word_1_169' title='bbox 675 1222 809 1244; x_wconf 85' lang='lat' dir='ltr'><strong>versum</strong></span> <span class='ocrx_word' id='word_1_170' title='bbox 826 1216 877 1243; x_wconf 88' lang='lat' dir='ltr'><strong>ll.</strong></span> <span class='ocrx_word' id='word_1_171' title='bbox 893 1216 953 1243; x_wconf 90' lang='lat' dir='ltr'><strong>aut</strong></span> <span class='ocrx_word' id='word_1_172' title='bbox 965 1215 1106 1243; x_wconf 84' lang='lat'>13.—18</span> <span class='ocrx_word' id='word_1_173' title='bbox 1129 1211 1218 1242; x_wconf 86' lang='lat' dir='ltr'><strong>Alii:</strong></span> <span class='ocrx_word' id='word_1_174' title='bbox 1248 1211 1385 1242; x_wconf 71' lang='lat' dir='ltr'><strong>BIemz’m&#39;</strong></span> <span class='ocrx_word' id='word_1_175' title='bbox 1406 1222 1453 1244; x_wconf 86' lang='lat' dir='ltr'><strong>me</strong></span> <span class='ocrx_word' id='word_1_176' title='bbox 1468 1212 1582 1243; x_wconf 84' lang='lat' dir='ltr'><em>videre.</em></span> <span class='ocrx_word' id='word_1_177' title='bbox 1630 1212 1831 1253; x_wconf 77' lang='lat' dir='ltr'><strong>Elegantior</strong></span> 
     </span>
     <span class='ocr_line' id='line_1_19' title="bbox 376 1253 1827 1297; baseline 0.001 -10"><span class='ocrx_word' id='word_1_178' title='bbox 376 1262 489 1288; x_wconf 86' lang='lat' dir='ltr'><strong>autem</strong></span> <span class='ocrx_word' id='word_1_179' title='bbox 503 1257 672 1288; x_wconf 81' lang='lat' dir='ltr'><strong>Latinitas</strong></span> <span class='ocrx_word' id='word_1_180' title='bbox 690 1260 753 1296; x_wconf 84' lang='lat' dir='ltr'><strong>est,</strong></span> <span class='ocrx_word' id='word_1_181' title='bbox 765 1255 900 1297; x_wconf 89' lang='lat' dir='ltr'><strong>quoties</strong></span> <span class='ocrx_word' id='word_1_182' title='bbox 913 1254 951 1286; x_wconf 77' lang='grc' dir='ltr'><strong>τὸ</strong></span> <span class='ocrx_word' id='word_1_183' title='bbox 982 1256 991 1272; x_wconf 91' lang='lat'>‘</span> <span class='ocrx_word' id='word_1_184' title='bbox 1010 1254 1135 1286; x_wconf 76' lang='lat' dir='ltr'><strong>memini</strong></span> <span class='ocrx_word' id='word_1_185' title='bbox 1147 1254 1155 1267; x_wconf 83' lang='lat'><em>&#39;</em></span> <span class='ocrx_word' id='word_1_186' title='bbox 1175 1255 1333 1295; x_wconf 84' lang='lat' dir='ltr'><strong>jungitur</strong></span> <span class='ocrx_word' id='word_1_187' title='bbox 1354 1253 1520 1286; x_wconf 87' lang='lat' dir='ltr'><strong>infinitivo</strong></span> <span class='ocrx_word' id='word_1_188' title='bbox 1538 1255 1712 1296; x_wconf 74' lang='lat' dir='ltr'><strong>praesenti.</strong></span> <span class='ocrx_word' id='word_1_189' title='bbox 1733 1255 1827 1288; x_wconf 87' lang='lat' dir='ltr'><em>West.</em></span> 
     </span>
     <span class='ocr_line' id='line_1_20' title="bbox 374 1297 1829 1339; baseline -0.001 -8"><span class='ocrx_word' id='word_1_190' title='bbox 374 1303 459 1331; x_wconf 89' lang='lat'><strong>—19</strong></span> <span class='ocrx_word' id='word_1_191' title='bbox 488 1300 527 1331; x_wconf 76' lang='lat' dir='ltr'><strong>Sl</strong></span> <span class='ocrx_word' id='word_1_192' title='bbox 552 1309 617 1330; x_wconf 79' lang='lat' dir='ltr'><em>sese</em></span> <span class='ocrx_word' id='word_1_193' title='bbox 641 1299 675 1330; x_wconf 85' lang='lat' dir='ltr'><strong>z&#39;n</strong></span> <span class='ocrx_word' id='word_1_194' title='bbox 700 1309 726 1331; x_wconf 88' lang='lat' dir='ltr'><strong>s.</strong></span> <span class='ocrx_word' id='word_1_195' title='bbox 752 1299 942 1330; x_wconf 66' lang='lat' dir='ltr'><strong>Rom—20</strong></span> <span class='ocrx_word' id='word_1_196' title='bbox 984 1297 1046 1328; x_wconf 83' lang='lat' dir='ltr'><strong>Vel</strong></span> <span class='ocrx_word' id='word_1_197' title='bbox 1073 1307 1163 1328; x_wconf 86' lang='lat' dir='ltr'><strong>non:</strong></span> <span class='ocrx_word' id='word_1_198' title='bbox 1202 1298 1324 1338; x_wconf 86' lang='lat' dir='ltr'>supple</span> <span class='ocrx_word' id='word_1_199' title='bbox 1361 1297 1431 1328; x_wconf 82' lang='lat' dir='ltr'>det.</span> <span class='ocrx_word' id='word_1_200' title='bbox 1462 1298 1522 1330; x_wconf 89' lang='lat' dir='ltr'><strong>Br.</strong></span> <span class='ocrx_word' id='word_1_201' title='bbox 1567 1298 1697 1330; x_wconf 80' lang='lat' dir='ltr'>Suntne</span> <span class='ocrx_word' id='word_1_202' title='bbox 1723 1297 1829 1339; x_wconf 82' lang='lat' dir='ltr'><strong>igitur</strong></span> 
     </span>
     <span class='ocr_line' id='line_1_21' title="bbox 375 1338 1818 1384; baseline -0.003 -10"><span class='ocrx_word' id='word_1_203' title='bbox 375 1342 524 1383; x_wconf 87' lang='lat' dir='ltr'><strong>codices,</strong></span> <span class='ocrx_word' id='word_1_204' title='bbox 538 1342 594 1384; x_wconf 90' lang='lat' dir='ltr'><strong>qui</strong></span> <span class='ocrx_word' id='word_1_205' title='bbox 612 1340 801 1383; x_wconf 81' lang='lat' dir='ltr'><strong>praeferunt</strong></span> <span class='ocrx_word' id='word_1_206' title='bbox 815 1351 875 1372; x_wconf 81' lang='lat' dir='ltr'><strong>non</strong></span> <span class='ocrx_word' id='word_1_207' title='bbox 888 1342 941 1372; x_wconf 82' lang='lat' dir='ltr'><strong>det</strong></span> <span class='ocrx_word' id='word_1_208' title='bbox 953 1338 970 1372; x_wconf 70' lang='lat'><strong>1?</strong></span> <span class='ocrx_word' id='word_1_209' title='bbox 994 1341 1114 1372; x_wconf 83' lang='lat' dir='ltr'><strong>Brnns.</strong></span> <span class='ocrx_word' id='word_1_210' title='bbox 1144 1340 1211 1371; x_wconf 83' lang='lat' dir='ltr'><strong>Hoc</strong></span> <span class='ocrx_word' id='word_1_211' title='bbox 1228 1341 1321 1372; x_wconf 80' lang='lat' dir='ltr'>delet</span> <span class='ocrx_word' id='word_1_212' title='bbox 1340 1340 1445 1372; x_wconf 87' lang='lat' dir='ltr'><em>Both.</em></span> <span class='ocrx_word' id='word_1_213' title='bbox 1816 1346 1818 1349; x_wconf 88' lang='grc'><em>·</em></span> 
     </span>
    </p>
   </div>
   <div class='ocr_carea' id='block_1_8' title="bbox 755 1653 1440 1696">
    <p class='ocr_par' dir='ltr' id='par_1_10' title="bbox 755 1653 1440 1696">
     <span class='ocr_line' id='line_1_22' title="bbox 755 1653 1440 1696; baseline -0.003 0"><span class='ocrx_word' id='word_1_214' title='bbox 755 1654 959 1696; x_wconf 87' lang='lat' dir='ltr'>ACTUS</span> <span class='ocrx_word' id='word_1_215' title='bbox 992 1654 1055 1695; x_wconf 92' lang='lat' dir='ltr'><strong>II.</strong></span> <span class='ocrx_word' id='word_1_216' title='bbox 1117 1653 1324 1696; x_wconf 86' lang='lat' dir='ltr'><strong>SCENA</strong></span> <span class='ocrx_word' id='word_1_217' title='bbox 1354 1654 1440 1696; x_wconf 91' lang='lat' dir='ltr'><strong>VI.</strong></span> 
     </span>
    </p>
   </div>
   <div class='ocr_carea' id='block_1_9' title="bbox 912 1787 1265 1818">
    <p class='ocr_par' dir='ltr' id='par_1_11' title="bbox 912 1787 1265 1818">
     <span class='ocr_line' id='line_1_23' title="bbox 912 1787 1265 1818; baseline -0.003 -1"><span class='ocrx_word' id='word_1_218' title='bbox 912 1787 1093 1818; x_wconf 86' lang='lat' dir='ltr'>DAVUS.</span> <span class='ocrx_word' id='word_1_219' title='bbox 1133 1787 1265 1817; x_wconf 84' lang='lat' dir='ltr'><strong>SIMO.</strong></span> 
     </span>
    </p>
   </div>
   <div class='ocr_carea' id='block_1_10' title="bbox 370 1863 1824 2053">
    <p class='ocr_par' dir='ltr' id='par_1_12' title="bbox 370 1863 1824 2053">
     <span class='ocr_line' id='line_1_24' title="bbox 372 1863 1548 1918; baseline -0.003 -11"><span class='ocrx_word' id='word_1_220' title='bbox 372 1868 464 1908; x_wconf 85' lang='lat' dir='ltr'><strong>DA.</strong></span> <span class='ocrx_word' id='word_1_221' title='bbox 498 1865 596 1906; x_wconf 79' lang='lat' dir='ltr'>ch</span> <span class='ocrx_word' id='word_1_222' title='bbox 617 1877 730 1906; x_wconf 90' lang='lat' dir='ltr'><strong>nunc</strong></span> <span class='ocrx_word' id='word_1_223' title='bbox 750 1877 820 1905; x_wconf 87' lang='lat' dir='ltr'><strong>me</strong></span> <span class='ocrx_word' id='word_1_224' title='bbox 843 1863 980 1905; x_wconf 83' lang='lat' dir='ltr'><strong>credit</strong></span> <span class='ocrx_word' id='word_1_225' title='bbox 999 1864 1192 1918; x_wconf 80' lang='lat' dir='ltr'>aliquam</span> <span class='ocrx_word' id='word_1_226' title='bbox 1215 1863 1303 1905; x_wconf 89' lang='lat' dir='ltr'><strong>sibi</strong></span> <span class='ocrx_word' id='word_1_227' title='bbox 1326 1863 1548 1905; x_wconf 82' lang='lat' dir='ltr'><strong>fallaciam</strong></span> 
     </span>
     <span class='ocr_line' id='line_1_25' title="bbox 370 1931 1310 1984; baseline -0.004 -8"><span class='ocrx_word' id='word_1_228' title='bbox 370 1935 572 1982; x_wconf 83' lang='lat' dir='ltr'><strong>Portare,</strong></span> <span class='ocrx_word' id='word_1_229' title='bbox 593 1937 639 1973; x_wconf 85' lang='lat' dir='ltr'><strong>et</strong></span> <span class='ocrx_word' id='word_1_230' title='bbox 659 1945 713 1973; x_wconf 82' lang='lat' dir='ltr'><strong>ea</strong></span> <span class='ocrx_word' id='word_1_231' title='bbox 733 1945 801 1972; x_wconf 84' lang='lat' dir='ltr'><strong>me</strong></span> <span class='ocrx_word' id='word_1_232' title='bbox 820 1931 891 1972; x_wconf 84' lang='lat' dir='ltr'><strong>hic</strong></span> <span class='ocrx_word' id='word_1_233' title='bbox 912 1932 1131 1972; x_wconf 81' lang='lat' dir='ltr'><strong>restitisse</strong></span> <span class='ocrx_word' id='word_1_234' title='bbox 1152 1932 1310 1984; x_wconf 83' lang='lat' dir='ltr'><strong>gratia.</strong></span> 
     </span>
     <span class='ocr_line' id='line_1_26' title="bbox 371 1998 1824 2053; baseline -0.003 -10"><span class='ocrx_word' id='word_1_235' title='bbox 371 2003 439 2044; x_wconf 87' lang='lat' dir='ltr'><strong>S1.</strong></span> <span class='ocrx_word' id='word_1_236' title='bbox 471 2000 595 2052; x_wconf 82' lang='lat' dir='ltr'><strong>Quid</strong></span> <span class='ocrx_word' id='word_1_237' title='bbox 619 2000 771 2041; x_wconf 82' lang='lat' dir='ltr'><strong>Davus</strong></span> <span class='ocrx_word' id='word_1_238' title='bbox 792 1999 973 2040; x_wconf 77' lang='lat' dir='ltr'><strong>narrat?</strong></span> <span class='ocrx_word' id='word_1_239' title='bbox 1036 1998 1126 2039; x_wconf 88' lang='lat' dir='ltr'><strong>DA.</strong></span> <span class='ocrx_word' id='word_1_240' title='bbox 1160 1999 1309 2052; x_wconf 85' lang='lat' dir='ltr'><strong>AEque</strong></span> <span class='ocrx_word' id='word_1_241' title='bbox 1331 1998 1570 2053; x_wconf 83' lang='lat' dir='ltr'><strong>quicquam</strong></span> <span class='ocrx_word' id='word_1_242' title='bbox 1592 2010 1707 2040; x_wconf 90' lang='lat' dir='ltr'><strong>nunc</strong></span> <span class='ocrx_word' id='word_1_243' title='bbox 1728 1998 1824 2052; x_wconf 90' lang='lat' dir='ltr'><strong>qui-</strong></span> 
     </span>
    </p>
   </div>
   <div class='ocr_carea' id='block_1_11' title="bbox 542 2068 656 2108">
    <p class='ocr_par' dir='ltr' id='par_1_13' title="bbox 542 2068 656 2108">
     <span class='ocr_line' id='line_1_27' title="bbox 542 2068 656 2108; baseline -0.009 0"><span class='ocrx_word' id='word_1_244' title='bbox 542 2068 656 2108; x_wconf 87' lang='lat' dir='ltr'><strong>dem.</strong></span> 
     </span>
    </p>
   </div>
   <div class='ocr_carea' id='block_1_12' title="bbox 367 2164 1823 2248">
    <p class='ocr_par' dir='ltr' id='par_1_14' title="bbox 367 2164 1823 2248">
     <span class='ocr_line' id='line_1_28' title="bbox 412 2164 1823 2207; baseline -0.003 -9"><span class='ocrx_word' id='word_1_245' title='bbox 412 2168 483 2198; x_wconf 70' lang='lat' dir='ltr'><strong>DA.</strong></span> <span class='ocrx_word' id='word_1_246' title='bbox 509 2167 596 2198; x_wconf 81' lang='lat' dir='ltr'><strong>Simo</strong></span> <span class='ocrx_word' id='word_1_247' title='bbox 610 2176 658 2198; x_wconf 86' lang='lat' dir='ltr'><strong>me</strong></span> <span class='ocrx_word' id='word_1_248' title='bbox 673 2166 773 2197; x_wconf 77' lang='lat' dir='ltr'><em>credit</em></span> <span class='ocrx_word' id='word_1_249' title='bbox 788 2166 923 2207; x_wconf 81' lang='lat' dir='ltr'><strong><em>aliquam</em></strong></span> <span class='ocrx_word' id='word_1_250' title='bbox 932 2165 1094 2204; x_wconf 82' lang='lat' dir='ltr'><strong>fallaciam</strong></span> <span class='ocrx_word' id='word_1_251' title='bbox 1109 2165 1167 2196; x_wconf 86' lang='lat' dir='ltr'><strong>huc</strong></span> <span class='ocrx_word' id='word_1_252' title='bbox 1183 2164 1310 2206; x_wconf 78' lang='lat' dir='ltr'><strong>afferre,</strong></span> <span class='ocrx_word' id='word_1_253' title='bbox 1326 2167 1417 2204; x_wconf 81' lang='lat' dir='ltr'><strong><em>atque</em></strong></span> <span class='ocrx_word' id='word_1_254' title='bbox 1433 2173 1468 2195; x_wconf 81' lang='lat' dir='ltr'><strong>ea</strong></span> <span class='ocrx_word' id='word_1_255' title='bbox 1483 2165 1520 2194; x_wconf 82' lang='lat' dir='ltr'><strong>de</strong></span> <span class='ocrx_word' id='word_1_256' title='bbox 1533 2173 1624 2195; x_wconf 76' lang='lat' dir='ltr'><strong>causa</strong></span> <span class='ocrx_word' id='word_1_257' title='bbox 1637 2164 1688 2195; x_wconf 79' lang='lat' dir='ltr'><strong>hic</strong></span> <span class='ocrx_word' id='word_1_258' title='bbox 1702 2173 1823 2195; x_wconf 82' lang='lat' dir='ltr'><strong>reman-</strong></span> 
     </span>
     <span class='ocr_line' id='line_1_29' title="bbox 367 2207 1822 2248; baseline -0.002 -7"><span class='ocrx_word' id='word_1_259' title='bbox 367 2212 454 2242; x_wconf 74' lang='lat' dir='ltr'><em>sisse.</em></span> <span class='ocrx_word' id='word_1_260' title='bbox 500 2210 551 2241; x_wconf 87' lang='lat' dir='ltr'><strong>S1.</strong></span> <span class='ocrx_word' id='word_1_261' title='bbox 577 2210 663 2245; x_wconf 83' lang='lat' dir='ltr'><strong><em>Quid</em></strong></span> <span class='ocrx_word' id='word_1_262' title='bbox 680 2211 791 2241; x_wconf 83' lang='lat' dir='ltr'><strong><em>Davus</em></strong></span> <span class='ocrx_word' id='word_1_263' title='bbox 804 2208 940 2241; x_wconf 76' lang='lat' dir='ltr'><strong>narrat?</strong></span> <span class='ocrx_word' id='word_1_264' title='bbox 984 2209 1054 2240; x_wconf 73' lang='lat' dir='ltr'><strong>DA.</strong></span> <span class='ocrx_word' id='word_1_265' title='bbox 1080 2208 1173 2238; x_wconf 83' lang='lat' dir='ltr'><strong><em>Nihil</em></strong></span> <span class='ocrx_word' id='word_1_266' title='bbox 1195 2208 1316 2248; x_wconf 80' lang='lat' dir='ltr'><strong>quidem</strong></span> <span class='ocrx_word' id='word_1_267' title='bbox 1342 2207 1503 2248; x_wconf 79' lang='lat' dir='ltr'><strong>quicquam</strong></span> <span class='ocrx_word' id='word_1_268' title='bbox 1524 2216 1616 2247; x_wconf 79' lang='lat' dir='ltr'><strong><em>nunc,</em></strong></span> <span class='ocrx_word' id='word_1_269' title='bbox 1631 2216 1717 2247; x_wconf 81' lang='lat' dir='ltr'><strong><em>aeque</em></strong></span> <span class='ocrx_word' id='word_1_270' title='bbox 1732 2210 1822 2247; x_wconf 79' lang='lat' dir='ltr'><strong><em>atque</em></strong></span> 
     </span>
    </p>
   </div>
   <div class='ocr_carea' id='block_1_13' title="bbox 979 2304 1215 2318">
    <p class='ocr_par' dir='ltr' id='par_1_15' title="bbox 979 2304 1215 2318">
     <span class='ocr_line' id='line_1_30' title="bbox 979 2304 1215 2318; baseline 0 -1"><span class='ocrx_word' id='word_1_271' title='bbox 979 2304 1215 2318; x_wconf 55' lang='grc' dir='ltr'><strong>’0101θο0000οθ</strong></span> 
     </span>
    </p>
   </div>
   <div class='ocr_carea' id='block_1_14' title="bbox 368 2364 1821 2624">
    <p class='ocr_par' dir='ltr' id='par_1_16' title="bbox 368 2364 1821 2624">
     <span class='ocr_line' id='line_1_31' title="bbox 414 2364 1821 2410; baseline -0.003 -10"><span class='ocrx_word' id='word_1_272' title='bbox 414 2373 429 2400; x_wconf 94' lang='grc'>1</span> <span class='ocrx_word' id='word_1_273' title='bbox 456 2367 601 2401; x_wconf 83' lang='lat' dir='ltr'>Quidam</span> <span class='ocrx_word' id='word_1_274' title='bbox 618 2368 703 2399; x_wconf 81' lang='lat' dir='ltr'>Mss.</span> <span class='ocrx_word' id='word_1_275' title='bbox 719 2368 853 2408; x_wconf 82' lang='lat' dir='ltr'><strong><em>aliquam</em></strong></span> <span class='ocrx_word' id='word_1_276' title='bbox 865 2369 1029 2406; x_wconf 80' lang='lat' dir='ltr'><strong>fallaciam</strong></span> <span class='ocrx_word' id='word_1_277' title='bbox 1050 2371 1179 2410; x_wconf 81' lang='lat' dir='ltr'><strong>legunt,</strong></span> <span class='ocrx_word' id='word_1_278' title='bbox 1193 2369 1316 2400; x_wconf 90' lang='lat' dir='ltr'><strong>omisso</strong></span> <span class='ocrx_word' id='word_1_279' title='bbox 1339 2366 1423 2404; x_wconf 75' lang='lat' dir='ltr'><em>sibi;</em></span> <span class='ocrx_word' id='word_1_280' title='bbox 1446 2364 1726 2408; x_wconf 87' lang='lat' dir='ltr'><strong>quemadmodum</strong></span> <span class='ocrx_word' id='word_1_281' title='bbox 1743 2375 1821 2397; x_wconf 89' lang='lat' dir='ltr'><strong>mox</strong></span> 
     </span>
     <span class='ocr_line' id='line_1_32' title="bbox 370 2408 1818 2454; baseline -0.001 -13"><span class='ocrx_word' id='word_1_282' title='bbox 370 2412 523 2443; x_wconf 81' lang='lat' dir='ltr'><em>restitisse</em></span> <span class='ocrx_word' id='word_1_283' title='bbox 535 2411 642 2449; x_wconf 78' lang='lat' dir='ltr'><em>gratia</em></span> <span class='ocrx_word' id='word_1_284' title='bbox 653 2411 714 2442; x_wconf 82' lang='lat' dir='ltr'><strong><em>hic.</em></strong></span> <span class='ocrx_word' id='word_1_285' title='bbox 738 2411 912 2442; x_wconf 83' lang='lat' dir='ltr'>West.—2</span> <span class='ocrx_word' id='word_1_286' title='bbox 935 2412 1035 2451; x_wconf 85' lang='lat' dir='ltr'><strong>Sunt,</strong></span> <span class='ocrx_word' id='word_1_287' title='bbox 1050 2413 1107 2454; x_wconf 87' lang='lat' dir='ltr'><strong>qui</strong></span> <span class='ocrx_word' id='word_1_288' title='bbox 1123 2422 1190 2443; x_wconf 89' lang='lat' dir='ltr'><strong>non</strong></span> <span class='ocrx_word' id='word_1_289' title='bbox 1207 2414 1394 2451; x_wconf 84' lang='lat' dir='ltr'><strong>agnoscunt</strong></span> <span class='ocrx_word' id='word_1_290' title='bbox 1408 2419 1466 2441; x_wconf 86' lang='lat' dir='ltr'><strong>me.</strong></span> <span class='ocrx_word' id='word_1_291' title='bbox 1490 2409 1608 2441; x_wconf 80' lang='lat' dir='ltr'>Id.-3</span> <span class='ocrx_word' id='word_1_292' title='bbox 1622 2408 1704 2448; x_wconf 75' lang='lat' dir='ltr'><strong>Alii,</strong></span> <span class='ocrx_word' id='word_1_293' title='bbox 1721 2408 1818 2449; x_wconf 80' lang='lat' dir='ltr'><strong>Quid,</strong></span> 
     </span>
     <span class='ocr_line' id='line_1_33' title="bbox 370 2451 1818 2496; baseline -0.003 -10"><span class='ocrx_word' id='word_1_294' title='bbox 370 2455 471 2493; x_wconf 72' lang='lat' dir='ltr'><strong><em>Duce,</em></strong></span> <span class='ocrx_word' id='word_1_295' title='bbox 486 2457 595 2484; x_wconf 82' lang='lat' dir='ltr'><em>narrat</em></span> <span class='ocrx_word' id='word_1_296' title='bbox 610 2452 626 2485; x_wconf 71' lang='lat'><strong>:²</strong></span> <span class='ocrx_word' id='word_1_297' title='bbox 649 2453 722 2484; x_wconf 86' lang='lat' dir='ltr'><strong>sub.</strong></span> <span class='ocrx_word' id='word_1_298' title='bbox 739 2453 934 2493; x_wconf 82' lang='lat' dir='ltr'><strong>Pamphilus</strong></span> <span class='ocrx_word' id='word_1_299' title='bbox 949 2463 957 2485; x_wconf 89' lang='lat'><strong>:</strong></span> <span class='ocrx_word' id='word_1_300' title='bbox 984 2465 1178 2496; x_wconf 84' lang='lat' dir='ltr'><strong>perperam,</strong></span> <span class='ocrx_word' id='word_1_301' title='bbox 1193 2455 1329 2495; x_wconf 69' lang='lat' dir='ltr'><strong>opinor,</strong></span> <span class='ocrx_word' id='word_1_302' title='bbox 1357 2453 1409 2484; x_wconf 87' lang='lat' dir='ltr'><strong>Ex</strong></span> <span class='ocrx_word' id='word_1_303' title='bbox 1427 2452 1503 2483; x_wconf 89' lang='lat' dir='ltr'><strong>Pal.</strong></span> <span class='ocrx_word' id='word_1_304' title='bbox 1517 2454 1550 2483; x_wconf 86' lang='lat'><strong>2.</strong></span> <span class='ocrx_word' id='word_1_305' title='bbox 1567 2452 1653 2483; x_wconf 66' lang='lat' dir='ltr'><strong>citat</strong></span> <span class='ocrx_word' id='word_1_306' title='bbox 1666 2451 1794 2482; x_wconf 77' lang='lat' dir='ltr'><strong>Parcus</strong></span> <span class='ocrx_word' id='word_1_307' title='bbox 1809 2462 1818 2482; x_wconf 92' lang='lat'>:</span> 
     </span>
     <span class='ocr_line' id='line_1_34' title="bbox 371 2494 1819 2539; baseline -0.001 -13"><span class='ocrx_word' id='word_1_308' title='bbox 371 2498 481 2537; x_wconf 84' lang='lat' dir='ltr'><strong><em>Neque</em></strong></span> <span class='ocrx_word' id='word_1_309' title='bbox 493 2497 654 2536; x_wconf 76' lang='lat' dir='ltr'><strong>quicquam</strong></span> <span class='ocrx_word' id='word_1_310' title='bbox 668 2505 748 2527; x_wconf 81' lang='lat' dir='ltr'><strong><em>nunc</em></strong></span> <span class='ocrx_word' id='word_1_311' title='bbox 763 2497 905 2536; x_wconf 76' lang='lat' dir='ltr'><strong>quidem:</strong></span> <span class='ocrx_word' id='word_1_312' title='bbox 928 2507 1027 2528; x_wconf 80' lang='lat' dir='ltr'><strong>sensu</strong></span> <span class='ocrx_word' id='word_1_313' title='bbox 1041 2499 1235 2539; x_wconf 85' lang='lat' dir='ltr'><strong>perspicuo.</strong></span> <span class='ocrx_word' id='word_1_314' title='bbox 1281 2497 1332 2528; x_wconf 81' lang='lat' dir='ltr'><strong>Id.</strong></span> <span class='ocrx_word' id='word_1_315' title='bbox 1355 2495 1428 2526; x_wconf 87' lang='lat' dir='ltr'><strong>Etsi</strong></span> <span class='ocrx_word' id='word_1_316' title='bbox 1446 2504 1562 2526; x_wconf 88' lang='lat' dir='ltr'><strong>omnes</strong></span> <span class='ocrx_word' id='word_1_317' title='bbox 1580 2494 1678 2526; x_wconf 81' lang='lat' dir='ltr'><strong>codd.</strong></span> <span class='ocrx_word' id='word_1_318' title='bbox 1694 2503 1819 2535; x_wconf 84' lang='lat' dir='ltr'><strong>repug-</strong></span> 
     </span>
     <span class='ocr_line' id='line_1_35' title="bbox 369 2537 1818 2581; baseline -0.002 -11"><span class='ocrx_word' id='word_1_319' title='bbox 369 2544 461 2576; x_wconf 82' lang='lat' dir='ltr'><strong>nant,</strong></span> <span class='ocrx_word' id='word_1_320' title='bbox 478 2539 658 2579; x_wconf 84' lang='lat' dir='ltr'><strong>legendum</strong></span> <span class='ocrx_word' id='word_1_321' title='bbox 675 2543 787 2569; x_wconf 82' lang='lat' dir='ltr'><strong>tamen</strong></span> <span class='ocrx_word' id='word_1_322' title='bbox 804 2545 899 2580; x_wconf 83' lang='lat' dir='ltr'><strong>puto,</strong></span> <span class='ocrx_word' id='word_1_323' title='bbox 917 2540 1014 2581; x_wconf 75' lang='lat' dir='ltr'><strong><em>Quid,</em></strong></span> <span class='ocrx_word' id='word_1_324' title='bbox 1029 2542 1131 2580; x_wconf 84' lang='lat' dir='ltr'><em>Dave,</em></span> <span class='ocrx_word' id='word_1_325' title='bbox 1147 2542 1269 2579; x_wconf 76' lang='lat' dir='ltr'><strong>narrat,</strong></span> <span class='ocrx_word' id='word_1_326' title='bbox 1293 2549 1340 2570; x_wconf 83' lang='lat' dir='ltr'><strong>sc.</strong></span> <span class='ocrx_word' id='word_1_327' title='bbox 1357 2538 1568 2578; x_wconf 87' lang='lat' dir='ltr'><strong>Pamphilus,</strong></span> <span class='ocrx_word' id='word_1_328' title='bbox 1582 2538 1639 2578; x_wconf 87' lang='lat' dir='ltr'><strong>qni</strong></span> <span class='ocrx_word' id='word_1_329' title='bbox 1653 2537 1818 2577; x_wconf 84' lang='lat' dir='ltr'><strong>superiori</strong></span> 
     </span>
     <span class='ocr_line' id='line_1_36' title="bbox 368 2579 1816 2624; baseline -0.003 -11"><span class='ocrx_word' id='word_1_330' title='bbox 368 2583 479 2614; x_wconf 82' lang='lat' dir='ltr'><strong>Scena</strong></span> <span class='ocrx_word' id='word_1_331' title='bbox 497 2591 571 2613; x_wconf 89' lang='lat' dir='ltr'><strong>cum</strong></span> <span class='ocrx_word' id='word_1_332' title='bbox 589 2582 686 2612; x_wconf 82' lang='lat' dir='ltr'><strong>Davo</strong></span> <span class='ocrx_word' id='word_1_333' title='bbox 710 2581 845 2613; x_wconf 86' lang='lat' dir='ltr'><strong>domum</strong></span> <span class='ocrx_word' id='word_1_334' title='bbox 872 2582 956 2615; x_wconf 85' lang='lat' dir='ltr'><strong>ibat.</strong></span> <span class='ocrx_word' id='word_1_335' title='bbox 1002 2584 1113 2624; x_wconf 86' lang='lat' dir='ltr'><strong>Igitur</strong></span> <span class='ocrx_word' id='word_1_336' title='bbox 1127 2584 1256 2623; x_wconf 87' lang='lat' dir='ltr'><strong>Davus,</strong></span> <span class='ocrx_word' id='word_1_337' title='bbox 1278 2591 1378 2624; x_wconf 88' lang='lat' dir='ltr'><strong>quem</strong></span> <span class='ocrx_word' id='word_1_338' title='bbox 1393 2581 1484 2613; x_wconf 88' lang='lat' dir='ltr'><strong>Simo</strong></span> <span class='ocrx_word' id='word_1_339' title='bbox 1500 2589 1575 2611; x_wconf 88' lang='lat' dir='ltr'><strong>cum</strong></span> <span class='ocrx_word' id='word_1_340' title='bbox 1592 2579 1661 2611; x_wconf 81' lang='lat' dir='ltr'><strong>filio</strong></span> <span class='ocrx_word' id='word_1_341' title='bbox 1676 2579 1720 2610; x_wconf 85' lang='lat' dir='ltr'><strong>de</strong></span> <span class='ocrx_word' id='word_1_342' title='bbox 1733 2588 1816 2620; x_wconf 84' lang='lat' dir='ltr'><strong>nup—</strong></span> 
     </span>
    </p>
   </div>
   <div class='ocr_carea' id='block_1_15' title="bbox 1022 2669 1162 2702">
    <p class='ocr_par' dir='ltr' id='par_1_17' title="bbox 1022 2669 1162 2702">
     <span class='ocr_line' id='line_1_37' title="bbox 1022 2669 1162 2702; baseline 0 -1"><span class='ocrx_word' id='word_1_343' title='bbox 1022 2669 1162 2702; x_wconf 80' lang='lat' dir='ltr'><strong>NOTAE</strong></span> 
     </span>
    </p>
   </div>
   <div class='ocr_carea' id='block_1_16' title="bbox 367 2727 1819 2822">
    <p class='ocr_par' dir='ltr' id='par_1_18' title="bbox 367 2727 1819 2822">
     <span class='ocr_line' id='line_1_38' title="bbox 411 2727 1819 2771; baseline -0.003 -10"><span class='ocrx_word' id='word_1_344' title='bbox 411 2734 427 2761; x_wconf 89' lang='lat'>1</span> <span class='ocrx_word' id='word_1_345' title='bbox 453 2730 611 2762; x_wconf 78' lang='lat' dir='ltr'><strong>Hicnunc</strong></span> <span class='ocrx_word' id='word_1_346' title='bbox 622 2740 669 2761; x_wconf 87' lang='lat' dir='ltr'><strong>me</strong></span> <span class='ocrx_word' id='word_1_347' title='bbox 680 2731 793 2771; x_wconf 82' lang='lat' dir='ltr'><strong>credit]</strong></span> <span class='ocrx_word' id='word_1_348' title='bbox 819 2731 936 2762; x_wconf 82' lang='lat' dir='ltr'><strong>Davus</strong></span> <span class='ocrx_word' id='word_1_349' title='bbox 952 2741 1067 2764; x_wconf 87' lang='lat' dir='ltr'><strong>secum</strong></span> <span class='ocrx_word' id='word_1_350' title='bbox 1122 2737 1192 2764; x_wconf 84' lang='lat' dir='ltr'><strong>tum</strong></span> <span class='ocrx_word' id='word_1_351' title='bbox 1216 2730 1354 2763; x_wconf 82' lang='lat' dir='ltr'><strong>audiat:</strong></span> <span class='ocrx_word' id='word_1_352' title='bbox 1378 2729 1426 2760; x_wconf 85' lang='lat' dir='ltr'><strong>sic</strong></span> <span class='ocrx_word' id='word_1_353' title='bbox 1455 2731 1568 2759; x_wconf 84' lang='lat' dir='ltr'><strong>tamen</strong></span> <span class='ocrx_word' id='word_1_354' title='bbox 1597 2727 1759 2768; x_wconf 83' lang='lat' dir='ltr'><strong>loquitur,</strong></span> <span class='ocrx_word' id='word_1_355' title='bbox 1782 2731 1819 2758; x_wconf 86' lang='lat' dir='ltr'><strong>ut</strong></span> 
     </span>
     <span class='ocr_line' id='line_1_39' title="bbox 367 2780 1526 2822; baseline -0.003 -10"><span class='ocrx_word' id='word_1_356' title='bbox 367 2781 416 2812; x_wconf 81' lang='lat' dir='ltr'><strong>ita</strong></span> <span class='ocrx_word' id='word_1_357' title='bbox 444 2781 578 2812; x_wconf 82' lang='lat' dir='ltr'><strong>videtur</strong></span> <span class='ocrx_word' id='word_1_358' title='bbox 602 2781 703 2822; x_wconf 85' lang='lat' dir='ltr'><strong>loqui,</strong></span> <span class='ocrx_word' id='word_1_359' title='bbox 730 2786 767 2812; x_wconf 88' lang='lat' dir='ltr'><strong>ut</strong></span> <span class='ocrx_word' id='word_1_360' title='bbox 793 2787 971 2822; x_wconf 82' lang='lat' dir='ltr'><strong>spectator</strong></span> <span class='ocrx_word' id='word_1_361' title='bbox 995 2787 1067 2813; x_wconf 81' lang='lat' dir='ltr'><strong>tau-</strong></span> <span class='ocrx_word' id='word_1_362' title='bbox 1123 2783 1205 2814; x_wconf 86' lang='lat' dir='ltr'><strong>velit</strong></span> <span class='ocrx_word' id='word_1_363' title='bbox 1222 2781 1329 2812; x_wconf 87' lang='lat' dir='ltr'><strong>audiri</strong></span> <span class='ocrx_word' id='word_1_364' title='bbox 1347 2780 1526 2810; x_wconf 84' lang='lat' dir='ltr'><strong>aSimone.</strong></span> 
     </span>
    </p>
   </div>
  </div>
 </body>
</html>
