1903 3306
312 197 397 239 433
806 209 846 238 Ρ.
877 208 1118 239 TERENTH
1151 210 1269 240 Aeni

314 302 502 344 Desine:
528 301 623 357 jam
645 302 975 346 conclamatum
995 306 1076 344 est.
1138 302 1226 344 CH.
1257 302 1384 344 Alias
1404 316 1477 345 res
1498 305 1609 359 agis.

314 369 402 410 PA.
434 370 557 411 Istuc
580 383 664 423 ago
686 370 878 424 quidem.
940 370 1028 411 CH.
1063 368 1243 411 Nostin’
1275 383 1376 424 quae
1408 371 1498 413 sit?
1529 373 1601 414 dic
1632 373 1762 416 mihi:

313 434 409 477 Aut
427 435 651 478 vidistin’?
713 436 802 478 PA.
833 436 963 488 Vidi;
994 437 1119 478 novi:
1151 437 1262 487 scio,
1285 451 1374 491 quo
1395 439 1583 481 abducta
1605 441 1677 482 sit.

314 502 403 545 CH.
435 503 547 553 Eho,
570 503 787 545 Parmeno
814 503 890 555 mi,
918 503 1104 545 nostin'?
1165 505 1255 545 PA.
1288 504 1422 547 Novi.
1480 505 1568 548 CH.
1600 507 1657 549 Et
1674 509 1763 549 scis

485 571 560 611 ubi
584 571 697 611 siet?

315 636 402 677 PA.
435 637 541 677 Huc
570 637 763 678 deducta
793 642 863 678 est
893 637 950 679 ad
969 638 1244 680 meretricem
1278 638 1522 682 Thaidem:
1568 641 1610 682 ei
1645 641 1762 683 dono

486 703 592 744 data
612 708 694 744 est.
1707 710 1764 750 60

316 769 404 811 CH.
437 770 550 821 Quis
570 770 610 811 is
631 775 698 812 est
718 775 809 811 tam
841 774 996 824 potens
1025 785 1124 814 cum
1161 776 1281 814 tanto
1303 786 1475 814 munere
1496 773 1612 816 hoc‘?
1674 775 1763 817 PA.

487 837 623 878 Miles
644 837 832 885 Thraso,

315 903 535 945 Phaedriae
554 905 718 945 rivalis.
779 903 868 945 CH.
900 905 1048 945 Duras
1067 906 1216 946 fratris
1235 909 1384 959 partes
1405 908 1639 960 praedicas.

316 970 404 1011 PA.
435 971 578 1012 Immo
609 972 724 1014 enim
757 971 796 1013 si
827 971 964 1022 scias,
995 973 1116 1027 quod
1143 974 1308 1015 donum
1335 974 1436 1015 huic
1471 975 1586 1017 dono
1616 981 1766 1020 contra

487 1044 725 1092 comparet,

315 1104 427 1145 Tum
448 1106 585 1158 magis
606 1105 650 1147 id
673 1106 809 1147 dieas.
869 1105 957 1146 CH.
989 1105 1223 1156 Quodnam
1259 1121 1413 1161 quaeso
1433 1108 1617 1151 hercle?
1676 1111 1764 1154 PA.

486 1172 765 1213 Eunuchum.
825 1171 915 1215 CH.
948 1172 1137 1214 Illumne
1158 1175 1345 1216 obsecro

322 1285 390 1324 jam
415 1296 464 1316 res
486 1290 555 1317 acta
570 1291 637 1324 est,·
654 1287 782 1318 Chaerea
797 1287 900 1326 habet,
916 1291 1024 1327 captus
1038 1290 1096 1319 est.
1141 1288 1208 1320 Cn.
1234 1290 1307 1320 Non
1321 1290 1457 1321 attendis
1478 1291 1518 1321 ad
1538 1300 1573 1321 ea
1595 1301 1663 1332 quae
1687 1292 1765 1325 dico.

316 1328 382 1359 ΡΑ.
395 1329 542 1360 Attendo.
588 1331 656 1361 Cn.
671 1330 838 1361 Novistine
847 1340 913 1370 quae
924 1328 988 1361 sit?
1008 1330 1075 1361 Aut
1085 1331 1232 1363 vidistine
1243 1335 1332 1363 eam?
1366 1333 1430 1364 PA.
1452 1333 1533 1372 Vidi,
1543 1334 1626 1374 novi,
1635 1334 1697 1365 scio
1708 1346 1767 1376 quo

316 1371 446 1402 abducta
459 1371 512 1402 sit.
558 1372 628 1403 CH.
654 1373 733 1410 Eho,
752 1374 901 1404 Parmeno
916 1373 971 1412 mi,
986 1372 1164 1405 novistine?
1208 1375 1276 1406 ΡΑ.
1301 1375 1395 1406 Novi.
1441 1375 1509 1407 CH.
1532 1376 1601 1407 Scis
1622 1377 1675 1408 ubi
1696 1376 1767 1410 sit?

317 1414 382 1445 ΡΑ.
407 1415 458 1445 Ad
471 1415 527 1446 has
541 1416 622 1446 oedes
641 1416 770 1446 deducta
784 1419 831 1447 est
852 1416 893 1446 ad
911 1415 1058 1446 Thaidem
1071 1416 1271 1457 meretricem,
1293 1420 1324 1449 et
1344 1417 1378 1448 in
1391 1419 1504 1449 donum
1524 1419 1652 1451 tradita.
1696 1420 1766 1452 CH.

320 1456 399 1491 Quis
422 1457 474 1488 itte
499 1462 545 1489 est
571 1459 645 1488 adeo
670 1461 788 1499 potens,
809 1458 860 1499 qni
883 1462 947 1489 tam
968 1459 1134 1499 pretiosum
1159 1469 1270 1491 munus
1292 1461 1343 1491 det
1363 1460 1545 1494 meretrici?
1589 1462 1655 1493 PA.
1671 1462 1769 1495 Miles

319 1499 447 1540 Thraso,
468 1499 629 1531 Phaedrza·
655 1501 775 1531 rivalis.
821 1501 889 1532 Cn.
913 1501 1068 1542 Difficiles
1086 1506 1192 1542 partes
1207 1503 1313 1541 frater
1331 1503 1401 1542 agit
1425 1507 1531 1535 contra
1558 1505 1702 1536 «emulum
1720 1505 1769 1537 ita

316 1542 445 1573 divitem
458 1546 489 1573 et
503 1543 691 1584 munificum.
736 1544 801 1574 PA.
826 1544 924 1574 Immo
952 1544 1129 1575 Phoedriam
1150 1548 1256 1585 partes
1277 1546 1386 1577 habere
1407 1546 1493 1578 dicas
1517 1546 1715 1588 difficiliores,
1736 1548 1764 1580 si

315 1584 396 1616 scias
410 1586 488 1626 quod
500 1595 610 1617 munus
623 1586 693 1617 huic
707 1586 824 1618 muneri
839 1590 945 1618 contra
959 1590 1094 1628 apparet.
1140 1589 1207 1619 CH.
1228 1589 1389 1625 Quodnam
1401 1589 1479 1621 illud
1494 1592 1552 1630 est,
1565 1591 1658 1622 cedo?
1700 1590 1767 1622 ΡΑ.

923 1670 1158 1683 ”O‘OOOOOOOO

317 1724 411 1756 licet.
455 1724 595 1765 Signum
613 1733 693 1765 ergo
716 1723 791 1755 finis
808 1727 844 1755 et
859 1725 1065 1766 cognitionis
1082 1725 1216 1765 plenael
1251 1725 1360 1756 Miror
1375 1724 1479 1765 igitur
1494 1726 1599 1757 virum
1617 1725 1768 1768 doctum,

318 1767 373 1808 qui
395 1767 477 1797 illud
500 1767 617 1798 scilicet
646 1767 757 1798 verius
784 1771 895 1806 putat.
941 1767 1039 1799 Inter
1063 1768 1156 1800 Ilicet
1171 1773 1205 1799 et
1230 1769 1482 1800 conclamatumst
1498 1769 1690 1809 invenuste,
1706 1771 1768 1806 ait,

319 1810 421 1840 inseri
445 1809 580 1840 videtur
601 1810 725 1841 Desine.
768 1810 817 1849 Si,
841 1810 969 1850 Quare,
984 1820 1096 1851 roges,
1110 1812 1262 1841 nesciat:
1286 1810 1369 1841 illud
1388 1815 1501 1842 tamen
1514 1812 1601 1843 scire
1618 1815 1767 1852 poterat,

318 1852 499 1883 invenuste
515 1852 568 1883 hic
587 1853 695 1892 repeti
708 1852 826 1883 seilicet
837 1863 850 1889 ,·
874 1863 949 1884 cum
964 1853 997 1883 in
1011 1862 1110 1884 versu
1126 1852 1229 1884 fuerit
1245 1852 1476 1893 praecedente.
1498 1854 1594 1886 Bent.
1638 1854 1765 1886 Scilicet

319 1894 379 1924 ΒΓ.
393 1894 508 1926 Guelf.
523 1898 553 1926 2.
569 1897 600 1925 3.
626 1895 705 1925 Cum
718 1905 753 1926 ea
770 1904 831 1935 pro
847 1905 915 1925 cum
927 1896 1039 1926 ancilla
1055 1895 1223 1927 GM.—57
1248 1896 1334 1926 Istuc
1349 1905 1409 1934 ago
1423 1896 1573 1936 equidem.
1611 1896 1666 1927 Ita
1682 1902 1716 1929 et
1731 1898 1765 1928 in

319 1936 416 1967 Bem.
444 1937 504 1968 Fa.
551 1937 647 1968 Unus
664 1947 707 1967 ex
724 1936 871 1976 Nostris,
894 1947 953 1976 ago
977 1938 1132 1978 equidem.-
1156 1939 1263 1969 ceteri
1289 1939 1429 1977 equidem
1452 1948 1521 1978 ago.
1566 1939 1682 1970 Nostin
1700 1941 1770 1980 qua

317 1978 386 2012 sit?
408 1979 459 2010 dic
472 1979 561 2018 mihi,
584 1983 638 2010 aut
659 1977 821 2011 Vidistin?
845 1980 944 2011 CCC.
967 1981 1120 2020 egregie,
1149 1981 1260 2011 Nostin
1283 1989 1385 2019 quoeso
1411 1981 1462 2011 dic
1485 1981 1563 2012 mihi
1583 1984 1637 2012 aut
1663 1981 1767 2014 Vidis-

320 2020 391 2053 tin?
415 2020 582 2054 ‘Quaeso’
606 2023 730 2062 passim
748 2022 780 2052 in
805 2021 1075 2062 interrogatione
1097 2023 1208 2054 locum
1237 2023 1351 2054 habet.
1395 2024 1442 2054 Et
1468 2023 1653 2063 respondet
1680 2024 1766 2056 Par·

319 2073 431 2103 meno,
453 2066 462 2082 ⁴
477 2064 571 2102 Vidi,
594 2065 706 2096 novi:'
729 2064 906 2102 absolute;
931 2075 1008 2104 nou,
1029 2066 1127 2106 ‘quae
1144 2065 1210 2097 sit!
1235 2066 1331 2096 Bent.
1355 2066 1412 2106 qui
1434 2066 1495 2097 dat
1519 2066 1547 2097 Ι.
1570 2076 1600 2098 a.
1618 2067 1768 2106 equidem,

320 2106 408 2147 quod
420 2107 503 2138 dant
519 2112 554 2138 et
571 2107 671 2138 Both.
697 2111 730 2138 et
749 2106 867 2138 Guelf.
884 2110 915 2139 3.
954 2107 1041 2139 Istue
1055 2109 1194 2148 equidem
1209 2118 1267 2147 ago
1282 2108 1341 2139 ΒΥ.
1359 2107 1475 2140 Guelf.
1487 2110 1519 2140 2.
1541 2109 1636 2139 Voce
1660 2114 1668 2126 ¹
1683 2114 1743 2141 aut
1758 2110 1769 2123 ¹

319 2149 407 2180 hunc
426 2160 472 2179 vs.
498 2149 661 2180 claudunt
678 2150 780 2180 Bent.
799 2150 899 2182 Both.
917 2150 996 2190 Bip.
1013 2151 1106 2182 Perl.
1153 2151 1266 2181 Nostin
1282 2150 1410 2191 (quaeso,
1425 2151 1475 2182 dic
1489 2149 1582 2192 mihi)
1597 2154 1651 2182 aut
1666 2151 1767 2184 Both.

319 2196 404 2222 —58
430 2192 515 2222 Novi
529 2196 558 2223 et
573 2193 636 2222 scio
657 2192 690 2224 J.
716 2193 760 2223 Et
782 2193 854 2223 novi
879 2196 909 2223 et
933 2193 996 2223 scio
1022 2192 1136 2225 Guelf.
1152 2196 1281 2225 2.—-59.
1304 2196 1345 2223 60
1372 2194 1400 2223 O
1416 2194 1569 2226 Parmeno
1583 2194 1627 2224 mi
1640 2193 1769 2227 nostin?

322 2234 416 2266 Nori.
463 2234 534 2265 Scis
557 2235 610 2265 ubi
634 2233 717 2266 siet?
763 2235 838 2265 Huc
852 2236 981 2266 deducta
1005 2239 1050 2266 est
1077 2237 1118 2266 ad
1145 2235 1292 2266 Thaidem
1313 2237 1518 2274 meretricem,
1533 2236 1562 2266 ei
1576 2237 1608 2266 d.
1624 2238 1698 2267 data
1711 2240 1769 2269 est.

321 2276 365 2307 O.
382 2277 403 2307 l.
421 2286 447 2308 s,
475 2277 541 2308 ΕΙιο
562 2278 713 2308 Parmeno
729 2277 878 2308 habent:
904 2278 985 2308 item
1012 2279 1045 2309 hi
1071 2284 1106 2309 et
1133 2279 1301 2316 Donatus,
1325 2279 1365 2308 ad
1388 2278 1580 2309 meretricem
1601 2279 1767 2312 Thaidem.-

320 2319 424 2359 aliqui
446 2329 538 2358 ver0‚
561 2320 652 2350 inter
678 2327 760 2360 quos
788 2320 985 2359 Bembinus,
1009 2322 1053 2351 Et
1079 2320 1158 2357 scis,·
1182 2329 1364 2361 omnesque
1391 2320 1463 2352 fere
1489 2320 1617 2362 antiqui
1643 2327 1769 2362 praeter

321 2370 408 2401 eum,
434 2362 466 2391 in
493 2371 558 2402 quo
584 2368 650 2401 est,
677 2366 707 2393 et
722 2364 799 2393 dono
814 2362 944 2398 data’st‚
959 2363 1097 2402 habent,
1121 2364 1149 2394 ei
1164 2364 1242 2393 dono
1256 2364 1332 2393 data
1347 2366 1402 2394 est.
1448 2363 1572 2404 Itaque
1600 2364 1648 2394 sic
1676 2364 1768 2405 lege-

321 2413 393 2433 mus
412 2415 419 2435 :
443 2404 511 2434 ΕΙιο
526 2404 681 2435 Parmeno
696 2405 739 2435 mi
759 2403 889 2436 nostin?
934 2405 1031 2437 Novi.
1074 2407 1120 2437 Et
1143 2406 1202 2436 scis
1226 2406 1277 2435 ubi
1302 2405 1386 2436 siet?
1431 2405 1506 2437 Huc
1530 2405 1700 2437 deducta’st
1727 2407 1770 2439 ad

321 2447 511 2477 meretricem
527 2446 685 2486 Thaidem,
702 2447 731 2477 ei
746 2449 823 2478 dono
839 2446 964 2478 data'st.
991 2449 1049 2479 Fa.
1093 2448 1187 2478 Tolle
1203 2447 1292 2478 istud
1313 2447 1416 2484 Novi;
1440 2452 1475 2478 et
1491 2453 1598 2478 totum
1615 2447 1658 2479 da
1673 2449 1768 2480 Cha?-

322 2497 410 2519 reae:
438 2489 517 2527 ΕΙιο,
542 2489 696 2519 Parmeno
715 2490 768 2524 mi,
792 2490 907 2528 nostin,
928 2493 958 2520 et
979 2490 1038 2521 scis
1059 2490 1112 2521 ubz‘
1133 2487 1217 2521 siet?
1261 2490 1316 2521 Sic
1333 2489 1436 2521 habet
1453 2491 1605 2521 Donatus
1624 2490 1770 2522 Linden-

322 2529 451 2569 brogii;
478 2537 512 2562 et
531 2532 603 2561 viro
627 2532 727 2562 docto
755 2532 842 2562 idem
860 2532 966 2562 visum
984 2537 1047 2564 est.
1076 2534 1168 2564 Bent.
1215 2533 1281 2563 PA.
1307 2532 1408 2563 Novi:
1433 2533 1536 2563 Bent.
1561 2533 1690 2564 hancce
1715 2543 1768 2564 re-

322 2573 495 2611 sponsion.
520 2573 744 2604 Parmenonis
766 2575 921 2605 extrudit
943 2581 1062 2606 contra
1088 2584 1213 2605 morem
1237 2575 1400 2604 Terentii.
1444 2574 1589 2605 Adducta
1605 2574 1720 2606 Guelf.
1735 2579 1766 2607 2.

322 2615 366 2646 Et
382 2616 410 2645 ei
425 2616 502 2646 dono
520 2618 548 2645 l.
573 2616 660 2647 Perl.
707 2616 775 2646 Scis
790 2616 883 2648 delet
898 2617 1083 2649 Rom—61
1113 2619 1163 2648 Ita
1178 2619 1286 2656 potens
1302 2615 1416 2648 Guelf.
1432 2619 1550 2648 2.--62
1573 2617 1767 2655 Partesfra-

322 2657 380 2687 tris
396 2657 466 2687 ΕΡ.
495 2657 682 2689 West.-63
707 2659 804 2689 Immo
825 2660 853 2690 si
877 2659 966 2689 scias.
1015 2660 1159 2690 Codices
1184 2659 1289 2689 nostri
1317 2658 1448 2690 duobus
1475 2658 1575 2689 modo
1601 2661 1770 2700 exeeptis,

323 2699 420 2729 Immo
431 2699 511 2730 enim
523 2710 533 2730 .·
557 2706 591 2731 et
614 2701 664 2732 sic
687 2706 819 2731 veteres
837 2702 924 2732 Edd.
954 2703 1113 2741 Repone:
1139 2703 1236 2732 Immo
1251 2701 1331 2732 enim
1346 2702 1375 2732 si
1386 2701 1466 2731 scias
1480 2702 1558 2740 quod
1572 2702 1683 2732 donum
1693 2703 1772 2733 dono

322 2741 391 2772 huic
406 2752 432 2772 c.
446 2752 471 2773 c.
488 2742 588 2773 Bent.
635 2744 733 2773 Domo
747 2744 826 2775 Par.
841 2743 972 2775 vitiose.
1007 2745 1097 2776 Dono
1109 2744 1206 2776 abest
1223 2753 1242 2774 a
1256 2743 1373 2775 Guelf.
1389 2746 1420 2774 2.
1436 2743 1609 2775 Peri—04
1625 2744 1662 2775 ld
1677 2745 1771 2776 varie
