1903 3306
507 235 571 265 DE
603 233 802 265 corucls
834 231 1095 262 VERSIBUS.
1438 220 1523 262 169

71 331 318 383 appellatam.
357 328 435 367 Sed
456 328 504 366 ab
520 326 824 365 Atheniensibus
844 337 968 376 pagos
985 337 1063 362 non
1086 325 1219 374 κώμας,
1239 335 1370 360 verum
1389 321 1523 374 δήμους

68 396 212 433 vocari.
269 393 451 432 Similiter
481 399 520 429 et
553 391 744 442 quosdam
779 388 1085 440 Peloponnesios
1107 387 1160 424 ait
1182 399 1295 423 suum
1315 385 1442 423 facere
1463 386 1523 422 in-

69 465 228 495 ventum
246 455 504 506 Tragoediam,
533 454 639 505 quod
671 452 814 491 fabulae
844 451 1014 502 δράματα
1048 450 1242 493 dicantur,
1276 461 1363 486 curn
1392 455 1522 485 tamen

72 520 374 558 Atheniensibus
392 519 431 555 in
451 531 525 556 usu
545 531 623 555 non
645 516 695 554 sit
713 517 872 554 verbum
891 515 997 565 δρᾷν,
1031 513 1100 552 sed
1131 514 1319 563 πράττειν.
1377 511 1525 549 Ibidem

73 591 112 622 et
137 583 214 621 hoc
242 582 427 634 scriptum
447 589 520 619 est.
576 581 637 618 Ab
669 593 714 618 eo
747 580 902 617 demum
921 587 1092 630 tempore
1113 575 1327 614 Comoediae
1347 581 1526 612 auctores

73 646 271 692 celebrari,
304 659 381 696 quo
413 645 576 683 formam
592 645 659 682 illa
678 650 717 681 et
737 643 906 694 speciem
924 641 1121 693 quandam
1142 646 1259 677 nacta
1277 638 1403 684 fuerit,
1437 651 1527 675 cum

74 709 262 762 principio
282 710 449 748 obscura
468 715 587 755 esset,
607 715 646 746 et
659 715 837 746 auctores
857 706 977 757 ipsius
998 706 1175 760 laterent.
1218 703 1297 741 Sed
1314 701 1528 746 Comoedia,

75 787 164 825 quae
181 773 319 825 priscis
339 773 576 823 temporibus
597 773 636 809 in
656 785 728 810 usu
749 772 835 817 fuit,
864 783 943 821 qua
971 768 1199 807 nominatim
1230 767 1269 804 hi
1300 773 1368 804 aut
1385 766 1528 816 impro-

73 839 146 876 bos
177 843 245 875 aut
277 836 453 874 inimicos
485 849 575 874 suos
607 836 937 887 perstringebant,
966 833 1182 884 principum
1214 831 1329 868 etiam
1360 829 1527 866 virorum

74 901 192 939 vitam
212 908 252 938 et
268 913 395 938 mores
415 900 760 951 reprehendentes,
788 900 875 937 haec
898 898 1013 948 igitur
1035 896 1195 945 antiqua
1216 894 1321 932 dieta
1338 900 1410 932 est.
1468 892 1529 929 De

76 964 186 1015 cujus
206 963 365 1002 licentia
384 963 635 1013 κωμωδεῖσθαι
654 965 771 1015 vulgo
787 963 917 1001 dixere
935 974 1016 1007 eos,
1033 961 1099 1011 qui
1118 958 1268 1010 probris
1289 958 1531 995 lacesseren-

76 1035 150 1067 tur.
206 1027 334 1078 Hujus
354 1033 489 1065 auctor
510 1027 794 1065 vetustissimus
816 1026 1034 1063 nominatur
1055 1022 1259 1074 Sannyrio.
1308 1020 1387 1058 Sed
1406 1021 1530 1059 excel-

73 1092 198 1130 lentes
216 1093 338 1136 fuere,
358 1090 595 1141 temporibus
614 1089 707 1128 belli
727 1088 1016 1140 Peloponnesii,

239 1184 400 1236 Eupolis
421 1191 536 1236 atque
558 1184 754 1231 Cratinus,
776 1183 1136 1235 Aristophanesque
1155 1182 1296 1232 poetae.

81 1289 179 1328 Haec
200 1295 336 1340 postea
354 1289 428 1327 fuit
446 1295 610 1335 mutata,
631 1302 719 1327 cum
740 1288 930 1334 dolerent,
950 1296 996 1326 ut
1013 1287 1139 1338 inquit
1157 1287 1355 1332 Horatius,
1373 1291 1535 1324 cruento

79 1353 197 1391 dente
215 1353 399 1391 lacessiti.
442 1353 540 1390 Tum
559 1366 702 1391 nomen
722 1352 890 1391 obtinuit
910 1351 1070 1399 Mediae,
1090 1365 1179 1403 quae
1199 1349 1444 1389 dissimulato
1463 1362 1534 1386 no—

80 1417 185 1455 mine
203 1417 296 1455 vitia
315 1422 464 1454 tantum
485 1417 700 1467 exagitaret
718 1429 726 1454 :

951 1508 1174 1553 Quinetiam
1193 1508 1256 1546 lex

242 1574 443 1625 Poenaque
462 1574 556 1622 lata,
576 1574 681 1612 malo
701 1587 790 1625 quae
810 1572 933 1611 nollet
953 1573 1124 1611 carmine
1144 1584 1366 1624 quenquam

238 1637 430 1677 Describi.

85 1737 215 1785 Atque
233 1734 362 1773 ferunt
382 1735 550 1786 Eupolin
571 1735 609 1772 in
632 1735 726 1772 mari
757 1734 1013 1780 submersum,
1047 1733 1095 1771 ab
1125 1732 1171 1770 iis
1199 1744 1297 1784 quos
1317 1729 1537 1770 maledictis

85 1799 264 1837 laesisset.
319 1799 417 1836 Tum
451 1799 567 1850 igitur
596 1798 889 1850 Tragoediarum
909 1798 988 1837 fere
1008 1802 1238 1848 argumenta
1257 1795 1480 1833 detulerunt
1498 1795 1537 1832 in

87 1875 256 1908 scenam,
286 1868 436 1900 retexta
469 1862 519 1901 ad
552 1862 757 1901 ridiculum
778 1862 964 1901 modum:
994 1862 1121 1913 deque
1140 1861 1216 1898 hoc
1237 1872 1378 1909 genere
1398 1859 1538 1897 chorus

86 1926 271 1977 paulatim
291 1926 465 1965 defluxit.
522 1928 566 1964 In
588 1940 665 1978 quo
684 1941 765 1979 prae
785 1927 925 1966 ceteris
945 1927 1074 1965 clarus
1104 1925 1177 1963 fuit
1208 1924 1322 1961 Plato
1353 1923 1538 1961 comicus.

90 1991 204 2028 Hanc
225 1997 360 2029 secuta
379 1997 439 2029 est
459 2004 562 2029 nova
582 1991 796 2036 Comoedia,
828 1991 866 2028 in
899 2004 976 2041 qua
1003 1989 1147 2041 primas
1167 1988 1292 2026 tenuit
1310 1986 1540 2031 Menander,

87 2055 256 2105 potiente
276 2068 402 2093 rerum
421 2055 645 2093 Alexandro
664 2069 832 2107 magno:
863 2063 979 2107 atque
998 2055 1084 2091 haee
1104 2053 1264 2091 chorum
1285 2051 1442 2089 omnino
1462 2061 1540 2087 non

87 2117 218 2164 habet,
259 2119 329 2157 sed
362 2126 500 2157 ornatu
535 2120 639 2157 vario
674 2126 713 2158 et
746 2118 952 2171 multiplici
985 2128 1236 2169 personarum
1268 2114 1434 2165 insignis
1468 2120 1540 2151 est.

89 2182 218 2233 Atque
236 2181 323 2220 haec
342 2183 550 2221 indicanda
567 2184 732 2220 breviter
752 2191 791 2221 et
812 2183 974 2221 strictim
992 2180 1142 2232 putavi,
1170 2179 1219 2217 de
1247 2178 1367 2216 initiis
1388 2191 1433 2216 ac
1452 2190 1542 2228 pro-

90 2246 355 2297 gressionibus
374 2246 587 2284 Comoediae
608 2246 711 2297 apud
734 2247 910 2286 Graecos.
968 2245 1085 2297 Apud
1105 2244 1263 2282 Latinos
1285 2248 1426 2287 autem,
1457 2255 1542 2279 sce-

90 2310 200 2347 nicos
228 2309 342 2347 ludos
376 2310 575 2348 institutos
605 2310 725 2348 fuisse
757 2311 804 2350 C.
835 2311 896 2349 vel
925 2316 970 2347 ut
996 2309 1101 2354 alibi,
1135 2308 1180 2345 T.
1202 2306 1374 2357 Sulpicio
1394 2305 1542 2342 Baetico

89 2373 165 2421 (vel
185 2379 228 2411 ut
246 2373 349 2420 alibi,
369 2373 518 2419 Petico,
540 2373 630 2412 alibi
650 2375 806 2424 Potico)
837 2376 883 2414 C.
905 2373 1052 2412 Licinio
1074 2372 1236 2410 Stolone
1257 2370 1371 2408 Coss.
1393 2369 1544 2407 notavit

90 2436 268 2475 Valerius
285 2450 294 2474 ε
324 2443 362 2475 et
380 2437 566 2488 paulatim
584 2437 772 2476 ludicram
793 2445 914 2476 artem
934 2438 984 2475 ad
1005 2435 1210 2475 satirarum
1231 2433 1369 2471 modos
1389 2446 1542 2484 perrex-

91 2501 183 2546 isse,
217 2513 240 2538 a
271 2501 411 2552 quibus
442 2502 590 2551 primus
626 2503 796 2540 omnium
825 2504 942 2554 po'eta
972 2501 1100 2538 Livius
1122 2498 1170 2536 ad
1192 2497 1409 2535 fabularum
1430 2509 1545 2547 argu-

93 2571 226 2602 menta
254 2566 512 2616 spectantium
543 2566 678 2604 oculos
708 2573 748 2604 et
777 2566 926 2604 animos
948 2562 1200 2602 transtulerit.
1258 2561 1394 2598 Cicero
1415 2568 1543 2597 autem

94 2628 260 2679 scripsit,
291 2628 442 2666 Livium
472 2629 637 2680 primum
673 2629 844 2667 omnium
879 2628 1069 2666 Fabulam
1103 2624 1274 2670 dedisse,
1316 2624 1428 2660 annis
1465 2623 1544 2660 fere

95 2692 188 2730 410.
208 2699 298 2742 post
317 2692 480 2730 Romam
498 2692 719 2730 conditam:
749 2693 853 2730 fuere
880 2699 1008 2729 autem
1039 2688 1222 2728 celebrati
1250 2686 1414 2738 primum
1446 2685 1545 2723 Ludi

98 2753 263 2793 Romani
294 2762 445 2807 patrum
467 2762 505 2794 et
524 2756 709 2807 equitum,
739 2756 804 2807 qui
834 2762 873 2795 et
906 2755 1059 2805 Magni,
1086 2751 1278 2791 ludicrum
1309 2756 1436 2788 autem
1459 2750 1545 2801 equi
