1945 3296
311 213 367 255 48
665 223 727 254 DE
761 221 1031 253 'rRAcOEmA
1068 220 1126 250 Εἰ·
1160 219 1407 251 coMOED1A.

311 324 460 369 togata,
481 323 547 356 aut
571 317 803 363 tabernaria,
837 323 902 354 aut
923 315 1105 360 atellana,
1139 320 1207 352 aut
1237 315 1391 360 mimus,
1425 319 1493 352 aut
1513 313 1760 361 Rhintonica,
1805 341 1807 343 .

312 388 380 419 aut
396 380 631 432 planipedia.
672 379 902 430 Planip'edia
922 385 1051 416 autem
1064 377 1182 423 dicta,
1203 378 1252 415 ob
1272 377 1528 432 humilitatem
1547 377 1765 428 argumenti

311 445 409 497 ejus,
431 457 475 482 ac
495 444 682 482 vilitatem
702 450 890 489 actorum,
911 442 977 492 qui
997 454 1076 479 non
1096 441 1286 479 cothurno
1307 448 1374 478 aut
1394 453 1510 480 socco
1535 447 1698 479 utuntur
1721 439 1762 477 in

312 521 444 554 scena,
465 515 532 546 aut
550 507 713 559 pulpito,
735 505 804 544 sed
825 506 943 556 plano
964 505 1064 556 pede
1081 518 1090 543 :
1130 505 1191 542 vel
1211 504 1298 543 ideo
1317 505 1423 556 quod
1443 518 1521 542 non
1541 518 1587 543 ea
1606 503 1766 555 negotia

311 573 497 617 continet,
518 583 606 620 quae
627 581 876 619 personarum
896 569 935 605 in
955 568 1122 606 turribus
1140 568 1260 605 autin
1276 568 1487 606 coenaculis
1506 567 1764 606 habitantium

312 642 418 681 sunt,
440 634 509 672 sed
530 634 569 671 in
588 633 706 683 plano
728 638 766 670 et
780 631 915 668 humili
937 631 1036 669 loco.
1081 631 1284 669 Personati
1305 631 1415 682 primi
1437 631 1566 682 egisse
1581 630 1764 668 dicuntur

312 698 554 738 Comoediam
576 697 794 744 Cinciuset
819 695 1022 732 Faliscus:
1052 694 1299 745 Tragoediam
1330 695 1522 732 Minutius
1541 701 1581 733 et
1598 692 1766 731 Protho-

312 763 450 801 nius.¹³
509 760 692 798 Omnium
724 766 853 796 autern
884 757 1161 796 comoediarum
1191 758 1336 808 scripta
1369 771 1417 795 ex
1450 764 1617 809 quatuor
1647 756 1764 794 rebus

310 826 471 866 omnino
504 829 731 866 sumuntur;
777 821 946 868 nomine,
984 820 1087 866 loco,
1125 821 1247 867 facto,
1279 827 1436 860 eventu.
1504 820 1686 866 Nomine,
1721 824 1766 857 ut

312 890 509 935 Phormio,
532 887 700 938 Hecyra,
731 885 937 936 Gurgulio,
965 883 1166 934 Epidicus.
1223 883 1342 930 Loco,
1372 891 1417 922 ut
1435 884 1597 930 Andria,
1618 884 1766 921 Leuca-

312 955 391 1001 dia,
412 951 674 990 Brundusina.
718 948 851 995 Facto,
867 954 910 985 ut
924 947 1153 993 Eunuchus,
1173 947 1369 994 Asinaria,
1385 948 1555 999 Captivi.
1595 947 1765 994 Eventu,

313 1016 635 1060 Commorientes,
682 1012 866 1063 Adelphi,
918 1011 1391 1050 Heautontimorumenos.
1476 1010 1765 1049 Comoediarum

312 1083 446 1121 formae
467 1085 560 1118 sunt
579 1085 672 1116 tres.
713 1076 906 1123 palliatae,
935 1075 1120 1113 Graecum
1138 1074 1314 1113 habitum
1329 1075 1523 1113 ferentes:
1551 1087 1650 1125 quas
1667 1085 1766 1111 non·

312 1146 408 1184 nulli
446 1142 682 1182 tabernarias
719 1147 876 1179 vocant.
950 1140 1126 1191 Togatae,
1158 1138 1274 1190 juxta
1308 1139 1472 1177 formam
1512 1150 1767 1189 personarum

311 1210 487 1249 habitum
508 1215 685 1258 togarum
706 1204 988 1243 desiderantes.
1043 1203 1251 1250 Atellanae,
1273 1203 1418 1242 salibus
1439 1210 1479 1240 et
1489 1203 1590 1253 jocis
1607 1213 1766 1252 compo-

313 1276 412 1319 sitae,
451 1285 539 1323 quae
577 1272 615 1308 in
655 1283 697 1307 se
730 1281 809 1306 non
845 1268 1003 1313 habent,
1041 1266 1116 1304 nisi
1152 1272 1347 1304 vetustam
1383 1265 1633 1316 elegantiam.
1689 1263 1767 1301 Co-

313 1337 456 1376 moedia
483 1343 611 1374 autem
645 1332 826 1370 dividitur
860 1332 898 1369 in
935 1338 1102 1382 quatuor
1135 1337 1288 1382 partes:
1328 1330 1545 1381 prologum,
1577 1327 1768 1380 protasin‚

313 1401 494 1453 epitasin,
532 1397 822 1448 catastrophen.
897 1395 1092 1446 Prologus
1127 1402 1188 1433 est
1223 1395 1348 1446 prima
1387 1394 1521 1440 dictio,
1555 1405 1579 1431 a
1617 1391 1768 1431 Graecis

313 1465 420 1503 dicta
466 1462 697 1512 πρόλογος,14
738 1460 777 1498 id
811 1467 884 1508 est,
926 1459 1164 1498 antecedens
1209 1472 1340 1498 veram
1386 1458 1530 1496 fabulae
1574 1450 1769 1508 composi-

314 1531 457 1568 tionem
486 1525 668 1565 elocutio.
738 1524 833 1575 Ejus
863 1526 1016 1575 species
1050 1530 1218 1574 quatuor
1246 1528 1360 1561 sunt:
1408 1521 1633 1567 συστατικὸς,
1661 1532 1768 1558 com-

313 1591 565 1631 mendatitius
588 1602 597 1626 :
655 1601 732 1640 quo
780 1588 914 1626 fabula
956 1588 1017 1626 vel
1062 1589 1180 1639 po'eta.
1220 1585 1537 1629 commendatum
1592 1587 1769 1636 ἀναφορι-

314 1656 417 1703 κὸς,’5
448 1655 656 1694 relativus:
687 1666 763 1704 quo
785 1659 851 1690 aut
877 1652 1099 1690 adversario
1120 1651 1341 1697 maledicta,
1369 1656 1436 1688 aut
1455 1648 1591 1700 gratiae
1624 1647 1769 1700 populo

314 1722 551 1762 referuntur;
582 1714 838 1762 ὑποθετικὸς,’6
869 1715 1201 1767 argumentativus
1231 1713 1376 1752 fabulae
1409 1718 1681 1764 argumentum
1703 1724 1770 1749 ex-

314 1796 487 1836 ponens;
517 1782 652 1832 μικτὸς,
671 1781 837 1818 mistus:
867 1779 999 1817 omnia
1030 1779 1117 1817 haec
1138 1778 1177 1816 in
1212 1792 1253 1816 se
1271 1778 1491 1815 continens.
1548 1776 1654 1813 Inter
1681 1787 1771 1826 pro-

314 1848 448 1898 logum
469 1853 508 1885 et
526 1845 745 1897 prologium
777 1842 934 1895 quidam
952 1844 1027 1881 hoc
1061 1843 1249 1880 interesse
1271 1841 1500 1880 voluerunt:
1531 1838 1623 1891 quia
1640 1838 1770 1890 prolo-

315 1925 388 1963 gus
409 1918 470 1949 est
491 1910 595 1948 velut
613 1908 790 1960 praefatio
810 1907 991 1959 quaedam
1012 1907 1170 1952 fabulae,
1198 1906 1237 1944 in
1258 1918 1336 1957 quo
1357 1904 1441 1943 solo
1463 1903 1612 1942 scilicet
1629 1908 1771 1954 praeter

315 1980 600 2026 argumentum,
639 1971 786 2022 aliquid
817 1971 867 2009 ad
909 1968 1095 2022 populum
1129 1966 1190 2008 vel
1221 1983 1268 2008 ex
1311 1969 1439 2021 poeta,
1473 1967 1535 2006 vel
1568 1979 1616 2004 ex
1647 1965 1770 2016 ipsius

314 2038 472 2083 fabulae,
492 2036 554 2076 vel
575 2036 716 2074 actoris
736 2034 942 2073 commodo
962 2034 1147 2085 loquitur.
1193 2033 1417 2083 Prologium
1438 2038 1568 2069 autem
1589 2036 1662 2076 est,
1681 2041 1770 2067 curn

314 2109 466 2140 tantum
488 2100 536 2138 de
557 2105 786 2150 argumento
807 2098 962 2137 dicitur.
1020 2097 1196 2135 Protasis
1217 2103 1277 2134 est
1295 2096 1440 2147 primus
1468 2101 1579 2132 actus
1599 2093 1769 2130 initium-

315 2179 392 2216 que
419 2164 618 2209 dramatis,
639 2175 716 2214 quo
748 2175 837 2214 pars
869 2161 1088 2213 argumenti
1120 2160 1347 2212 explicatur,
1381 2172 1472 2210 pars
1505 2157 1688 2195 reticetur
1720 2154 1771 2193 ad

315 2227 450 2279 populi
474 2226 783 2277 expectationem
804 2225 1030 2264 tenendam.
1086 2224 1255 2277 Epitasis
1285 2229 1346 2261 est
1373 2223 1654 2261 incrementum
1684 2234 1771 2272 pro-

316 2303 531 2340 cessusque
551 2290 764 2333 turbarum,
779 2301 824 2326 ac
840 2288 974 2335 totius,
994 2296 1037 2326 ut
1054 2289 1109 2327 ita
1129 2289 1307 2334 dixerim,
1321 2287 1447 2325 nodus
1463 2286 1614 2324 erroris.
1652 2285 1771 2322 Cata-

319 2354 474 2405 strophe
496 2359 556 2390 est
577 2352 781 2390 conversio
812 2365 939 2389 rerum
960 2352 1010 2390 ad
1031 2352 1227 2403 jocundos
1248 2351 1390 2398 exitus,
1420 2349 1618 2401 patefacta
1649 2361 1771 2387 cunc-

317 2418 368 2456 tis
399 2416 621 2467 cognit'.›ne
658 2423 868 2466 gestorum.
927 2415 971 2452 In
1004 2416 1200 2467 plerisque
1234 2415 1374 2453 fabulis
1409 2413 1579 2464 ipsarum
1614 2412 1771 2449 nomina

317 2483 444 2535 priora
462 2481 720 2532 ponebantur,
740 2492 856 2530 quam
876 2480 1078 2530 poetarum
1096 2493 1105 2517 :
1135 2479 1175 2516 in
1195 2477 1394 2517 nonnullis
1415 2477 1631 2528 poetarum,
1651 2488 1769 2526 quarn

364 2599 403 2629 13
442 2597 600 2628 Minucius
637 2600 668 2627 et
707 2595 911 2636 Prothonius]
949 2597 1018 2627 Ms.
1116 2601 1153 2628 15
1169 2594 1380 2637 Ἀναφορικὸς]
1403 2595 1469 2626 Ms.
1487 2591 1705 2633 ἐπιτιμητικός.
1721 2592 1772 2623 Id.

319 2648 481 2680 Minucius
496 2652 525 2679 et
544 2648 733 2678 Prothimus.
752 2647 805 2679 Id.
1116 2646 1373 2686 16Ὓποθετικὸς]
1389 2645 1456 2676 Ms.
1471 2643 1662 2684 δραματικός.
1684 2644 1768 2676 Quae

364 2701 403 2729 14
420 2698 518 2730 'Dicta
533 2697 700 2739 πρόλογος]
721 2699 787 2729 Ms.
805 2698 887 2730 dicta
904 2700 1019 2739 πρῶτος
1071 2707 1148 2728 mox
1164 2701 1362 2737 sequuntur,
1386 2705 1427 2726 ex
1455 2695 1671 2726 collectaneis
1689 2692 1772 2734 regii

319 2747 422 2787 λόγος.
445 2749 497 2781 Id.
1072 2747 1278 2787 exemplaris
1293 2747 1471 2778 immutata
1485 2749 1574 2776 sunt.
1591 2745 1640 2776 Id.
