1945 3296
450 589 1611 668 PROLEGOMENA.

621 966 780 1008 PUB.
830 966 1196 1008 TERENTII
1252 968 1428 1009 AFRI

734 1088 1175 1122 CARTHAGINIENSIS
1202 1091 1325 1123 VITA.

674 1216 843 1253 Auctore
882 1216 984 1254 AElio
1024 1217 1180 1255 Donato
1219 1218 1266 1255 V.
1301 1216 1377 1254 C.¹

304 1292 510 1343 PUssLms
523 1306 779 1345 TERENTIUS
794 1308 928 1353 ABER,
949 1307 1186 1358 Carthagine
1207 1316 1336 1354 natus,
1357 1309 1511 1347 servivit
1527 1310 1662 1348 Romae
1678 1310 1751 1348 Te-

302 1370 424 1407 rentio
439 1370 595 1407 Lucano
612 1371 800 1413 senatori;
820 1385 842 1409 a
855 1384 932 1422 quo
945 1372 993 1409 ob
1009 1372 1206 1422 ingenium
1220 1380 1259 1410 et
1270 1372 1445 1420 formam,
1459 1386 1536 1412 non
1549 1373 1750 1412 institutus

301 1434 418 1471 modo
438 1434 660 1480 liberaliter,
682 1435 751 1473 sed
772 1442 811 1473 et
829 1443 977 1473 mature
998 1436 1259 1474 manumissus
1281 1444 1354 1476 est.
1403 1437 1573 1482 Quidam
1593 1444 1751 1489 captum

300 1511 387 1535 esse
405 1498 646 1539 existimant;
671 1499 775 1549 quod
797 1499 877 1536 fieri
896 1498 1004 1536 nullo
1023 1499 1139 1537 modo
1159 1501 1346 1550 potuisse,
1371 1501 1591 1540 Fenestella
1611 1501 1749 1540 docet:

299 1576 387 1601 eum
409 1563 507 1599 inter
526 1563 641 1599 finem
664 1562 825 1600 secundi
856 1562 948 1599 belli
982 1561 1134 1607 Punici,
1164 1570 1203 1600 et
1234 1563 1384 1601 initium
1419 1564 1519 1602 tertii
1550 1572 1666 1603 natus
1688 1567 1749 1612 sit,

299 1632 339 1662 et
359 1632 556 1662 mortuus:
587 1639 671 1672 nec,
698 1626 729 1663 si
750 1639 772 1663 a
793 1624 974 1662 Numidis
996 1631 1063 1662 aut
1084 1625 1238 1663 Getulis
1260 1633 1397 1678 eaptus
1419 1627 1480 1674 sit,
1510 1627 1560 1665 ad
1581 1627 1751 1666 dueem2

301 1689 519 1726 Romanum
548 1689 744 1739 pervenire
773 1689 976 1740 potuisset,
1006 1689 1114 1727 nullo
1144 1691 1373 1729 commercio
1405 1691 1504 1729 inter
1534 1691 1691 1729 Italicos
1712 1698 1752 1730 et

299 1752 428 1798 Afros,
458 1753 531 1790 nisi
566 1760 655 1803 post
684 1753 852 1791 deletam
886 1752 1179 1804 Carthaginem,
1211 1761 1351 1805 coepto.
1410 1754 1485 1792 Hic
1509 1767 1597 1792 cum
1617 1755 1750 1794 multis

298 1816 489 1855 nobilibus
512 1817 746 1855 familiariter
766 1818 872 1864 vixit,
903 1817 971 1854 sed
993 1818 1158 1855 maxime
1179 1831 1263 1855 cum
1289 1817 1468 1868 Scipione
1489 1819 1686 1865 Africano,
1712 1826 1751 1857 et

300 1880 345 1917 C.
384 1880 527 1918 Laelio:
558 1882 697 1931 quibus
731 1881 847 1918 etiam
876 1880 1047 1931 corporis
1079 1881 1203 1931 gratia
1231 1881 1461 1918 conciliatus
1495 1883 1749 1921 existimatur.

299 1943 415 1985 Quod
449 1950 488 1982 et
516 1945 642 1995 ipsum
678 1945 898 1983 Fenestella
930 1945 1070 1995 arguit,
1099 1946 1341 1983 contendens
1374 1953 1538 1997 utroque
1565 1946 1748 1997 majorem

298 2014 390 2044 natu
412 2008 546 2046 fuisse.
605 2009 792 2052 Quamvis
824 2016 864 2047 et
895 2009 1098 2047 Cornelius
1131 2010 1262 2059 Nepos
1283 2010 1454 2060 aequales
1476 2022 1610 2047 omnes
1629 2010 1750 2048 fuisse

298 2070 440 2117 tradat,
470 2078 509 2109 et
537 2072 691 2110 Portius
725 2073 983 2124 suspicionem
1015 2073 1063 2111 de
1091 2074 1374 2112 consuetudine
1397 2087 1464 2124 per
1493 2073 1577 2112 haec
1605 2071 1749 2112 faeiat:

406 2156 509 2192 Dum
530 2155 728 2194 lasciviam
749 2157 935 2195 nobilium
956 2165 995 2196 et
1013 2158 1169 2196 fucosas
1190 2158 1325 2197 laudes
1346 2159 1466 2209 petit:

402 2220 507 2256 Dum
527 2220 700 2257 Africani
720 2233 814 2258 voce
835 2221 966 2258 divina
979 2223 992 2244 ³
1013 2221 1136 2259 inhiat
1156 2221 1278 2259 avidis
1301 2222 1480 2259 auribus:

404 2282 508 2320 Dum
526 2283 575 2320 ad
598 2283 753 2321 Furium
776 2298 816 2322 se
838 2284 1050 2323 coenitare4
1075 2292 1113 2323 et
1134 2285 1308 2332 Laelium,
1328 2285 1533 2336 pulchrum
1554 2293 1691 2337 putat:

406 2345 508 2382 Dum
531 2359 572 2384 se
593 2348 712 2384 amari
733 2349 780 2385 ab
801 2348 908 2386 hisce
928 2349 1063 2396 credit,
1083 2350 1218 2387 crebro
1239 2350 1275 2386 in
1294 2349 1488 2387 Albanum
1510 2350 1591 2400 rapi

341 2474 355 2501 1
384 2472 450 2502 Alii
465 2473 552 2503 hanc
570 2473 686 2505 Vitam
705 2475 858 2506 tribuunt
874 2476 991 2507 Sueto·
1054 2477 1164 2508 Vocem
1177 2477 1327 2509 diuinam.
1373 2476 1442 2508 Alii
1456 2486 1526 2508 voce
1544 2476 1675 2513 dimum
1691 2476 1749 2506 alii

294 2522 349 2552 nio
366 2522 574 2563 Tranquillo.
599 2524 696 2556 Zeun.
1047 2528 1113 2558 voci
1148 2528 1286 2565 divium
1319 2537 1461 2568 qnorum
1498 2526 1581 2557 illud
1613 2526 1747 2567 quidem

339 2575 358 2602 2
397 2572 531 2612 Ducem]
568 2573 738 2605 Dominum
773 2574 926 2606 Gronov.
956 2579 994 2606 ut
1049 2578 1218 2614 vitiosum,
1244 2577 1306 2608 hoc
1323 2581 1436 2607 autem
1455 2575 1654 2617 antiquioris
1680 2575 1749 2607 for-

296 2623 446 2662 postnlat
460 2623 597 2653 verbnm
621 2626 629 2640 ‘
645 2625 870 2656 commercio!
895 2626 994 2656 Both.
1048 2636 1110 2657 mae
1123 2626 1464 2666 interpretamentum
1478 2630 1541 2657 est.
1564 2625 1662 2656 Both.

336 2674 355 2702 3
386 2672 421 2703 V.
435 2672 482 2711 d.]
507 2671 574 2702 Alii
599 2673 716 2713 legunt
730 2684 831 2705 vocem
844 2675 993 2715 divinam,
1091 2678 1109 2706 4
1137 2675 1306 2715 Coeaitare]
1319 2676 1429 2715 Vulgo
1441 2673 1586 2715 ἀμέτρως.
1602 2676 1651 2707 Id.
1680 2675 1748 2708 Qui

295 2723 384 2763 quod
397 2722 645 2762 praeferenumn
659 2734 730 2755 esse
744 2725 889 2757 videtur.
897 2726 993 2757 Zetm.
1049 2726 1107 2757 dat
1125 2727 1211 2757 Dum
1228 2736 1259 2757 se
1274 2728 1313 2756 ad
1330 2726 1460 2758 Furium
1476 2735 1604 2757 coenure.
