1945 3296
343 207 401 249 96
649 217 890 249 DANmms
924 217 1117 248 rininsrr
1154 217 1504 250 DissEn‘rArio.

345 325 428 349 sum
451 317 524 357 est,
545 324 699 350 omnem
718 326 848 351 veram
870 313 1126 351 eruditionem
1147 326 1194 350 ex
1213 313 1289 352 hoc
1310 326 1389 352 uno
1409 315 1516 352 fonte
1537 313 1821 365 limpidissimo·

343 375 565 426 petendam.
623 376 816 414 Charinus
849 383 977 413 autem
1013 376 1143 413 Plauti
1177 375 1227 414 ad
1261 377 1513 428 frigiditatem
1543 391 1669 429 usque
1691 379 1806 426 calet,

343 452 459 489 quam
480 453 557 478 non
579 441 706 492 potuit
725 441 859 479 vitare.
917 440 1060 484 Qualia
1092 446 1184 477 sunt
1211 440 1300 487 ista,
1335 442 1463 480 Scena
1490 447 1500 463 ‘
1524 442 1668 481 Divum
1688 449 1805 493 atquc

342 504 540 541 hominum
558 504 583 541 :'

717 568 804 605 Jam
823 567 996 618 Cyprum
1017 566 1118 612 veni,
1138 569 1211 604 &c.

342 632 452 679 Item,

448 695 567 733 Porro
588 695 810 746 proficiscor
830 694 1052 746 quaesitum.
1111 694 1226 732 Nunc
1246 694 1403 744 perveni
1425 694 1668 733 Chalcidem.

447 759 574 796 Video
594 759 646 797 ibi
661 759 854 810 hospitem
875 758 1087 809 Zacyntho.
1146 759 1245 796 Dico
1265 758 1360 808 quid
1380 772 1426 797 eo
1446 758 1668 797 advenerim
1686 773 1695 797 :

448 823 594 874 Rogito
615 824 700 874 quis
718 836 803 861 eam
823 823 983 870 vexerit,
1003 823 1089 873 quis
1110 823 1254 861 habeat
1276 822 1308 860 si
1327 822 1379 860 ibi
1398 822 1641 862 inaudiverit.

447 888 604 939 Hospes
623 888 837 940 respondit,
859 887 1058 939 Zacyntho
1079 887 1176 924 ficus
1195 886 1277 924 fieri
1296 898 1375 924 non
1395 885 1535 925 malas.

340 962 460 1002 Vides
480 962 677 1001 hominem
697 969 776 1000 tam
796 961 960 1008 tristem,
986 967 1031 999 ut
1049 960 1211 999 festivus
1232 972 1320 998 esse
1340 966 1505 1011 quaerat.
1563 959 1617 997 At
1647 958 1802 999 divinus

339 1027 412 1065 hac
432 1027 469 1064 in
491 1033 613 1077 parte,
646 1025 746 1064 duos
767 1033 959 1064 amatores
980 1025 1019 1062 in
1041 1024 1247 1072 Eunucho,
1280 1036 1351 1062 suo
1371 1036 1492 1071 more,
1519 1021 1742 1062 Phaedriam
1763 1030 1803 1063 et

341 1091 558 1136 Chaeream,
580 1089 765 1129 divinitus
786 1099 1006 1141 utrumque,
1025 1092 1209 1135 ἠθοποιεῖ.
1249 1087 1379 1132 Quare
1397 1101 1485 1126 cum
1500 1087 1635 1126 Po'etae
1651 1080 1801 1143 omnes,

339 1155 730 1208 quorumimitatione
743 1161 899 1193 constat
912 1155 1132 1192 institutum
1152 1166 1197 1191 ac
1217 1152 1438 1199 consilium,
1453 1152 1645 1203 pictorum
1665 1152 1801 1198 instar,

338 1227 438 1258 teste
458 1219 690 1258 Criticorum
711 1219 821 1270 Rege
843 1231 888 1257 ac
910 1217 1104 1268 Principe,
1126 1223 1193 1255 aut
1214 1216 1374 1262 similes,
1390 1222 1458 1253 aut
1476 1214 1600 1265 (quod
1616 1228 1694 1253 non
1715 1228 1800 1254 raro

338 1283 478 1331 evenit,
497 1283 559 1321 vel
579 1283 752 1333 imperite
769 1285 828 1321 καὶ
854 1285 891 1330 ἐξ
909 1285 1117 1328 ἀσθενείας,
1139 1281 1201 1319 vel
1215 1279 1400 1332 captandi
1419 1280 1520 1317 risus
1538 1281 1676 1328 causa)
1695 1293 1800 1319 nunc

337 1350 489 1401 pejores
503 1360 620 1399 quam
634 1354 725 1385 sunt
737 1347 968 1398 exprimant,
979 1360 1083 1385 nunc
1095 1345 1274 1384 meliores
1287 1358 1296 1388 3
1313 1357 1446 1382 servos
1456 1342 1608 1394 pejores
1621 1342 1799 1390 Plautus,

337 1421 381 1452 ut
393 1413 600 1465 plurimum
612 1424 620 1454 ;
635 1411 841 1449 Terentius
853 1411 923 1449 hos
940 1423 1093 1462 semper
1103 1409 1260 1456 similes,
1273 1421 1352 1447 non
1363 1407 1562 1452 meliores;
1578 1407 1799 1446 meretrices

336 1490 428 1516 vero
452 1476 592 1528 partim
615 1474 760 1513 similes
781 1476 921 1526 partim
939 1473 1119 1512 meliores
1141 1472 1351 1523 aliquando
1372 1471 1607 1510 introducit:
1641 1471 1800 1519 similes,

338 1550 382 1581 ut
396 1541 585 1581 Thaidem
600 1552 609 1577 ε
642 1541 839 1585 meliores,
856 1548 900 1577 ut
918 1536 1167 1577 Bacchidem.
1198 1535 1398 1574 Parasitos
1415 1548 1567 1586 semper
1588 1534 1798 1574 deteriores

337 1614 377 1645 et
395 1607 613 1646 voraciores
640 1605 820 1651 Plautus,
849 1615 1049 1653 nunquam
1069 1601 1263 1639 meliores.
1321 1599 1374 1637 Ut
1393 1605 1433 1637 et
1464 1598 1713 1645 Dossennus,
1733 1599 1800 1649 qui

336 1672 408 1710 hos
427 1671 532 1709 solos
548 1669 828 1722 propemodum
842 1669 1017 1713 curabat,
1032 1667 1070 1704 in
1085 1666 1263 1718 personis
1280 1663 1439 1714 reliquis
1457 1665 1656 1701 ἐκπίπτων.
1675 1661 1798 1700 Phor-

335 1737 412 1774 mio
445 1735 704 1773 Terentianus
732 1733 848 1785 plane
867 1738 929 1769 est
948 1729 1201 1769 admirandus
1220 1742 1229 1766 :
1262 1736 1305 1765 ut
1325 1733 1364 1765 et
1383 1725 1556 1764 Gnatho.
1612 1725 1798 1772 Plautini,

336 1800 430 1850 quia
448 1799 566 1837 risum
587 1804 782 1850 quaerunt,
802 1795 1002 1833 veritatem
1022 1799 1062 1831 et
1095 1804 1273 1831 sermone
1307 1799 1346 1828 et
1375 1790 1580 1828 sententiis
1601 1789 1797 1828 amittunt.

335 1863 430 1902 Tres
464 1863 626 1901 virtutes
652 1861 755 1900 enim
789 1871 928 1905 sermo,
963 1870 1078 1908 quem
1099 1868 1178 1894 non
1199 1854 1282 1892 sine
1302 1867 1424 1892 causa
1441 1854 1596 1892 Ἠθικόν
1616 1853 1799 1891 dixerunt

337 1927 481 1974 Graeci,
501 1940 573 1965 nos
607 1926 804 1964 Moratum
839 1923 1018 1968 dicimus,
1053 1919 1305 1970 AEquitatem,
1326 1930 1481 1967 nempe,
1510 1916 1736 1962 Veritatem,
1758 1924 1798 1955 et

337 1990 648 2041 Simplicitatem,
665 1987 866 2039 postulat:
902 1998 991 2035 quae
1016 1983 1056 2022 τὸ
1077 1982 1302 2028 ἐνδιάθετον,
1335 1981 1411 2023 hoc
1432 1987 1504 2027 est,
1526 1980 1562 2017 id
1584 1979 1690 2031 quod
1709 1979 1796 2017 uni-

336 2055 474 2105 cuique
492 2060 553 2092 est
572 2047 813 2099 insitum‚*ob
834 2049 970 2087 oculos
990 2047 1185 2099 proponit.
1227 2047 1328 2083 Cum
1348 2044 1566 2091 ridiculum,
1585 2050 1630 2081 ut
1646 2043 1796 2082 violen-

335 2126 432 2165 tum,
453 2118 545 2168 quia
565 2130 588 2155 a
607 2123 748 2154 natura
775 2114 958 2158 alienum,
989 2111 1096 2162 quod
1116 2116 1219 2149 recte
1240 2109 1289 2147 de
1309 2121 1355 2147 eo
1371 2109 1600 2146 Aristoteles
1621 2120 1793 2159 pronun-

334 2182 419 2227 tiat,
441 2188 663 2232 corruptum
684 2180 746 2225 sit,
767 2185 806 2216 et
827 2191 850 2215 a
866 2176 1057 2227 corruptis
1078 2173 1222 2220 causis,
1253 2172 1360 2224 quod
1381 2172 1464 2223 jam
1480 2171 1560 2209 dixi
1579 2177 1794 2210 moveatur.

338 2245 549 2292 Moratum,
569 2244 661 2295 quia
680 2243 804 2280 simile
835 2246 895 2279 est
915 2245 1077 2284 naturae,
1109 2237 1247 2275 leniter
1267 2236 1463 2274 delectat:
1506 2235 1612 2287 quod
1632 2242 1792 2273 aetatum

336 2307 591 2359 singularum,
623 2306 836 2351 hominum,
872 2316 918 2341 ac
938 2302 1154 2348 nationum,
1185 2301 1384 2351 totiusque
1410 2301 1514 2346 vitae,
1546 2300 1792 2338 simulacrum

335 2373 534 2423 quoddam
556 2385 601 2409 ac
634 2371 855 2422 imaginem,
886 2369 926 2405 in
961 2379 1081 2405 scena
1113 2372 1382 2416 repraesentat.
1438 2364 1562 2402 Plane
1581 2370 1625 2401 ut
1643 2365 1794 2414 pictura

335 2450 424 2488 quae
447 2449 470 2474 a
489 2449 577 2474 vero
598 2436 692 2481 abit,
712 2442 751 2472 et
783 2434 844 2472 vel
864 2431 1074 2471 cubitalem
1109 2443 1263 2475 nasum,
1282 2428 1343 2468 vel
1364 2428 1570 2466 distortum
1590 2440 1634 2465 os
1666 2428 1791 2465 facete

335 2505 604 2551 repraesentat,
631 2499 751 2536 risum
772 2504 922 2535 movet:
959 2495 1094 2534 similis
1122 2493 1306 2532 delectat.
1362 2493 1491 2543 Atque
1510 2492 1585 2530 hoc
1604 2498 1665 2529 est
1683 2491 1790 2541 quod

336 2577 471 2602 omnes
503 2563 676 2600 tribuunt
697 2561 928 2605 Menandro,
965 2572 1080 2611 quem
1117 2558 1322 2596 Terentius
1355 2556 1558 2609 expressit.
1616 2555 1670 2593 Ut
1691 2555 1792 2593 Her-

336 2640 545 2679 mogenes:
575 2626 690 2676 Παρά
708 2643 747 2665 τε
767 2629 866 2678 αὐτῷ
887 2623 1094 2675 Μενάνδρῳ
1115 2624 1162 2660 ἂν
1193 2628 1306 2673 μυρία
1328 2623 1442 2669 εὕροις
1461 2625 1612 2658 τοιαῦτα
1631 2621 1691 2657 καὶ
1725 2636 1790 2667 γυ-

337 2698 465 2730 ναῖκας
484 2692 682 2740 λεγούσας,
704 2693 762 2727 καὶ
783 2693 998 2727 νεανίσκους
1013 2691 1184 2738 ἐρῶντας,
1205 2688 1263 2724 καὶ
1285 2688 1499 2737 μαγείρους,
1518 2686 1575 2721 καὶ
1592 2685 1790 2733 παρθένους

337 2759 598 2807 Θρυπτομὲνιις.
632 2759 693 2794 καί
727 2769 825 2792 τινας
845 2755 992 2792 ἄλλους’
1027 2753 1117 2791 ὅλως
1138 2767 1176 2789 τε
1198 2749 1260 2789 διὰ
1288 2750 1327 2788 τὸ
1355 2750 1574 2787 ὑποπίπτειν
1599 2751 1648 2799 τῷ
1680 2750 1791 2800 ἠθικῷ
