1903 3306
554 218 759 248 ANDR1AE
793 218 899 248 Aer.
936 219 965 248 ι.
999 219 1067 249 sc.
1102 221 1143 248 v.
1491 212 1575 255 299

127 311 246 353 Proh
267 312 426 361 Deum,
448 316 578 364 atque
605 312 828 353 hominum
849 312 978 353 fidem
996 314 1004 352 !

127 378 309 419 Nullon'
327 391 407 430 ego
430 378 670 420 Chremetis
692 384 826 432 pacto
848 379 1104 420 affinitatem
1125 380 1313 433 effugere
1335 385 1487 434 potero
1505 383 1522 421 ’ἒ

129 444 254 505 Q
282 446 426 486 modis
455 451 711 495 contemtus,
743 448 948 499 spretus?
991 446 1126 496 facta,
1159 451 1386 489 transacta
1418 449 1574 488 omnia.

302 512 442 554 Hem!

128 579 410 633 Repudiatus
440 584 629 634 repetor.
690 580 1025 630 Quamobrem?
1070 580 1156 620 nisi
1192 580 1229 620 si
1265 580 1310 620 id
1342 585 1424 630 est,
1457 581 1576 634 quod

303 647 517 700 suspicor.
556 689 558 693 ,

130 713 313 767 Aliquid
351 715 536 756 monstri
574 714 718 755 alunt:
768 727 821 755 ea
852 715 1061 768 quoniam
1096 715 1259 755 nemini
1290 715 1465 757 obtrudi
1498 729 1580 769 po-

298 784 397 830 test,
426 772 430 776 ⁶
456 772 478 778 μ’
686 824 707 836 ,ν
1526 783 1582 823 15

132 847 227 889 Itur
260 848 318 888 ad
350 861 431 889 me.
502 847 604 888 MY.
626 842 803 897 {Oratio
835 849 931 890 haec
969 863 1037 891 me
1075 851 1278 891 miseram
1310 850 1583 891 exanimavit

302 920 442 978 metu}

132 983 223 1024 ΡΑ.
254 982 372 1024 Nam
394 982 498 1037 quid
521 996 603 1037 ego
623 996 736 1024 nune
758 983 902 1024 dicam
924 984 977 1025 de
1000 986 1148 1037 patre?
1182 985 1262 1025 ah!

132 1050 374 1092 Tantamne
393 1035 592 1107 reustum
611 1051 877 1103 negligenter
891 1037 1024 1103 &agere
1038 1052 1062 1091 ‘?·
1088 1052 1348 1105 praeteriens
1370 1052 1499 1093 modo

136 1116 248 1158 Mihi
283 1117 400 1172 apud
421 1106 580 1167 foruxfi]
616 1108 742 1160 Uior
761 1111 843 1159 t'ib'i
863 1118 1064 1161 ducenda
1078 1119 1143 1170 'st,
1166 1120 1409 1174 Pamphile,
1441 1121 1585 1171 hodie,

304 1185 461 1238 inquit,
482 1198 615 1238 para;

134 1288 419 1330 hominumfidem!
444 1290 577 1321 Nullane
599 1299 654 1329 ego
668 1294 758 1330 pacto
773 1292 890 1332 efficere
904 1294 1021 1331 potero,
1036 1295 1069 1322 ut
1088 1291 1233 1322 Chremes
1248 1292 1324 1323 milii
1340 1292 1442 1333 qffinis
1456 1295 1485 1323 et
1501 1302 1586 1323 socer

134 1332 275 1363 nonsit?
299 1332 381 1367 Quot
394 1333 491 1363 modis
505 1334 662 1373 despectus
677 1337 705 1364 el
729 1337 849 1372 spretus
871 1334 908 1364 ab
931 1334 983 1364 illo
998 1333 1080 1371 fui?
1105 1335 1205 1364 Facta
1221 1339 1251 1365 et
1266 1339 1425 1366 transm-tu
1441 1336 1541 1366 omnia
1555 1336 1587 1365 in

135 1374 352 1405 contrahendis
374 1375 515 1415 nuptiis,·
536 1379 642 1415 postea
663 1376 843 1416 repudiatus
865 1387 944 1407 sum.
990 1377 1073 1406 Hem
1099 1377 1276 1417 repudiatus
1291 1382 1423 1418 repelor.
1471 1378 1588 1413 Quam-

135 1417 238 1447 obrem
249 1415 266 1447 ?
287 1427 408 1447 causam
423 1418 545 1457 ignoro,
564 1418 627 1448 nisi
638 1417 726 1456 forte
741 1419 817 1449 illud
829 1423 887 1457 est,
904 1420 984 1458 quod
996 1419 1152 1458 suspicor.-
1176 1420 1322 1450 nimirum
1338 1421 1589 1460 Chremetisfilia

136 1458 284 1497 deformis
307 1463 365 1499 est,
391 1463 421 1490 et
445 1463 579 1491 monstro
601 1461 725 1492 similis.
770 1462 820 1492 Ea
835 1462 980 1500 quoniam.
1003 1462 1040 1491 ab
1056 1462 1194 1492 omnibus
1209 1463 1377 1503 respuitur,
1394 1464 1589 1502 quantumvis

136 1502 248 1541 soepius
261 1502 374 1541 oblata,
391 1504 431 1533 ad
446 1513 493 1534 me
506 1503 689 1534 recurritur.
734 1503 811 1535 MY.
840 1504 950 1534 Oratio
970 1504 1034 1534 hoec
1058 1514 1104 1534 me
1126 1506 1268 1536 miseram
1285 1505 1476 1536 exanimavit
1492 1510 1588 1537 metu.

137 1543 205 1574 ΡΑ.
230 1545 312 1575 Nam
337 1545 412 1584 quid
434 1554 490 1584 ego
516 1555 595 1576 nuuc
619 1546 720 1576 dicam
745 1547 782 1576 «le
805 1545 920 1586 patre?
942 1546 1005 1585 Ali,
1032 1547 1154 1577 tantine
1183 1549 1329 1578 momenti
1354 1558 1431 1585 rem,
1455 1551 1489 1578 ut
1516 1552 1589 1579 sunt

135 1586 268 1625 nuptiae,
282 1590 347 1617 tam
362 1588 556 1627 negligenter
578 1589 754 1628 transigere
771 1587 901 1628 potuit?
925 1589 994 1628 Ipse
1018 1590 1198 1629 praeteriens
1220 1592 1307 1621 modo
1332 1590 1364 1620 in
1382 1591 1469 1630 soro,
1494 1591 1589 1620 Pum-

133 1629 231 1670 phile‚
252 1629 365 1671 inquit,
379 1639 457 1661 uxor
472 1630 529 1662 tibi
545 1631 681 1663 ducenda
696 1635 742 1663 est
757 1632 858 1663 hodie.
904 1633 956 1662 Ad
977 1632 1009 1663 id
1028 1636 1167 1674 parate.
1211 1633 1274 1664 Abi·
1297 1634 1428 1666 domum.
1472 1632 1526 1664 Sic
1548 1634 1590 1663 lo-

745 1725 985 1738 eeeeeeeeeeee

139 1795 196 1824 ego
207 1795 286 1825 sum,
300 1795 419 1827 quemq.
442 1786 627 1818 Botb.—11
641 1788 727 1819 Proh
742 1789 845 1820 Deum
857 1791 947 1829 atque
961 1787 1218 1829 hominumfidem
1233 1789 1248 1821 Ι
1271 1789 1358 1820 Haec
1374 1790 1407 1820 in
1422 1790 1594 1826 nonnullis

141 1828 228 1860 Mss.
245 1829 405 1860 continuo
430 1829 680 1870 subjunguntur
693 1832 758 1862 illis
777 1841 874 1862 versu
889 1834 919 1863 8.
948 1832 990 1862 Ut
1006 1841 1054 1862 me
1069 1842 1087 1862 α
1102 1832 1248 1872 Glycerio
1264 1833 1407 1863 miserum
1419 1832 1592 1865 abstrahat.

142 1871 230 1902 Haee
253 1876 351 1903 notat
367 1872 461 1904 Perl.
489 1873 531 1903 ad
557 1872 739 1906 abstrahat?
761 1875 795 1904 in
826 1884 875 1904 vs.
893 1878 925 1905 S.
952 1875 961 1891 ‘
979 1874 1125 1906 Sustulit
1149 1876 1252 1906 Bent.
1280 1876 1595 1916 interrogationem,

141 1914 320 1953 probatam
335 1915 463 1951 multis,
487 1920 524 1946 ut
550 1916 670 1946 melius
694 1916 859 1957 procedat
876 1917 1053 1948 sententia.
1098 1918 1219 1948 Recte.
1265 1918 1312 1948 H.
1330 1919 1350 1948 l.
1367 1919 1522 1958 sequitur
1537 1928 1593 1958 ap.

143 1957 225 1988 Par.
243 1965 361 1988 versus
378 1960 431 1988 11.
455 1967 555 1998 quem
581 1958 609 1989 is
634 1959 683 1990 ita
703 1960 905 1990 collocatum
933 1959 966 1990 in
991 1960 1080 1991 Pall.
1096 1961 1264 2000 reperisse
1291 1959 1457 1991 affirmat.²
1501 1961 1594 1992 ‘.Hic·

144 2009 260 2030 versus
275 2009 344 2030 non
365 2004 442 2037 post
458 2005 615 2031 octavum
637 2006 690 2032 est
713 2002 932 2034 collocandus
960 2002 1004 2033 ob
1031 2002 1132 2033 codd.
1156 2002 1331 2041 novici053
1354 2003 1488 2044 antiqui
1513 2010 1595 2035 sunt

145 2041 327 2074 audiendi.’
351 2043 535 2074 Bent.—12
560 2044 655 2074 Nullo
680 2054 736 2083 ego
749 2049 840 2085 pacto
857 2045 998 2076 Chremis
1014 2046 1086 2075 vult
1111 2046 1201 2076 Gov.
1222 2045 1279 2086 qui
1296 2052 1503 2085 postremum
1521 2056 1595 2076 ver-

144 2083 225 2115 bum
259 2084 307 2115 sic
339 2085 506 2124 scriptum
529 2085 561 2116 in
596 2086 715 2117 codice
744 2088 973 2128 reperit.—-l4
1000 2087 1148 2120 Quidam
1177 2088 1262 2119 libb.
1291 2088 1411 2129 script.
1442 2093 1479 2120 et
1509 2089 1598 2120 editi·

145 2127 256 2158 11ἰεὶἱά
284 2130 340 2159 est.
387 2128 498 2166 Magis
521 2128 693 2159 Comicnm
727 2130 863 2161 videtur
891 2130 952 2160 m'si
976 2131 1015 2160 si.
1039 2130 1147 2161 West.
1205 2131 1275 2162 ET.
1301 2132 1363 2162 nisi
1380 2132 1414 2162 id
1443 2135 1502 2163 est.
1541 2131 1595 2163 Id.

145 2170 180 2200 in
208 2169 400 2201 Add.—15
425 2171 486 2210 Εα,
509 2171 652 2211 quoniam
682 2172 742 2204 ΒΥ.
792 2173 908 2211 ‚Notat
934 2172 1069 2203 Bruns:
1125 2173 1134 2190 ‘
1166 2173 1255 2204 Edd.
1284 2182 1351 2204 non
1381 2173 1596 2214 distinguunt

146 2217 227 2252 post
251 2213 314 2243 ‘ea
329 2212 350 2242 ι’
373 2213 482 2244 male:
506 2223 584 2244 nam
607 2213 684 2244 ‘ea'
713 2215 816 2246 ablat.
842 2224 939 2246 casus
967 2219 1030 2254 est,
1052 2220 1088 2246 et
1112 2216 1323 2247 construitur
1353 2226 1429 2248 cnm
1453 2218 1462 2234 ‘
1478 2217 1599 2248 Itur.'⁸

145 2254 215 2285 Sub
245 2254 414 2286 varietate
442 2255 596 2286 lectionis
624 2256 740 2288 Guelf.
765 2261 793 2289 1.
824 2265 938 2289 monet
965 2258 1085 2289 Perlet
1113 2268 1186 2289 esse
1214 2259 1249 2288 in
1279 2259 1336 2289 illo
1367 2260 1433 2290 Ms.
1461 2263 1493 2289 et
1520 2265 1597 2299 post

148 2301 157 2314 ‘
173 2297 300 2329 alunt?
325 2301 361 2329 et
385 2298 448 2329 sub
478 2308 548 2329 var.
573 2299 596 2329 l.
623 2298 739 2330 Guelf.
764 2303 796 2332 2.
820 2309 896 2331 esse
920 2301 954 2330 in
981 2300 1039 2330 illo
1058 2304 1088 2331 et
1109 2304 1242 2332 ea.—16
1265 2301 1353 2332 Sunt
1382 2310 1424 2332 ex
1454 2302 1538 2332 Mss.
1563 2308 1600 2333 et

148 2340 262 2378 editis,
284 2340 318 2370 in
345 2341 468 2382 quibus
493 2341 652 2372 exanimat
677 2342 817 2382 legitur.
845 2344 943 2374 Wesi.
989 2343 1075 2374 Itum
1097 2344 1226 2384 reperit
1248 2344 1409 2385 scriptun·
1429 2344 1461 2374 in
1478 2344 1600 2376 codice

148 2382 430 2414 Goveanus.—l7
465 2384 636 2415 Deleatur
665 2395 746 2416 nunc
773 2395 849 2417 cum
883 2385 982 2417 codd.
1009 2385 1092 2423 fide,
1118 2390 1187 2417 tum
1214 2387 1317 2417 metri
1343 2396 1457 2418 causa.
1509 2387 1599 2418 Nam

149 2426 159 2441 ‘
172 2425 270 2466 quid'
287 2426 350 2457 sub
365 2425 438 2457 ictu
454 2430 547 2457 stare
574 2426 689 2458 debet.
722 2429 814 2459 Bent.
862 2428 948 2458 Nam
963 2429 1038 2467 quid
1053 2438 1109 2467 ego
1124 2439 1203 2459 nunc
1218 2429 1253 2459 de
1268 2427 1380 2468 patre?
1408 2430 1475 2460 Vah
1499 2429 1598 2461 Both.

150 2468 208 2508 qui
232 2472 331 2498 notat
355 2468 456 2499 dicam
482 2478 557 2500 esse
584 2479 604 2500 a
630 2470 825 2509 glossatore.
871 2471 988 2501 Dicam
1002 2479 1082 2500 nunc
1104 2471 1198 2502 Perl.
1244 2472 1338 2502 Nunc
1353 2472 1479 2503 omittit
1495 2472 1600 2502 Er.—

150 2513 191 2541 18
216 2510 348 2542 Omitte
373 2520 411 2542 ne
435 2520 512 2541 cum
527 2511 603 2543 cod.
621 2512 726 2552 regio.
751 2514 935 2544 Beut.—l9
957 2513 1009 2543 Mi
1023 2513 1083 2544 dat
1099 2514 1193 2544 Perl.
1210 2518 1245 2545 et
1261 2519 1378 2546 notat:
1401 2515 1411 2532 ‘
1430 2515 1498 2545 Pro
1515 2515 1601 2546 Mihi

149 2553 242 2595 vulg.
264 2553 366 2585 Bent.
390 2553 516 2596 ubique
530 2555 680 2586 locorum
704 2555 779 2588 Mi:
833 2555 919 2587 Haec
943 2560 1057 2587 monet
1079 2555 1189 2589 West.
1231 2557 1240 2573 ‘
1257 2556 1375 2590 Hodie.
1410 2558 1490 2590 Non
1507 2559 1601 2600 cepit

805 2651 837 2682 N
844 2650 946 2683 OTAE

152 2710 186 2744 in
211 2714 377 2753 Geminis,
402 2719 460 2747 aut
483 2715 517 2746 in
546 2725 727 2756 prosperos
748 2715 845 2748 Jovis
899 2718 934 2747 et
950 2714 1091 2756 Virgine
1110 2714 1228 2748 infelix
1243 2724 1315 2747 esse
1333 2715 1588 2756 perhibebatur.

152 2764 266 2797 radios
279 2765 458 2799 inciderit:
485 2769 520 2797 at
531 2765 565 2797 in
580 2766 705 2806 Leone,
718 2765 851 2806 Ariete„
