1903 3306
542 233 747 264 ANmuAE
782 233 892 263 Aer.
926 234 956 263 1,
990 233 1056 264 sc.
1092 234 1120 262 r,
1479 221 1561 262 987

112 330 232 372 Vera
253 328 510 383 objurgandi
531 341 666 369 causa
688 327 761 377 sit,
788 326 825 367 si
846 326 1044 378 deneget.

114 398 254 438 Simul
273 396 511 437 sceleratus
534 394 748 451 Davus&
770 393 875 448 quid
895 393 1054 434 consili

65 502 70 509 ,
114 464 285 513 Habet,
305 469 355 504 ut
374 466 608 504 consumat
628 474 761 510 nunc,
784 474 884 502 cum
906 461 1013 501 nihil
1035 461 1182 501 obsint
1203 459 1321 501 doli:
1437 466 1541 484 ω’

32 510 64 548 s
115 515 261 581 Quem
285 543 365 582 ego
384 530 516 570 credo
537 529 743 569 manibus
765 528 1039 582 pedibusque
1062 529 1224 586 obnixe
1244 526 1393 567 omnia

114 597 353 638 Facturum
370 613 380 646 ;
411 597 552 649 magis
571 595 617 636 id
640 595 767 648 adeo,
787 594 896 636 mihi
916 600 967 635 ut
986 593 1297 643 incommodet,
1479 591 1564 633 135

115 663 261 715 Quam
283 669 331 704 ut
352 664 620 717 obsequatur
638 666 784 715 gnato.
828 662 905 702 So.
928 661 1243 715 Quapropter?
1287 660 1352 701 S1.
1376 658 1563 711 Rogas?

116 731 242 772 Mala
261 745 400 781 mens,
421 732 564 772 malus
587 730 782 772 animus:
812 743 945 782 quem
965 730 1141 783 quidem
1163 741 1246 781 ego
1267 728 1304 768 si
1327 727 1530 767 sensero!

115 797 203 838 Sed
224 799 328 852 quid
349 811 465 852 opus
486 803 556 839 est
575 797 755 839 verbis?
815 797 893 837 Sin
915 798 1104 845 eveniat,
1128 795 1247 849 quod
1270 795 1392 844 volo,

116 865 169 906 In
193 864 425 919 Pamphilo
445 871 496 906 ut
516 866 621 906 nihil
641 866 699 906 sit
716 877 866 913 morae,
888 868 1022 905 restat
1043 863 1263 912 Chremes,

115 932 205 984 Qui
226 933 332 973 mihi
351 933 596 990 exorandus
617 935 712 984 est3
744 936 790 972 et
810 945 940 985 spero
965 931 1157 972 confore.
1480 929 1565 969 140

116 1000 248 1041 Nunc
269 993 397 1040 tuurfi
407 988 709 1050 ‘est‘officium,
729 1000 809 1040 has
829 1001 939 1041 bene
960 1005 1008 1041 ut
1031 999 1266 1040 assimules
1286 997 1490 1052 nuptias:

114 1067 450 1108 Perterrefacias
468 1068 670 1110 Davum:
701 1068 905 1108 observes
925 1067 1081 1116 filium,

0 1180 13 1185 Μ
77 1114 240 1184 (Quid
261 1139 381 1187 agat,
403 1135 509 1189 quid
529 1148 630 1176 cum
650 1134 729 1175 illo
754 1134 930 1175 consilii
952 1137 1121 1187 captetsr
1174 1132 1255 1174 So.
1288 1131 1370 1174 Sat
1390 1135 1468 1173 est.

113 1265 238 1286 causam
251 1255 377 1287 habeam
388 1267 398 1287 .·
420 1257 448 1288 sz‘
462 1266 568 1297 nempe
582 1266 711 1288 uxorem
725 1259 862 1287 recuset.-
887 1259 952 1286 tum
964 1256 1058 1287 etium
1074 1258 1108 1286 ut
1123 1256 1291 1287 sceleratus
1307 1256 1429 1294 Davus,
1447 1255 1475 1286 si
1491 1265 1566 1296 quas

104 1297 240 1335 fraudes
252 1300 453 1339 excogitavit,
467 1309 519 1330 eus
534 1303 617 1330 totas
632 1299 773 1340 effundat
787 1310 799 1336 ;
819 1300 963 1338 quoniam
980 1299 1056 1329 mihi
1071 1308 1150 1329 nunc
1167 1308 1272 1329 nocere
1288 1300 1353 1338 ejus
1367 1308 1426 1329 mm
1439 1302 1566 1338 possunt

114 1341 199 1377 doli5
214 1351 302 1381 quem
318 1351 374 1380 ego
389 1343 478 1373 credo
490 1343 566 1373 totis
579 1342 698 1373 viribus
713 1345 891 1372 conaturum
905 1342 1004 1380 magis
1020 1345 1101 1372 certe
1115 1345 1241 1381 propter
1255 1341 1301 1380 id,
1316 1346 1349 1372 ut
1364 1341 1440 1372 mihi
1452 1342 1566 1372 incom-

114 1385 227 1423 modet,
241 1394 332 1424 quam
344 1387 379 1414 ut
393 1384 667 1427 obsequaturfitio.
693 1385 753 1415 So.
772 1383 991 1424 Quapropter?
1014 1385 1064 1415 Sl.
1085 1382 1236 1419 Qumis?
1259 1385 1340 1415 mala
1359 1394 1452 1423 mens,
1469 1384 1568 1415 malus

114 1427 235 1457 animus
249 1427 313 1465 ejus
327 1428 366 1457 ad
381 1427 415 1458 id
429 1429 608 1458 credendum
624 1437 672 1458 me
686 1428 868 1467 impellunt:
892 1437 978 1466 quem
991 1428 1113 1467 quidem
1128 1437 1184 1465 ego
1200 1427 1228 1457 si
1245 1436 1365 1458 sensero
1378 1427 1452 1457 meis
1468 1427 1566 1457 consi-

114 1469 167 1499 liis
180 1469 337 1507 obsistere,
351 1470 544 1500 acerbissime
559 1480 625 1500 eum
640 1470 766 1510 puniam
776 1480 786 1500 .·
808 1471 862 1500 sed
878 1470 951 1509 quid
962 1470 1103 1509 pluribus
1115 1469 1219 1501 verbis
1237 1479 1312 1509 opus
1326 1474 1371 1501 est
1384 1468 1399 1501 ?
1429 1469 1488 1500 Sin
1504 1479 1569 1500 eve-

112 1511 192 1550 nint,
207 1511 240 1542 id
254 1513 333 1551 quod
347 1513 425 1550 volo,
446 1516 483 1543 ut
494 1513 528 1544 in
543 1513 708 1552 Pamphilo
720 1513 804 1543 nulla
818 1513 860 1542 sit
871 1522 955 1542 mora
975 1513 1104 1552 nuptiis,
1118 1515 1214 1543 restat
1229 1513 1374 1542 Chremes
1387 1513 1568 1552 placandus,

114 1564 201 1593 quem
211 1564 300 1594 spero
303 1554 403 1592 facile
417 1565 464 1586 me
473 1559 683 1586 exoratur-nm.
729 1555 765 1585 N
766 1565 822 1585 unc
837 1559 924 1585 tuum
940 1558 982 1585 est
999 1556 1142 1596 officium,
1159 1559 1193 1585 ut
1207 1555 1261 1585 has
1276 1555 1350 1585 bene
1364 1556 1486 1586 simules
1493 1555 1568 1592 fore

114 1596 237 1637 nuptias
247 1607 260 1634 ;
279 1597 515 1638 perterrefacias
537 1598 676 1637 Davum,
689 1598 828 1629 observes
849 1598 923 1638 quid
939 1597 1043 1635 faciut
1051 1597 1154 1638 filius,
1169 1598 1242 1639 quid
1258 1598 1379 1629 consilii
1394 1608 1460 1628 cum
1477 1598 1569 1629 Davo

722 1693 960 1705 eeeeeeeeeeee

117 1756 312 1789 Gov.—131
337 1758 483 1797 Denegat
498 1759 665 1790 Br.-133
692 1758 818 1790 Obsint.
853 1759 908 1790 Ita
937 1759 1018 1790 Mss.
1046 1763 1081 1790 et
1109 1758 1186 1790 edd.
1210 1762 1360 1797 veteres,
1383 1768 1464 1799 quas
1486 1759 1569 1799 vidi,

116 1809 242 1831 omnes.
288 1801 345 1832 Fa.
360 1801 471 1832 obsunt
487 1801 645 1841 irralebat,
663 1802 715 1833 cui
739 1802 923 1833 assentitur
939 1802 1028 1842 Guy.
1077 1801 1155 1833 Non
1169 1802 1270 1840 male,
1287 1802 1350 1832 nisi
1365 1802 1572 1833 auctoritate

115 1842 396 1874 destituerentur.
424 1844 524 1876 W‘est.
570 1845 628 1875 Fa.
645 1848 764 1875 contra
781 1844 883 1876 codd.
902 1854 984 1884 quos
1003 1849 1037 1875 et
1051 1844 1123 1884 ipse
1140 1850 1175 1875 et
1191 1853 1254 1884 ego
1271 1844 1427 1882 vidimus,
1441 1846 1572 1876 mavult

116 1889 229 1915 tamen
253 1886 321 1925 legi
344 1886 454 1918 obsunt
477 1896 537 1926 pro
561 1887 788 1927 conjunctivo.
833 1887 922 1925 Nec,
947 1886 1028 1928 quid
1058 1888 1210 1924 intersit,
1238 1887 1346 1917 video.
1365 1888 1572 1919 Remu—134

114 1927 226 1967 Vulgo
237 1928 435 1969 pedibusque.
480 1929 547 1960 Sed
564 1929 665 1960 codd.
683 1931 802 1968 nostri,
818 1935 945 1971 praeter
960 1930 1038 1960 Hel.
1064 1933 1093 1960 et
1116 1930 1256 1969 pedibus.
1294 1929 1425 1968 Copula
1449 1931 1573 1961 omissa

115 1968 237 2001 fortior
253 1971 368 2003 evadit
383 1972 502 2004 oratio.
550 1972 645 2003 Vidit
660 1973 762 2004 Bent.
786 1973 990 2004 Both.—135
1016 1973 1195 2010 Facturum,
1212 1972 1323 2010 magis,
1350 1973 1383 2003 id
1405 1974 1480 2004 adeo
1496 1974 1573 2004 mihi

118 2012 287 2044 Bau—138
309 2013 386 2045 Sine
401 2015 461 2045 ΒΓ.
506 2014 582 2045 Sine
597 2019 632 2046 ut
645 2014 762 2046 Guelf.
780 2018 809 2047 1.
845 2017 885 2050 Q.
901 2016 965 2046 volo
982 2016 1014 2046 in
1032 2016 1206 2054 Pamphilo,
1229 2018 1263 2044 ut
1288 2015 1367 2045 nihil
1391 2017 1433 2046 sit
1459 2026 1575 2050 morse:

116 2058 193 2087 rest.
212 2056 250 2088 G.
275 2056 441 2089 Br.—141
467 2057 602 2089 Simules
627 2057 743 2090 Guelf.
758 2061 898 2090 2--144
923 2057 1017 2089 Vict.
1045 2067 1164 2098 sequor.
1190 2058 1323 2088 Perlet.
1368 2058 1424 2089 Sic
1442 2059 1500 2090 Br.
1517 2059 1572 2089 ubi

777 2151 917 2184 NOTAE

161 2218 222 2247 135
256 2216 366 2255 Magis
394 2216 427 2247 id
451 2216 541 2257 adeo]
571 2216 713 2248 ‘Adeo'
745 2226 819 2256 pro,
873 2215 1035 2256 plendum
1061 2216 1224 2247 adhibita.
1260 2216 1439 2247 Terentius
1466 2215 1572 2247 infra:

120 2270 229 2305 certe,
253 2267 325 2296 sine
352 2265 465 2298 dnbio.
489 2267 614 2307 virgil.
643 2276 668 2298 1.
692 2266 818 2306 Georg.
873 2267 882 2282 ‘
900 2266 1056 2306 Propera
1073 2267 1159 2297 adeo
1185 2276 1326 2307 puerum
1350 2267 1471 2298 tollere
1495 2267 1572 2297 hinc

118 2319 128 2332 ¹
145 2315 293 2348 Multum
331 2316 415 2347 adeo
452 2317 569 2347 rastris
609 2317 725 2357 glebas
762 2316 819 2357 qui
873 2318 1030 2358 ajanua)

118 2365 245 2407 frangit
267 2366 419 2399 inertes?
456 2367 560 2408 Saepe
585 2368 727 2398 sumitur
745 2377 817 2407 pro,
918 2370 978 2398 137
1008 2368 1106 2402 Quem
1138 2368 1261 2408 quidem
1291 2377 1347 2407 ego
1381 2368 1409 2398 si
1437 2369 1574 2408 sensero]

120 2426 267 2458 quoque,
277 2417 423 2448 maxime
433 2416 523 2458 apud
535 2417 709 2448 Plautum.
733 2417 819 2447 Sub·
874 2417 938 2448 Est
954 2418 1170 2449 comminatio
1184 2428 1245 2458 per
1262 2418 1490 2457 reticentiam,
1504 2419 1576 2449 sive

112 2467 245 2507 jectum
266 2473 344 2508 post
367 2467 376 2484 ‘
395 2466 515 2508 atque’
530 2472 633 2507 auget
649 2466 817 2508 significa·
874 2466 1097 2504 ἀποσιώπησιν.
1136 2468 1304 2498 Convenit
1330 2468 1416 2499 irato
1440 2468 1513 2499 haec
1535 2468 1574 2499 fi-

122 2518 262 2549 tionem.
299 2517 419 2549 Cicero
441 2526 503 2557 pro
531 2517 710 2548 Cluentio:
735 2516 744 2533 ‘
763 2517 819 2548 De
874 2527 968 2558 gnra.
1002 2518 1099 2548 Idem
1116 2518 1295 2549 Terentius
1323 2519 1358 2549 in
1383 2519 1468 2551 Eun.
1493 2518 1574 2551 Act.

119 2565 193 2598 foro
208 2571 311 2608 atque
328 2567 411 2598 adeo
438 2566 481 2597 de
507 2566 648 2598 civitate
664 2567 818 2597 sublatus
873 2577 908 2599 v.
924 2569 979 2599 Se.
993 2571 1023 2600 5.
1065 2569 1073 2585 ‘
1094 2569 1166 2607 Ego
1183 2573 1218 2599 te
1242 2567 1406 2600 furcifer!
1432 2569 1458 2600 si
1476 2570 1575 2608 vivo;

122 2616 198 2649 est!
234 2616 336 2658 Apud
353 2616 507 2648 Comicos
524 2626 615 2657 saepe
636 2622 690 2648 est
714 2616 819 2656 parti·
875 2619 933 2650 sed
952 2619 1054 2658 istud,
1081 2619 1240 2660 quicquid
1269 2622 1330 2658 est,
1358 2619 1501 2660 primum
1518 2629 1575 2649 ex-

121 2667 196 2697 cula
210 2666 378 2706 ornativa,
391 2676 448 2697 sen
465 2666 649 2706 expletiva,
672 2666 755 2696 nihil
776 2667 819 2698 ad
875 2669 978 2710 pedi.'
1010 2669 1351 2711 Subintelligendum,
1364 2669 1512 2711 puniam,
1528 2670 1576 2702 nl-

122 2727 256 2749 sensum
268 2716 462 2758 conferens,
478 2718 538 2749 sed
563 2718 617 2749 vel
638 2717 680 2748 ad
697 2727 821 2748 sermo-
875 2718 998 2761 ciscar,
1013 2720 1067 2752 vel
1081 2719 1163 2762 quid
1180 2719 1299 2751 simile.

121 2767 172 2800 nis
209 2771 379 2811 ornatum,
413 2769 467 2800 vel
503 2768 546 2801 ad
582 2773 728 2800 metrum
762 2778 819 2800 ex-
