1976 3296
743 207 1012 240 PRAEFA'NO.
1552 197 1607 239 13

153 319 398 364 nunquam;
429 309 467 348 is
495 319 614 357 vero,
637 307 674 347 si
697 306 922 360 Guyetum
945 304 1001 345 ad
1032 302 1145 344 And.
1167 314 1231 343 lv,
1261 302 1296 344 t.
1314 302 1355 342 3.
1386 302 1606 353 audimus,

153 378 214 418 rei
242 377 434 417 metricae
465 375 596 428 plane
630 375 857 427 imperitus
887 373 981 413 fuit.
1041 371 1146 412 Jam
1177 383 1281 411 vero
1320 369 1521 410 Muretus
1551 372 1607 411 ad

153 444 267 484 And.
291 453 366 484 111.
388 442 486 483 21.
519 445 530 463 ‘
548 441 658 481 Sunt
684 441 757 482 hic
781 439 974 494 aliquot,'
1011 439 1166 492 inquit,
1202 440 1400 485 ‘verSUS,
1423 450 1610 490 quorum

153 510 472 550 dimensionem
504 509 728 561 explicare
750 522 806 548 ex
828 508 1047 548 veteribus
1077 505 1222 546 Libris
1253 518 1342 545 non
1376 505 1522 557 potui,
1551 517 1607 544 ex

152 577 327 630 ingenio
347 575 494 617 nolui.'
555 575 696 624 Idem,
717 574 826 615 Var.
850 574 975 614 Lect.
1002 583 1072 614 ιιι.
1095 573 1137 614 3.
1168 572 1410 620 existimat,
1447 571 1609 612 Histri-

155 645 326 685 onesin
347 643 588 685 recitandis
612 642 798 683 Fabulis
832 641 1039 695 quaedam
1074 640 1130 681 de
1166 653 1247 681 suo
1283 638 1525 688 addidisse,
1562 644 1611 679 ut

154 711 298 752 oratio
330 711 606 764 quotidianae
641 709 827 750 similior
847 709 1089 759 videretur-3
1123 711 1255 765 atque
1293 706 1397 746 hinc
1429 706 1611 756 factum,

155 784 206 818 ut
228 791 381 819 versus
401 777 655 818 Terentiani
678 788 800 828 saepe
823 775 1053 816 videantur
1068 769 1209 816 metro
1227 774 1445 814 laborare.
1507 773 1612 814 Pal-

155 845 319 885 merius
349 850 497 886 autem
530 845 586 885 ad
621 844 796 885 Phorm.
821 854 864 882 V.
885 844 926 884 7.
950 844 1019 884 77.
1052 855 1207 883 versus
1240 841 1459 895 quosdam
1484 841 1611 894 justo

155 911 333 964 longius
353 924 583 952 excurrere
619 913 786 960 censet,
820 922 910 950 non
940 910 1035 950 sine
1068 922 1225 962 magna
1256 909 1408 962 gratia,
1429 914 1478 949 ut
1507 909 1613 950 talia

159 985 283 1020 extra
302 992 529 1019 numerum
550 980 819 1019 censeantur.
883 976 1082 1018 Fa'e'rnus
1119 980 1321 1026 testatur,
1353 990 1401 1018 se
1435 988 1612 1018 versum

157 1046 332 1088 tertium
354 1049 397 1087 et
420 1046 693 1098 vigesimum,
717 1043 817 1086 Act.
844 1056 896 1085 ιι.
919 1044 992 1085 Sc.
1014 1044 1056 1085 3.
1090 1044 1384 1093 Phormionis,
1406 1047 1499 1084 tum
1520 1055 1613 1084 ver-

151 1114 257 1154 'sum
291 1117 490 1167 quartum
520 1118 566 1153 et
598 1112 1003 1166 quadragesimum,
1037 1111 1142 1153 Act.
1162 1123 1206 1151 V.
1241 1112 1314 1152 Sc.
1335 1113 1379 1152 7.
1412 1110 1614 1164 ejusdem

160 1181 347 1222 Fabulae
369 1181 552 1234 pedibus
575 1181 715 1221 metiri
733 1193 820 1221 non
841 1192 987 1233 posse.
1029 1179 1120 1219 Alii
1139 1179 1194 1219 ad
1216 1180 1303 1220 alia
1325 1179 1614 1220 adhaeserunt.

162 1249 319 1302 Neque
341 1248 393 1289 P.
416 1247 724 1300 Antesignani,
754 1247 938 1301 singulis
960 1248 1162 1288 versibus
1184 1251 1391 1301 tanquam
1413 1246 1616 1300 proprios

160 1316 298 1370 pedes
320 1316 377 1357 ad
398 1329 519 1357 oram
540 1317 820 1365 ascribentis,
842 1315 918 1356 sed
939 1316 1047 1356 inter
1069 1314 1299 1355 Erasmum
1322 1319 1365 1356 et
1382 1313 1425 1355 J.
1441 1313 1490 1354 C.
1506 1313 1616 1354 Sca-

160 1385 346 1437 ligerum
380 1397 552 1437 semper
573 1383 695 1425 dubii
727 1389 772 1424 et
792 1384 1061 1433 fluctuantis,
1094 1382 1233 1423 nimia
1264 1382 1493 1435 diligentia
1524 1394 1617 1422 rem

163 1452 273 1492 satis
293 1452 540 1504 expedivit.
600 1454 612 1472 ‘
627 1451 837 1492 Profecto
860 1449 1008 1500 tanta‚'
1040 1450 1177 1491 verba
1200 1455 1302 1490 sunt
1319 1450 1419 1491 Jac.
1441 1449 1617 1490 Perizo—

162 1519 223 1560 nii
256 1519 313 1560 ad
346 1519 496 1560 Sanct.
521 1519 630 1560 Min.
663 1532 707 1572 p.
727 1520 827 1560 417.
863 1518 1077 1559 ‘invaluit
1097 1517 1288 1567 licentia,
1325 1521 1371 1558 ut
1406 1517 1483 1558 vix
1517 1516 1617 1557 inde

163 1586 271 1640 quid
291 1591 412 1628 certa
432 1587 604 1627 ratione
625 1588 828 1640 probare,
850 1586 919 1627 vel
940 1586 1125 1626 refutare
1148 1583 1310 1638 queas.'
1352 1585 1409 1626 Et
1430 1585 1482 1634 si,
1499 1583 1620 1638 quod

163 1667 246 1695 sua
259 1654 356 1708 jam
375 1659 508 1695 aetate
530 1654 705 1696 dicebat
725 1654 898 1704 Cicero,
934 1653 1217 1695 Comicorum
1241 1652 1414 1693 Senarii
1437 1656 1619 1705 propter

166 1722 497 1763 similitudinem
519 1722 730 1763 sermonis
752 1723 813 1764 ita
834 1722 996 1775 abjecti
1020 1725 1138 1770 sunt,
1174 1724 1222 1761 ut
1243 1732 1555 1773 nonnunquam
1575 1719 1619 1759 in

161 1789 230 1830 his
267 1803 474 1831 numerus
496 1795 541 1831 et
563 1803 714 1831 versus
748 1791 827 1831 vix
858 1789 1049 1841 intelligi
1082 1789 1243 1841 possit,
1279 1787 1402 1841 quid,
1440 1787 1617 1837 amabo,

165 1857 268 1898 aliis
310 1857 564 1898 Carminum
600 1858 845 1911 generibus,
873 1858 1031 1911 quibus
1065 1855 1302 1897 Comoedia
1342 1855 1500 1897 referta
1537 1859 1618 1904 est,

165 1924 273 1966 fiet?
355 1925 575 1967 Viderunt
623 1925 685 1974 id,
722 1926 798 1979 qui
820 1925 1097 1978 temporibus
1141 1923 1366 1964 Prisciani
1399 1928 1540 1964 metra
1576 1924 1620 1963 in

164 1992 361 2033 Terentii
383 1992 631 2034 Comoediis
652 2005 750 2033 esse
778 1996 1000 2044 negarunt.
1062 1990 1332 2044 Quanquam
1364 1991 1462 2043 quis
1497 1990 1541 2030 id
1576 1990 1621 2030 in

163 2060 416 2101 universum
449 2059 765 2102 affirmaverit?
830 2058 990 2112 Neque
1021 2063 1169 2099 tamen
1206 2070 1307 2099 cum
1342 2056 1620 2107 Quintiliano

166 2127 269 2180 plus
302 2128 453 2181 gratiae
474 2128 699 2169 habituras
721 2126 859 2168 fuisse
881 2126 1160 2176 crediderim,
1182 2126 1220 2166 si
1240 2127 1358 2166 intra
1373 2138 1525 2167 versus
1550 2126 1623 2166 tri-

164 2200 330 2236 metros
350 2196 589 2236 stetissent.
650 2195 801 2236 Grave
824 2194 940 2234 enim
959 2193 1133 2235 videtur
1149 2193 1349 2246 judicare
1371 2192 1425 2233 de
1447 2192 1620 2246 judicio

166 2263 322 2303 talium
342 2262 566 2312 Virorum,
584 2263 641 2303 ad
662 2275 850 2315 quorum
872 2261 1103 2302 scientiam
1126 2274 1225 2302 cum
1245 2261 1288 2301 in
1303 2259 1508 2309 Po'e‘tica,
1527 2264 1622 2300 tum

166 2331 209 2372 in
233 2330 377 2372 Latini
399 2330 613 2371 sermonis
635 2330 868 2382 elegantia,
897 2332 1119 2383 quotquot
1156 2333 1224 2369 tot
1245 2328 1418 2382 quidem
1440 2328 1621 2368 saeculis

166 2402 269 2453 post
285 2397 418 2438 hasce
442 2397 573 2438 Artes
595 2401 854 2447 tractarunt,
891 2396 963 2437 vel
997 2397 1131 2437 etiam
1163 2409 1281 2437 nunc
1315 2399 1523 2444 tractant,
1544 2395 1622 2436 vix

167 2464 452 2518 comparandi
473 2469 590 2514 sunt,
608 2478 663 2505 ne
680 2464 784 2518 quid
806 2464 980 2516 gravius
1004 2463 1162 2503 dicam.
1210 2463 1282 2504 Ita
1302 2463 1433 2516 igitur
1453 2465 1621 2510 statuo,

167 2536 212 2573 et
231 2545 435 2573 arcanum
458 2531 579 2572 Artis
600 2531 799 2572 Metricae
816 2531 953 2583 prisci
975 2530 1096 2569 illius
1120 2530 1206 2571 aevi
1225 2529 1393 2571 dudum
1427 2540 1527 2569 esse
1551 2528 1623 2568 de-

167 2600 403 2654 perditum,
425 2604 469 2641 et
486 2612 640 2640 versus
661 2598 870 2640 Comicos
898 2597 1074 2639 omnino
1096 2598 1161 2638 ita
1183 2598 1382 2651 abjectos
1402 2610 1453 2637 eo
1476 2595 1623 2637 consi-

168 2668 245 2717 lio,
267 2670 314 2708 ut
335 2680 361 2707 a
393 2680 594 2708 sermone
626 2667 793 2720 vulgari
827 2679 980 2721 parum
1017 2669 1091 2706 aut
1132 2665 1237 2706 nihil
1273 2666 1455 2713 abirent,
1478 2676 1620 2715 eoque

170 2736 289 2778 haud
310 2748 406 2777 raro
429 2736 724 2778 miscerentur.
775 2735 927 2777 Vitam
949 2734 1062 2775 enim
1087 2733 1242 2775 imitati
1264 2734 1406 2775 soluta
1428 2732 1621 2774 oratione
