1903 3306
556 220 760 251 ANDRIAE
793 220 900 249 ACT.
933 220 963 248 1.
997 220 1064 248 sc.
1102 221 1129 248 1.
1483 210 1566 250 *251

69 353 72 356 ,
127 314 214 355 Dic
235 314 378 364 sodes,
399 315 496 367 quis
514 315 603 356 heri
622 314 878 368 Chrysidem
896 314 1084 354 habuit?
1117 325 1219 353 nam
1240 311 1422 354 Andriae

126 382 197 423 Illi
217 359 377 423 iffit
396 395 567 423 nomen.
609 383 686 424 So.
708 382 871 423 Teneo.
909 382 975 423 S1.
998 381 1247 430 Phaedrum,
1270 386 1346 422 aut
1363 380 1565 430 Cliniam,

129 449 364 499 Dicebant,
385 456 460 490 aut
481 450 523 491 N
528 451 762 502 iceratum;
783 463 884 490 nam
904 450 949 490 hi
968 457 1053 490 tres
1075 454 1168 490 tum
1189 449 1322 488 simul
1510 449 1566 489 (50

125 516 357 558 Amabant.
416 516 525 566 Eho,
548 518 651 570 quid
675 517 968 571 Pamphilus?
1000 516 1155 566 Quid?
1187 515 1434 569 symbolam

126 582 275 632 Dedit,
296 584 513 625 coenavit:
543 584 803 637 gaudebam.
862 585 975 625 Item
997 585 1084 625 alio
1106 585 1177 625 die

125 649 415 700 Quaerebam:
446 653 782 705 comperiebam,
804 653 913 693 nihil
935 652 992 693 ad
1015 653 1297 706 Pamphilum

127 716 375 771 Quicquam
396 720 582 759 attinere
601 733 610 760 :
645 721 860 761 enimvero
881 723 1127 774 spectatum
1149 720 1256 760 satis

126 785 364 835 Putabam,
385 791 426 827 et
446 800 649 839 magnum
671 788 923 841 exemplum
944 788 1223 828 continentiae
1243 800 1253 827 ε
1356 837 1362 843 ἢ
1513 784 1571 825 65

125 851 258 902 Nam,
281 854 356 907 qui
377 867 477 895 cum
498 855 679 907 ingeniis
700 845 1227 910 conflictatuscfjusnicdi,

124 918 282 972 Neque
303 928 602 962 commovetur
622 923 792 963 animus
814 924 858 964 in
879 936 934 964 ea
953 937 1000 964 re
1022 928 1183 972 tamen,

123 987 252 1029 Scias
273 1001 406 1042 posse
425 990 584 1031 habere
599 990 694 1044 jam
716 991 861 1044 ipsum
883 1005 977 1033 suae
1000 992 1101 1034 vitae
1122 991 1315 1032 modum.
1529 996 1567 1050 ‹jr

123 1126 161 1156 ab
177 1126 226 1157 his
240 1127 431 1167 qaoerebam:
457 1128 556 1167 Heus,
577 1137 665 1168 puer,
691 1129 754 1168 dic,
779 1139 902 1169 quaeso‚·
925 1131 994 1170 quis
1017 1131 1084 1161 heri
1109 1131 1294 1171 Chrysidem
1317 1126 1451 1160 habuit?
1485 1128 1569 1159 Nam

122 1168 187 1199 laeaec
200 1169 326 1200 Andria
343 1171 388 1201 sic
403 1171 628 1202 nominabatur.
674 1171 733 1202 So.
757 1171 840 1203 Scio.
885 1174 935 1204 S1.
960 1173 1208 1213 Respondebam,
1226 1173 1404 1209 Phaedrum,
1429 1175 1482 1202 aut
1505 1172 1570 1201 Cli-

122 1212 217 1252 niam,
230 1216 286 1243 aut
300 1213 485 1244 Niceratum
499 1224 510 1249 ,·
525 1224 595 1244 nam
610 1214 643 1244 ln·
658 1217 721 1244 tres
736 1217 808 1245 tunc
821 1215 914 1246 simul
927 1217 1070 1246 amabant
1087 1216 1280 1257 Chrysidem.
1326 1216 1407 1251 Eho,
1421 1214 1572 1252 dicebam,

121 1254 196 1293 quid
211 1255 395 1296 Pamphilus
411 1255 490 1292 fecit
504 1254 520 1287 ?
545 1256 628 1291 Quid
644 1255 751 1294 fecit?
773 1258 1013 1298 respondebant:
1039 1262 1160 1298 partem
1175 1269 1262 1290 suam
1286 1258 1417 1290 contulit
1440 1260 1480 1288 ad
1501 1266 1572 1287 con-

120 1296 248 1335 vivium,
281 1298 422 1329 coenavit.
471 1299 650 1330 Gaudebam
680 1299 744 1330 haec
771 1302 909 1331 audiens.
963 1301 1120 1332 Similiter
1146 1303 1208 1332 alio
1235 1302 1286 1333 die
1315 1299 1572 1339 interrogabam3

121 1341 340 1380 comperiebam
364 1341 443 1371 nillil
463 1341 518 1379 agi
543 1342 715 1382 quicquam,
738 1345 818 1382 quod
832 1345 872 1374 ad
886 1344 1088 1383 Pamphilam
1102 1345 1264 1376 attineret.
1312 1345 1404 1374 Certe
1425 1343 1571 1384 putabam

121 1391 190 1412 eum
216 1383 296 1414 satis
324 1393 343 1414 a
367 1393 415 1414 me
439 1386 631 1423 exploratam
659 1395 735 1424 esse,
761 1389 792 1416 et
818 1396 963 1425 magnum
989 1388 1161 1427 exemplum
1187 1387 1385 1418 continentiae
1415 1386 1570 1417 exhibere.

122 1425 220 1464 Nam,
235 1427 286 1466 qui
300 1435 367 1457 cum
381 1427 552 1457 hominibus
568 1428 642 1458 talis
656 1428 776 1467 ingenii
789 1433 996 1469 conversatur,
1018 1440 1115 1470 neque
1126 1433 1227 1461 tamen
1239 1440 1342 1461 eorum
1358 1428 1572 1460 consuetudine

120 1468 160 1498 ad
179 1467 340 1500 libidinem
363 1470 542 1511 impellitur,
565 1472 654 1501 crede
669 1470 741 1509 jam
763 1481 849 1511 posse
872 1473 972 1512 ipsum
994 1473 1069 1503 vitae
1091 1482 1156 1503 suae
1179 1474 1372 1504 moderamen
1388 1476 1418 1503 et
1433 1472 1571 1511 regimen

722 1576 955 1588 oooooooooooo

121 1651 225 1683 Both.
243 1651 300 1692 qni
316 1651 377 1683 dat
399 1652 485 1683 Illud
500 1656 566 1684 erat
582 1656 700 1684 η.-6Ο
724 1653 779 1686 Al.
802 1654 949 1694 Dicebat,
976 1664 1042 1685 non
1067 1655 1197 1695 inepte.
1221 1655 1307 1686 Perl.
1353 1655 1409 1687 Sic
1435 1656 1495 1686 ΒΓ.
1513 1655 1569 1686 ubi

121 1695 154 1725 in
171 1695 298 1726 Glossis
313 1696 423 1726 Bruns
440 1701 559 1727 notat:
584 1697 594 1713 ‘
608 1696 703 1727 Edit.
722 1697 872 1728 Dicebant
884 1708 894 1728 .-
919 1703 1022 1738 atque
1035 1698 1082 1728 ita
1095 1708 1183 1729 nunc
1201 1698 1232 1728 in
1247 1697 1332 1729 cod!
1379 1698 1454 1729 Tum
1470 1699 1568 1729 omit-

122 1742 199 1768 tunt
213 1738 273 1768 ΒΓ.
289 1744 324 1769 et
341 1738 394 1770 ed.
409 1738 503 1770 Perl.
521 1739 576 1779 qui
600 1744 735 1769 monet:
762 1740 771 1756 ‘
787 1739 904 1771 Guelf.
922 1743 951 1772 1.
980 1745 1055 1780 post
1078 1741 1171 1771 ‘tres
1184 1740 1192 1753 '
1217 1741 1283 1781 leg.
1308 1744 1383 1772 tum.
1407 1740 1524 1772 Guelf.
1537 1744 1570 1773 2.

118 1783 185 1811 tum
200 1784 279 1820 post
293 1783 302 1798 ‘
312 1779 371 1811 hi.’
385 1781 393 1794 ’
415 1781 519 1812 Bent.
537 1781 609 1811 vult
623 1781 692 1812 Aut
715 1782 899 1813 Niceratum
914 1783 1152 1814 dicebant.--6l
1178 1784 1330 1814 Praestat
1345 1784 1510 1824 symbolam
1523 1784 1571 1814 le-

119 1832 214 1862 gere,
227 1833 327 1864 quam
342 1823 523 1864 symbolum,
547 1823 635 1864 quod
653 1830 705 1855 est
723 1825 756 1855 in
773 1826 942 1856 nonnullis
965 1827 1048 1857 Mss.
1065 1831 1100 1857 et
1115 1827 1248 1867 recepit
1265 1836 1375 1866 nuper
1397 1827 1568 1858 Dacieria.

124 1865 225 1897 West.
269 1865 465 1906 Symbolam:
487 1866 537 1897 ita
555 1867 621 1897 Ms.
648 1867 742 1898 Lind.
786 1868 964 1908 Symbolum
980 1869 1082 1901 Bent.
1099 1878 1141 1899 ex
1157 1870 1236 1901 Vat.
1258 1875 1294 1900 et
1317 1870 1398 1901 Bas.
1415 1870 1570 1910 aliisque.

119 1908 252 1939 Erasm.
265 1908 442 1949 symbolum.
465 1909 644 1940 Fert—62
667 1910 783 1940 Itidem
809 1911 863 1941 ed.
890 1911 1080 1943 Both.-—64
1102 1911 1200 1943 Lind.
1219 1917 1253 1943 et
1268 1913 1348 1943 Par.
1363 1922 1406 1943 ex
1423 1913 1489 1943 Ms.
1504 1912 1570 1943 Pa-

119 1951 176 1981 ris.
210 1951 367 1991 attingere
382 1951 503 1983 citant.
531 1952 631 1983 West.
678 1953 789 1993 Quicq.
811 1963 878 1984 non
899 1954 976 1985 hab.
993 1953 1108 1985 Guelf.
1123 1957 1243 1986 2.—66
1267 1955 1366 1996 Conj.
1393 1955 1478 1987 Gov.
1500 1965 1571 1986 con-

108 1994 220 2034 flictat
235 1994 278 2025 ob
293 1997 535 2025 metrum.—67
549 1994 593 2026 N.
607 1999 832 2027 commoveatur
846 2007 875 2027 a.
890 1997 925 2028 in
935 2006 969 2027 ea
984 2006 1030 2037 re,
1047 2000 1149 2028 tamen
1165 1997 1254 2028 Scias
1269 1998 1328 2029 ΒΓ.
1351 1999 1360 2015 ⁶
1375 1998 1498 2029 Tamen.
1520 1998 1571 2028 M.

118 2039 196 2067 tum.
218 2036 376 2077 Gnyetus
392 2037 499 2076 delet,
515 2037 642 2077 legens,
660 2038 770 2078 Neque
785 2043 988 2070 commovetur
1001 2040 1123 2071 animus
1144 2041 1177 2070 in
1198 2051 1234 2071 ea
1259 2050 1305 2078 re,
1327 2042 1417 2078 scias,
1440 2042 1570 2072 Potesse

118 2078 307 2118 haberejam
321 2080 420 2120 ipsum
433 2089 497 2110 suae
511 2080 585 2111 vitoe
599 2081 731 2112 modum.
755 2081 823 2112 Sed
841 2086 876 2113 et
890 2085 955 2113 tum
969 2082 1131 2122 legebant
1149 2083 1237 2115 Gov.
1253 2087 1288 2114 et
1304 2085 1360 2114 Fr.
1378 2083 1568 2115 Fabricius.

117 2121 248 2153 Pareus
262 2121 300 2152 τὸ
317 2126 419 2154 tamen
435 2122 564 2154 frustra
580 2124 701 2154 mutari
719 2124 765 2154 ait
780 2134 788 2154 :
814 2129 931 2163 recte3
955 2135 1030 2155 nam
1048 2130 1083 2156 et
1098 2126 1257 2157 Donatus
1273 2126 1367 2167 legit,
1382 2135 1417 2157 et
1433 2126 1570 2166 apposi-

117 2168 189 2195 tum
205 2165 310 2205 magis
325 2170 386 2201 est,
404 2170 634 2206 praeterquam
651 2166 740 2206 quod
754 2166 786 2196 in
801 2167 972 2208 plerisque
986 2168 1141 2199 omnibns
1157 2169 1239 2199 Mss.
1252 2168 1402 2209 legitur!
1430 2170 1570 2200 West.-—

117 2209 159 2237 68
182 2206 223 2238 In
239 2208 426 2248 exemplari
442 2214 578 2239 vetusto
593 2209 758 2248 scriptum
775 2210 924 2250 repen-i0,
936 2210 970 2241 in
985 2220 1020 2240 ea
1033 2220 1078 2249 re,
1093 2211 1175 2242 scias
1190 2212 1268 2242 Tum
1285 2213 1356 2250 jam
1380 2212 1481 2252 ipsum
1497 2211 1569 2243 hab.

114 2258 202 2290 posse
215 2259 240 2282 s.
257 2260 288 2282 v.
303 2260 346 2282 m.
369 2260 444 2292 quae
461 2251 534 2282 sine
550 2252 785 2283 controversia
802 2262 882 2283 vera
899 2258 951 2283 est
969 2253 1082 2285 lectio.
1101 2254 1181 2285 Gov.
1226 2255 1318 2295 Lege
1334 2265 1376 2285 ex
1392 2255 1469 2286 cod.
1482 2254 1569 2285 Aca·

774 2348 912 2380 NOTAE

158 2423 200 2452 58
222 2421 288 2452 Dic
311 2422 413 2462 sodes]
446 2422 644 2454 Priscianus
670 2423 717 2454 ait
742 2432 815 2454 ver-
871 2424 1031 2456 vivarum.
1069 2424 1202 2465 Latine,
1232 2425 1389 2456 collecta.
1424 2425 1569 2468 Gallice,

116 2471 196 2502 bum
212 2480 286 2502 esse
301 2471 524 2511 defectivum,
542 2482 615 2513 pro,
632 2473 660 2503 si
688 2472 791 2504 audes
805 2485 812 2504 ε
869 2474 984 2507 l’escot.

116 2525 155 2552 ut
170 2521 225 2561 sis,
241 2530 319 2561 pro,
345 2522 372 2552 si
395 2522 459 2553 vis.
496 2522 735 2554 Precatiouem
762 2523 815 2554 vel
911 2528 953 2556 66
979 2525 1204 2567 Conflictatar]
1244 2524 1386 2565 Confligi
1416 2530 1452 2557 et
1488 2537 1567 2558 con-

116 2570 387 2602 exhortationem
404 2571 558 2603 denotat.
867 2575 992 2608 flictari
1021 2587 1074 2608 res
1105 2577 1215 2618 aliqua
1246 2577 1381 2618 dicitnr,
1411 2587 1487 2610 cnm
1522 2580 1565 2610 ad

157 2623 198 2651 61
223 2621 400 2661 Symbolum
426 2621 543 2661 Dedit]
566 2622 701 2653 Dicitur
724 2632 812 2663 sym·
869 2628 968 2659 aliam
985 2629 1146 2660 atteritur
1160 2633 1196 2659 et
1217 2627 1410 2660 affricatur:
1433 2634 1470 2660 ut
1487 2639 1564 2661 cum

116 2669 228 2701 bolum
251 2675 288 2702 et
312 2671 464 2712 Symb0¹a
486 2681 505 2701 a
527 2670 710 2712 συμβάλλω,
733 2683 813 2704 C0ss·
866 2680 953 2719 lapis
971 2679 1013 2709 ad
1036 2678 1164 2710 ferrum
1186 2679 1318 2718 igniarii
1343 2680 1506 2721 allitlitur,
1521 2680 1564 2711 ad

115 2719 202 2752 fero.
246 2721 342 2752 Inter
356 2722 420 2752 alia
432 2721 700 2762 significata‚est
711 2733 814 2764 pecu·
867 2729 1067 2762 eliciendam
1084 2729 1277 2761 scintillam.

116 2769 183 2808 nia,
209 2779 285 2811 quae
312 2775 473 2811 erogatur
501 2779 521 2801 a
548 2771 702 2812 quolibet
731 2782 811 2804 con·
