<?xml version="1.0" encoding="UTF-8"?>
<!DOCTYPE html PUBLIC "-//W3C//DTD XHTML 1.0 Transitional//EN"
    "http://www.w3.org/TR/xhtml1/DTD/xhtml1-transitional.dtd">
<html xmlns="http://www.w3.org/1999/xhtml" xml:lang="en" lang="en">
 <head>
  <title>
</title>
<meta http-equiv="Content-Type" content="text/html;charset=utf-8" />
  <meta name='ocr-system' content='tesseract 3.04.00' />
  <meta name='ocr-capabilities' content='ocr_page ocr_carea ocr_par ocr_line ocrx_word'/>
</head>
<body>
  <div class='ocr_page' id='page_1' title='image "./pubterentiiafric01tereuoft/pubterentiiafric01tereuoft_0349.png"; bbox 0 0 1903 3306; ppageno 0'>
   <div class='ocr_carea' id='block_1_1' title="bbox 527 233 1585 273">
    <p class='ocr_par' dir='ltr' id='par_1_1' title="bbox 527 233 1585 273">
     <span class='ocr_line' id='line_1_1' title="bbox 527 233 1585 273; baseline 0.005 -5"><span class='ocrx_word' id='word_1_1' title='bbox 527 238 732 269; x_wconf 79' lang='lat' dir='ltr'>ANDRIAE</span> <span class='ocrx_word' id='word_1_2' title='bbox 767 238 876 268; x_wconf 74' lang='lat' dir='ltr'><strong>AcT.</strong></span> <span class='ocrx_word' id='word_1_3' title='bbox 910 239 983 268; x_wconf 87' lang='lat'>111.</span> <span class='ocrx_word' id='word_1_4' title='bbox 1016 239 1085 270; x_wconf 77' lang='lat' dir='ltr'>sc,</span> <span class='ocrx_word' id='word_1_5' title='bbox 1119 239 1182 269; x_wconf 77' lang='grc' dir='ltr'>ιν.</span> <span class='ocrx_word' id='word_1_6' title='bbox 1500 233 1585 273; x_wconf 75' lang='grc'>339</span> 
     </span>
    </p>
   </div>
   <div class='ocr_carea' id='block_1_2' title="bbox 129 334 1586 523">
    <p class='ocr_par' dir='ltr' id='par_1_2' title="bbox 129 334 1586 523">
     <span class='ocr_line' id='line_1_2' title="bbox 129 334 1586 401; baseline 0.001 -25"><span class='ocrx_word' id='word_1_7' title='bbox 129 334 224 389; x_wconf 85' lang='lat' dir='ltr'>Ego</span> <span class='ocrx_word' id='word_1_8' title='bbox 247 334 412 375; x_wconf 87' lang='lat' dir='ltr'>dudum</span> <span class='ocrx_word' id='word_1_9' title='bbox 432 334 629 375; x_wconf 89' lang='lat' dir='ltr'>nonnihil</span> <span class='ocrx_word' id='word_1_10' title='bbox 650 335 815 376; x_wconf 86' lang='lat' dir='ltr'>veritus</span> <span class='ocrx_word' id='word_1_11' title='bbox 839 348 951 385; x_wconf 87' lang='lat' dir='ltr'>sum,</span> <span class='ocrx_word' id='word_1_12' title='bbox 988 334 1133 385; x_wconf 77' lang='lat' dir='ltr'>Dave,</span> <span class='ocrx_word' id='word_1_13' title='bbox 1165 335 1245 375; x_wconf 79' lang='lat' dir='ltr'>abs</span> <span class='ocrx_word' id='word_1_14' title='bbox 1268 338 1322 385; x_wconf 84' lang='lat' dir='ltr'>te,</span> <span class='ocrx_word' id='word_1_15' title='bbox 1344 349 1403 401; x_wconf 15' lang='lat' dir='ltr'>ng*</span> <span class='ocrx_word' id='word_1_16' title='bbox 1416 337 1586 379; x_wconf 80' lang='lat' dir='ltr'>faceres</span> 
     </span>
     <span class='ocr_line' id='line_1_3' title="bbox 299 393 524 452; baseline 0.003 -10"><span class='ocrx_word' id='word_1_17' title='bbox 299 402 430 452; x_wconf 89' lang='lat' dir='ltr'>idem,</span> <span class='ocrx_word' id='word_1_18' title='bbox 464 393 524 406; x_wconf 30' lang='lat'>*⁷</span> 
     </span>
     <span class='ocr_line' id='line_1_4' title="bbox 130 468 1412 523; baseline 0.002 -13"><span class='ocrx_word' id='word_1_19' title='bbox 130 468 265 519; x_wconf 85' lang='lat' dir='ltr'>Quod</span> <span class='ocrx_word' id='word_1_20' title='bbox 287 470 449 523; x_wconf 85' lang='lat' dir='ltr'>vulgus</span> <span class='ocrx_word' id='word_1_21' title='bbox 470 484 696 512; x_wconf 85' lang='lat' dir='ltr'>servorum</span> <span class='ocrx_word' id='word_1_22' title='bbox 718 470 849 518; x_wconf 87' lang='lat' dir='ltr'>solet,</span> <span class='ocrx_word' id='word_1_23' title='bbox 871 470 988 510; x_wconf 87' lang='lat' dir='ltr'>dolis</span> <span class='ocrx_word' id='word_1_24' title='bbox 1010 473 1056 511; x_wconf 84' lang='lat' dir='ltr'>ut</span> <span class='ocrx_word' id='word_1_25' title='bbox 1076 483 1145 511; x_wconf 83' lang='lat' dir='ltr'>me</span> <span class='ocrx_word' id='word_1_26' title='bbox 1167 469 1412 521; x_wconf 79' lang='lat' dir='ltr'>deluderes,</span> 
     </span>
    </p>
   </div>
   <div class='ocr_carea' id='block_1_3' title="bbox 128 536 1585 648">
    <p class='ocr_par' dir='ltr' id='par_1_3' title="bbox 128 536 1585 648">
     <span class='ocr_line' id='line_1_5' title="bbox 128 536 1582 600; baseline 0.003 -23"><span class='ocrx_word' id='word_1_27' title='bbox 128 536 373 590; x_wconf 83' lang='lat' dir='ltr'>Propterea</span> <span class='ocrx_word' id='word_1_28' title='bbox 415 538 533 591; x_wconf 91' lang='lat' dir='ltr'>quod</span> <span class='ocrx_word' id='word_1_29' title='bbox 572 542 691 579; x_wconf 81' lang='lat' dir='ltr'>amat</span> <span class='ocrx_word' id='word_1_30' title='bbox 725 538 859 579; x_wconf 85' lang='lat' dir='ltr'>filius.</span> <span class='ocrx_word' id='word_1_31' title='bbox 920 538 1013 579; x_wconf 86' lang='lat' dir='ltr'>DA.</span> <span class='ocrx_word' id='word_1_32' title='bbox 1046 537 1184 591; x_wconf 86' lang='lat' dir='ltr'>Egon’</span> <span class='ocrx_word' id='word_1_33' title='bbox 1210 539 1327 600; x_wconf 50' lang='lat' dir='ltr'>istuc</span> <span class='ocrx_word' id='word_1_34' title='bbox 1360 539 1582 581; x_wconf 68' lang='lat' dir='ltr'>facerem?</span> 
     </span>
     <span class='ocr_line' id='line_1_6' title="bbox 300 605 1585 648; baseline 0.002 -2"><span class='ocrx_word' id='word_1_35' title='bbox 300 605 368 646; x_wconf 87' lang='lat' dir='ltr'>S1.</span> <span class='ocrx_word' id='word_1_36' title='bbox 401 605 594 647; x_wconf 87' lang='lat' dir='ltr'>Credidi.</span> <span class='ocrx_word' id='word_1_37' title='bbox 1557 608 1585 648; x_wconf 88' lang='lat'>5</span> 
     </span>
    </p>
   </div>
   <div class='ocr_carea' id='block_1_4' title="bbox 128 671 1585 997">
    <p class='ocr_par' dir='ltr' id='par_1_4' title="bbox 128 671 1583 790">
     <span class='ocr_line' id='line_1_7' title="bbox 128 671 1583 729; baseline 0.002 -17"><span class='ocrx_word' id='word_1_38' title='bbox 128 671 272 726; x_wconf 88' lang='lat' dir='ltr'>quue</span> <span class='ocrx_word' id='word_1_39' title='bbox 308 672 423 714; x_wconf 83' lang='lat' dir='ltr'>adeo</span> <span class='ocrx_word' id='word_1_40' title='bbox 454 677 653 714; x_wconf 85' lang='lat' dir='ltr'>metuens</span> <span class='ocrx_word' id='word_1_41' title='bbox 683 686 763 714; x_wconf 86' lang='lat' dir='ltr'>vos</span> <span class='ocrx_word' id='word_1_42' title='bbox 794 674 952 725; x_wconf 82' lang='lat' dir='ltr'>celavi,</span> <span class='ocrx_word' id='word_1_43' title='bbox 983 676 1101 729; x_wconf 91' lang='lat' dir='ltr'>quod</span> <span class='ocrx_word' id='word_1_44' title='bbox 1130 688 1247 717; x_wconf 87' lang='lat' dir='ltr'>nunc</span> <span class='ocrx_word' id='word_1_45' title='bbox 1268 675 1427 716; x_wconf 80' lang='lat' dir='ltr'>dicam.</span> <span class='ocrx_word' id='word_1_46' title='bbox 1489 675 1583 716; x_wconf 78' lang='lat' dir='ltr'>DA.</span> 
     </span>
     <span class='ocr_line' id='line_1_8' title="bbox 301 740 767 790; baseline 0.004 -9"><span class='ocrx_word' id='word_1_47' title='bbox 301 740 453 790; x_wconf 67' lang='lat' dir='ltr'>Quid?</span> <span class='ocrx_word' id='word_1_48' title='bbox 514 740 583 782; x_wconf 76' lang='lat' dir='ltr'>SI.</span> <span class='ocrx_word' id='word_1_49' title='bbox 615 742 767 783; x_wconf 89' lang='lat' dir='ltr'>Scies:</span> 
     </span>
    </p>

    <p class='ocr_par' dir='ltr' id='par_1_5' title="bbox 128 805 1584 948">
     <span class='ocr_line' id='line_1_9' title="bbox 128 805 1584 869; baseline 0.003 -22"><span class='ocrx_word' id='word_1_50' title='bbox 128 805 250 848; x_wconf 87' lang='lat' dir='ltr'>Nam</span> <span class='ocrx_word' id='word_1_51' title='bbox 283 807 607 869; x_wconf 53' lang='lat' dir='ltr'>propemodum</span> <span class='ocrx_word' id='word_1_52' title='bbox 636 808 778 849; x_wconf 84' lang='lat' dir='ltr'>habeo</span> <span class='ocrx_word' id='word_1_53' title='bbox 815 809 898 850; x_wconf 84' lang='lat' dir='ltr'>tibi</span> <span class='ocrx_word' id='word_1_54' title='bbox 932 810 1027 863; x_wconf 83' lang='lat' dir='ltr'>jam</span> <span class='ocrx_word' id='word_1_55' title='bbox 1056 811 1200 852; x_wconf 89' lang='lat' dir='ltr'><strong>fidem.</strong></span> <span class='ocrx_word' id='word_1_56' title='bbox 1262 812 1355 852; x_wconf 85' lang='lat' dir='ltr'>DA.</span> <span class='ocrx_word' id='word_1_57' title='bbox 1386 810 1584 852; x_wconf 80' lang='lat' dir='ltr'>Tandem</span> 
     </span>
     <span class='ocr_line' id='line_1_10' title="bbox 298 861 748 948; baseline 0.002 -33"><span class='ocrx_word' id='word_1_58' title='bbox 298 861 607 948; x_wconf 46' lang='grc' dir='ltr'>(ῑοὲἕῐιοέῐῖἶὲἰΙ</span> <span class='ocrx_word' id='word_1_59' title='bbox 625 876 748 916; x_wconf 85' lang='lat' dir='ltr'>siem.</span> 
     </span>
    </p>

    <p class='ocr_par' dir='ltr' id='par_1_6' title="bbox 128 941 1585 997">
     <span class='ocr_line' id='line_1_11' title="bbox 128 941 1585 997; baseline 0.004 -13"><span class='ocrx_word' id='word_1_60' title='bbox 128 942 196 984; x_wconf 87' lang='lat' dir='ltr'>S1.</span> <span class='ocrx_word' id='word_1_61' title='bbox 227 941 331 983; x_wconf 91' lang='lat' dir='ltr'>Non</span> <span class='ocrx_word' id='word_1_62' title='bbox 350 943 521 984; x_wconf 84' lang='lat' dir='ltr'>fuerant</span> <span class='ocrx_word' id='word_1_63' title='bbox 540 944 708 997; x_wconf 85' lang='lat' dir='ltr'>nuptiae</span> <span class='ocrx_word' id='word_1_64' title='bbox 730 943 907 986; x_wconf 87' lang='lat' dir='ltr'>futurae.</span> <span class='ocrx_word' id='word_1_65' title='bbox 952 946 1046 987; x_wconf 78' lang='lat' dir='ltr'>DA.</span> <span class='ocrx_word' id='word_1_66' title='bbox 1070 945 1222 996; x_wconf 67' lang='lat' dir='ltr'>Quid?</span> <span class='ocrx_word' id='word_1_67' title='bbox 1244 950 1360 989; x_wconf 75' lang='lat' dir='ltr'>non&#39;?</span> <span class='ocrx_word' id='word_1_68' title='bbox 1405 949 1471 989; x_wconf 85' lang='lat' dir='ltr'>S1.</span> <span class='ocrx_word' id='word_1_69' title='bbox 1496 949 1585 991; x_wconf 86' lang='lat' dir='ltr'>Sed</span> 
     </span>
    </p>
   </div>
   <div class='ocr_carea' id='block_1_5' title="bbox 128 1012 1584 1132">
    <p class='ocr_par' dir='ltr' id='par_1_7' title="bbox 128 1012 1584 1132">
     <span class='ocr_line' id='line_1_12' title="bbox 402 1012 518 1052; baseline 0.009 -1"><span class='ocrx_word' id='word_1_70' title='bbox 402 1012 518 1052; x_wconf 82' lang='lat' dir='ltr'>ratia</span> 
     </span>
     <span class='ocr_line' id='line_1_13' title="bbox 128 1023 1584 1132; baseline 0.007 -15"><span class='ocrx_word' id='word_1_71' title='bbox 128 1023 473 1127; x_wconf 44' lang='lat' dir='ltr'><strong>Simfflaffigvos</strong></span> <span class='ocrx_word' id='word_1_72' title='bbox 509 1081 559 1119; x_wconf 87' lang='lat' dir='ltr'>ut</span> <span class='ocrx_word' id='word_1_73' title='bbox 592 1082 900 1132; x_wconf 82' lang='lat' dir='ltr'>pertentarem.</span> <span class='ocrx_word' id='word_1_74' title='bbox 961 1080 1054 1121; x_wconf 81' lang='lat' dir='ltr'>DA.</span> <span class='ocrx_word' id='word_1_75' title='bbox 1086 1080 1206 1131; x_wconf 81' lang='lat' dir='ltr'>Quid</span> <span class='ocrx_word' id='word_1_76' title='bbox 1234 1083 1326 1124; x_wconf 83' lang='lat' dir='ltr'>ais!</span> <span class='ocrx_word' id='word_1_77' title='bbox 1390 1084 1456 1126; x_wconf 87' lang='lat' dir='ltr'>S1.</span> <span class='ocrx_word' id='word_1_78' title='bbox 1510 1086 1584 1127; x_wconf 86' lang='lat' dir='ltr'>Sic</span> 
     </span>
    </p>
   </div>
   <div class='ocr_carea' id='block_1_6' title="bbox 297 1145 799 1188">
    <p class='ocr_par' dir='ltr' id='par_1_8' title="bbox 297 1145 799 1188">
     <span class='ocr_line' id='line_1_14' title="bbox 297 1145 799 1188; baseline 0.008 -4"><span class='ocrx_word' id='word_1_79' title='bbox 297 1156 366 1185; x_wconf 89' lang='lat' dir='ltr'>res</span> <span class='ocrx_word' id='word_1_80' title='bbox 387 1149 469 1187; x_wconf 88' lang='lat' dir='ltr'>est.</span> <span class='ocrx_word' id='word_1_81' title='bbox 530 1146 626 1188; x_wconf 84' lang='lat' dir='ltr'>DA.</span> <span class='ocrx_word' id='word_1_82' title='bbox 658 1145 799 1188; x_wconf 82' lang='lat' dir='ltr'>Vide!</span> 
     </span>
    </p>
   </div>
   <div class='ocr_carea' id='block_1_7' title="bbox 128 1210 1588 1331">
    <p class='ocr_par' dir='ltr' id='par_1_9' title="bbox 128 1210 1588 1331">
     <span class='ocr_line' id='line_1_15' title="bbox 128 1210 1586 1277; baseline 0.007 -25"><span class='ocrx_word' id='word_1_83' title='bbox 128 1210 366 1265; x_wconf 87' lang='lat' dir='ltr'>Nunquam</span> <span class='ocrx_word' id='word_1_84' title='bbox 387 1212 502 1277; x_wconf 58' lang='lat' dir='ltr'>iQC</span> <span class='ocrx_word' id='word_1_85' title='bbox 523 1214 644 1268; x_wconf 91' lang='lat' dir='ltr'>quivi</span> <span class='ocrx_word' id='word_1_86' title='bbox 666 1227 746 1267; x_wconf 83' lang='lat' dir='ltr'>ego</span> <span class='ocrx_word' id='word_1_87' title='bbox 766 1215 1007 1269; x_wconf 85' lang='lat' dir='ltr'>intelligere</span> <span class='ocrx_word' id='word_1_88' title='bbox 1026 1230 1035 1257; x_wconf 76' lang='grc' dir='ltr'>ε</span> <span class='ocrx_word' id='word_1_89' title='bbox 1066 1217 1172 1259; x_wconf 77' lang='lat' dir='ltr'>vah!</span> <span class='ocrx_word' id='word_1_90' title='bbox 1204 1219 1440 1261; x_wconf 82' lang='lat' dir='ltr'>consilium</span> <span class='ocrx_word' id='word_1_91' title='bbox 1461 1221 1586 1262; x_wconf 82' lang='lat' dir='ltr'>calli-</span> 
     </span>
     <span class='ocr_line' id='line_1_16' title="bbox 299 1279 1588 1331; baseline 0.009 -11"><span class='ocrx_word' id='word_1_92' title='bbox 299 1279 418 1321; x_wconf 91' lang='lat' dir='ltr'>dum.</span> <span class='ocrx_word' id='word_1_93' title='bbox 1531 1290 1588 1331; x_wconf 82' lang='lat'>10</span> 
     </span>
    </p>
   </div>
   <div class='ocr_carea' id='block_1_8' title="bbox 305 1324 377 1348">
    <p class='ocr_par' dir='ltr' id='par_1_10' title="bbox 305 1324 377 1348">
     <span class='ocr_line' id='line_1_17' title="bbox 305 1324 377 1348; baseline 0 -6"><span class='ocrx_word' id='word_1_94' title='bbox 305 1324 377 1348; x_wconf 28' lang='grc' dir='ltr'>’Ἃ</span> 
     </span>
    </p>
   </div>
   <div class='ocr_carea' id='block_1_9' title="bbox 126 1415 1589 1806">
    <p class='ocr_par' dir='ltr' id='par_1_11' title="bbox 126 1415 1589 1806">
     <span class='ocr_line' id='line_1_18' title="bbox 131 1415 1587 1464; baseline 0.005 -18"><span class='ocrx_word' id='word_1_95' title='bbox 131 1415 273 1447; x_wconf 77' lang='lat' dir='ltr'>Chreme.</span> <span class='ocrx_word' id='word_1_96' title='bbox 317 1416 389 1455; x_wconf 82' lang='lat' dir='ltr'>Ego</span> <span class='ocrx_word' id='word_1_97' title='bbox 396 1415 466 1456; x_wconf 78' lang='lat' dir='ltr'>jam</span> <span class='ocrx_word' id='word_1_98' title='bbox 487 1417 621 1457; x_wconf 81' lang='lat' dir='ltr'>pridem,</span> <span class='ocrx_word' id='word_1_99' title='bbox 638 1417 737 1453; x_wconf 77' lang='lat' dir='ltr'>Dave,</span> <span class='ocrx_word' id='word_1_100' title='bbox 754 1429 773 1449; x_wconf 85' lang='lat' dir='ltr'><em>a</em></span> <span class='ocrx_word' id='word_1_101' title='bbox 789 1422 819 1449; x_wconf 76' lang='lat' dir='ltr'>te</span> <span class='ocrx_word' id='word_1_102' title='bbox 839 1419 873 1449; x_wconf 80' lang='lat' dir='ltr'>id</span> <span class='ocrx_word' id='word_1_103' title='bbox 895 1419 1011 1450; x_wconf 79' lang='lat' dir='ltr'>veritus</span> <span class='ocrx_word' id='word_1_104' title='bbox 1031 1430 1121 1457; x_wconf 79' lang='lat' dir='ltr'>snm;</span> <span class='ocrx_word' id='word_1_105' title='bbox 1137 1431 1173 1451; x_wconf 79' lang='lat' dir='ltr'>ne</span> <span class='ocrx_word' id='word_1_106' title='bbox 1181 1420 1306 1459; x_wconf 84' lang='lat' dir='ltr'>faceres</span> <span class='ocrx_word' id='word_1_107' title='bbox 1320 1422 1413 1461; x_wconf 85' lang='lat' dir='ltr'>idem,</span> <span class='ocrx_word' id='word_1_108' title='bbox 1429 1425 1508 1463; x_wconf 81' lang='lat' dir='ltr'>quod</span> <span class='ocrx_word' id='word_1_109' title='bbox 1522 1424 1587 1464; x_wconf 82' lang='lat' dir='ltr'>ple-</span> 
     </span>
     <span class='ocr_line' id='line_1_19' title="bbox 126 1458 1587 1506; baseline 0.006 -18"><span class='ocrx_word' id='word_1_110' title='bbox 126 1459 215 1498; x_wconf 80' lang='lat' dir='ltr'>rique</span> <span class='ocrx_word' id='word_1_111' title='bbox 229 1458 312 1490; x_wconf 79' lang='lat' dir='ltr'>servi</span> <span class='ocrx_word' id='word_1_112' title='bbox 318 1459 428 1498; x_wconf 78' lang='lat' dir='ltr'>facere</span> <span class='ocrx_word' id='word_1_113' title='bbox 442 1461 560 1491; x_wconf 74' lang='lat' dir='ltr'>solent.-</span> <span class='ocrx_word' id='word_1_114' title='bbox 584 1464 617 1491; x_wconf 81' lang='lat' dir='ltr'>ut</span> <span class='ocrx_word' id='word_1_115' title='bbox 635 1470 682 1490; x_wconf 88' lang='lat' dir='ltr'>me</span> <span class='ocrx_word' id='word_1_116' title='bbox 696 1462 773 1492; x_wconf 63' lang='lat' dir='ltr'>dolis</span> <span class='ocrx_word' id='word_1_117' title='bbox 792 1463 966 1500; x_wconf 80' lang='lat' dir='ltr'>deluderes,</span> <span class='ocrx_word' id='word_1_118' title='bbox 981 1466 1144 1503; x_wconf 78' lang='lat' dir='ltr'>propterea</span> <span class='ocrx_word' id='word_1_119' title='bbox 1160 1466 1237 1504; x_wconf 80' lang='lat' dir='ltr'>quod</span> <span class='ocrx_word' id='word_1_120' title='bbox 1252 1469 1337 1496; x_wconf 80' lang='lat' dir='ltr'><em>amat</em></span> <span class='ocrx_word' id='word_1_121' title='bbox 1351 1465 1456 1506; x_wconf 81' lang='lat' dir='ltr'>filins,</span> <span class='ocrx_word' id='word_1_122' title='bbox 1481 1468 1531 1497; x_wconf 82' lang='lat' dir='ltr'>cui</span> <span class='ocrx_word' id='word_1_123' title='bbox 1546 1467 1587 1497; x_wconf 80' lang='lat' dir='ltr'>ad</span> 
     </span>
     <span class='ocr_line' id='line_1_20' title="bbox 126 1502 1585 1549; baseline 0.006 -18"><span class='ocrx_word' id='word_1_124' title='bbox 126 1511 262 1533; x_wconf 83' lang='lat' dir='ltr'>amorem</span> <span class='ocrx_word' id='word_1_125' title='bbox 276 1502 428 1541; x_wconf 79' lang='lat' dir='ltr'>magister·</span> <span class='ocrx_word' id='word_1_126' title='bbox 444 1502 568 1541; x_wconf 79' lang='lat' dir='ltr'>fueras.</span> <span class='ocrx_word' id='word_1_127' title='bbox 614 1504 688 1535; x_wconf 78' lang='lat' dir='ltr'>DA.</span> <span class='ocrx_word' id='word_1_128' title='bbox 713 1505 822 1543; x_wconf 80' lang='lat' dir='ltr'>Egone</span> <span class='ocrx_word' id='word_1_129' title='bbox 846 1505 880 1535; x_wconf 83' lang='lat' dir='ltr'>id</span> <span class='ocrx_word' id='word_1_130' title='bbox 895 1504 1034 1542; x_wconf 79' lang='lat' dir='ltr'>facerem</span> <span class='ocrx_word' id='word_1_131' title='bbox 1058 1506 1089 1535; x_wconf 83' lang='lat' dir='ltr'>in</span> <span class='ocrx_word' id='word_1_132' title='bbox 1106 1510 1137 1536; x_wconf 84' lang='lat' dir='ltr'>te</span> <span class='ocrx_word' id='word_1_133' title='bbox 1150 1506 1166 1538; x_wconf 76' lang='lat'>:¹</span> <span class='ocrx_word' id='word_1_134' title='bbox 1210 1508 1261 1538; x_wconf 77' lang='lat' dir='ltr'>Si.</span> <span class='ocrx_word' id='word_1_135' title='bbox 1287 1508 1326 1538; x_wconf 88' lang='lat' dir='ltr'>Id</span> <span class='ocrx_word' id='word_1_136' title='bbox 1342 1509 1472 1547; x_wconf 76' lang='lat' dir='ltr'>credidi,</span> <span class='ocrx_word' id='word_1_137' title='bbox 1493 1514 1585 1549; x_wconf 82' lang='lat' dir='ltr'>atque</span> 
     </span>
     <span class='ocr_line' id='line_1_21' title="bbox 127 1543 1586 1588; baseline 0.005 -15"><span class='ocrx_word' id='word_1_138' title='bbox 127 1543 222 1574; x_wconf 78' lang='lat' dir='ltr'>etiam</span> <span class='ocrx_word' id='word_1_139' title='bbox 237 1544 270 1574; x_wconf 81' lang='lat' dir='ltr'>id</span> <span class='ocrx_word' id='word_1_140' title='bbox 282 1547 433 1581; x_wconf 77' lang='lat' dir='ltr'>metuens,</span> <span class='ocrx_word' id='word_1_141' title='bbox 445 1547 523 1585; x_wconf 78' lang='lat' dir='ltr'>quod</span> <span class='ocrx_word' id='word_1_142' title='bbox 538 1556 618 1577; x_wconf 78' lang='lat' dir='ltr'>nunc</span> <span class='ocrx_word' id='word_1_143' title='bbox 640 1548 753 1585; x_wconf 74' lang='lat' dir='ltr'>dicam,</span> <span class='ocrx_word' id='word_1_144' title='bbox 767 1550 798 1577; x_wconf 75' lang='lat' dir='ltr'>te</span> <span class='ocrx_word' id='word_1_145' title='bbox 814 1551 842 1578; x_wconf 85' lang='lat' dir='ltr'>et</span> <span class='ocrx_word' id='word_1_146' title='bbox 859 1547 1060 1588; x_wconf 74' lang='lat' dir='ltr'>Pamphilum</span> <span class='ocrx_word' id='word_1_147' title='bbox 1073 1549 1178 1580; x_wconf 77' lang='lat' dir='ltr'>celavi.</span> <span class='ocrx_word' id='word_1_148' title='bbox 1225 1550 1294 1581; x_wconf 75' lang='lat' dir='ltr'>DA.</span> <span class='ocrx_word' id='word_1_149' title='bbox 1321 1551 1405 1585; x_wconf 83' lang='lat' dir='ltr'>Quid</span> <span class='ocrx_word' id='word_1_150' title='bbox 1421 1552 1490 1583; x_wconf 76' lang='lat' dir='ltr'>est?</span> <span class='ocrx_word' id='word_1_151' title='bbox 1534 1553 1586 1583; x_wconf 73' lang='lat' dir='ltr'>Si.</span> 
     </span>
     <span class='ocr_line' id='line_1_22' title="bbox 128 1585 1589 1634; baseline 0.006 -18"><span class='ocrx_word' id='word_1_152' title='bbox 128 1585 217 1617; x_wconf 77' lang='lat' dir='ltr'>Scies</span> <span class='ocrx_word' id='word_1_153' title='bbox 229 1596 241 1622; x_wconf 92' lang='lat'>‚·</span> <span class='ocrx_word' id='word_1_154' title='bbox 260 1596 332 1617; x_wconf 81' lang='lat' dir='ltr'>nam</span> <span class='ocrx_word' id='word_1_155' title='bbox 343 1597 438 1627; x_wconf 81' lang='lat' dir='ltr'>prope</span> <span class='ocrx_word' id='word_1_156' title='bbox 453 1587 512 1618; x_wconf 76' lang='lat' dir='ltr'>tibi</span> <span class='ocrx_word' id='word_1_157' title='bbox 519 1588 589 1626; x_wconf 81' lang='lat' dir='ltr'>jam</span> <span class='ocrx_word' id='word_1_158' title='bbox 605 1591 705 1620; x_wconf 77' lang='lat' dir='ltr'>credo.</span> <span class='ocrx_word' id='word_1_159' title='bbox 750 1591 820 1620; x_wconf 75' lang='lat' dir='ltr'>DA.</span> <span class='ocrx_word' id='word_1_160' title='bbox 840 1590 985 1630; x_wconf 79' lang='lat' dir='ltr'>Tandem,</span> <span class='ocrx_word' id='word_1_161' title='bbox 1000 1592 1052 1630; x_wconf 81' lang='lat' dir='ltr'>qui</span> <span class='ocrx_word' id='word_1_162' title='bbox 1065 1591 1138 1630; x_wconf 81' lang='lat' dir='ltr'>sim,</span> <span class='ocrx_word' id='word_1_163' title='bbox 1151 1593 1331 1630; x_wconf 79' lang='lat' dir='ltr'><em>cognovisti.</em></span> <span class='ocrx_word' id='word_1_164' title='bbox 1376 1594 1427 1624; x_wconf 70' lang='lat' dir='ltr'>Si.</span> <span class='ocrx_word' id='word_1_165' title='bbox 1449 1595 1589 1634; x_wconf 79' lang='lat' dir='ltr'>Nuptiae‚</span> 
     </span>
     <span class='ocr_line' id='line_1_23' title="bbox 126 1629 1588 1670; baseline 0.007 -12"><span class='ocrx_word' id='word_1_166' title='bbox 126 1637 203 1667; x_wconf 78' lang='lat' dir='ltr'>quus</span> <span class='ocrx_word' id='word_1_167' title='bbox 216 1629 354 1659; x_wconf 81' lang='lat' dir='ltr'><strong><em>dicebam</em></strong></span> <span class='ocrx_word' id='word_1_168' title='bbox 377 1639 423 1660; x_wconf 88' lang='lat' dir='ltr'>me</span> <span class='ocrx_word' id='word_1_169' title='bbox 443 1639 570 1670; x_wconf 80' lang='lat' dir='ltr'>parare,</span> <span class='ocrx_word' id='word_1_170' title='bbox 591 1641 652 1662; x_wconf 83' lang='lat' dir='ltr'>non</span> <span class='ocrx_word' id='word_1_171' title='bbox 669 1631 802 1669; x_wconf 79' lang='lat' dir='ltr'>fuerunt</span> <span class='ocrx_word' id='word_1_172' title='bbox 816 1632 951 1669; x_wconf 81' lang='lat' dir='ltr'>suturoe.</span> <span class='ocrx_word' id='word_1_173' title='bbox 995 1634 1064 1664; x_wconf 77' lang='lat' dir='ltr'>DA.</span> <span class='ocrx_word' id='word_1_174' title='bbox 1091 1633 1202 1669; x_wconf 71' lang='lat' dir='ltr'>Quid?</span> <span class='ocrx_word' id='word_1_175' title='bbox 1223 1635 1310 1668; x_wconf 78' lang='lat' dir='ltr'>non?</span> <span class='ocrx_word' id='word_1_176' title='bbox 1353 1637 1403 1668; x_wconf 89' lang='lat' dir='ltr'>S1.</span> <span class='ocrx_word' id='word_1_177' title='bbox 1427 1636 1490 1668; x_wconf 85' lang='lat' dir='ltr'>Sed</span> <span class='ocrx_word' id='word_1_178' title='bbox 1502 1647 1538 1667; x_wconf 85' lang='lat' dir='ltr'>ea</span> <span class='ocrx_word' id='word_1_179' title='bbox 1550 1639 1588 1668; x_wconf 87' lang='lat' dir='ltr'>de</span> 
     </span>
     <span class='ocr_line' id='line_1_24' title="bbox 126 1671 1586 1718; baseline 0.007 -18"><span class='ocrx_word' id='word_1_180' title='bbox 126 1681 219 1702; x_wconf 73' lang='lat' dir='ltr'>causa</span> <span class='ocrx_word' id='word_1_181' title='bbox 240 1671 386 1702; x_wconf 76' lang='lat' dir='ltr'>simulavi</span> <span class='ocrx_word' id='word_1_182' title='bbox 402 1682 453 1703; x_wconf 75' lang='lat' dir='ltr'>eas</span> <span class='ocrx_word' id='word_1_183' title='bbox 469 1683 540 1703; x_wconf 81' lang='lat' dir='ltr'>mox</span> <span class='ocrx_word' id='word_1_184' title='bbox 545 1673 723 1714; x_wconf 80' lang='lat' dir='ltr'>faciendus,</span> <span class='ocrx_word' id='word_1_185' title='bbox 739 1678 771 1704; x_wconf 77' lang='lat' dir='ltr'>ut</span> <span class='ocrx_word' id='word_1_186' title='bbox 788 1685 851 1714; x_wconf 78' lang='lat' dir='ltr'>vos,</span> <span class='ocrx_word' id='word_1_187' title='bbox 867 1677 941 1715; x_wconf 80' lang='lat' dir='ltr'>quid</span> <span class='ocrx_word' id='word_1_188' title='bbox 957 1677 1054 1706; x_wconf 78' lang='lat' dir='ltr'>animi</span> <span class='ocrx_word' id='word_1_189' title='bbox 1070 1677 1226 1707; x_wconf 78' lang='lat' dir='ltr'>haberetis</span> <span class='ocrx_word' id='word_1_190' title='bbox 1247 1680 1288 1708; x_wconf 83' lang='lat' dir='ltr'>ad</span> <span class='ocrx_word' id='word_1_191' title='bbox 1302 1689 1364 1717; x_wconf 82' lang='lat' dir='ltr'>eus,</span> <span class='ocrx_word' id='word_1_192' title='bbox 1381 1680 1586 1718; x_wconf 77' lang='lat' dir='ltr'>explorarem.</span> 
     </span>
     <span class='ocr_line' id='line_1_25' title="bbox 127 1712 1588 1761; baseline 0.007 -18"><span class='ocrx_word' id='word_1_193' title='bbox 127 1714 200 1744; x_wconf 75' lang='lat' dir='ltr'>DA.</span> <span class='ocrx_word' id='word_1_194' title='bbox 225 1714 311 1749; x_wconf 68' lang='lat' dir='ltr'>Quid</span> <span class='ocrx_word' id='word_1_195' title='bbox 336 1712 408 1745; x_wconf 80' lang='lat' dir='ltr'>ais?</span> <span class='ocrx_word' id='word_1_196' title='bbox 452 1715 504 1746; x_wconf 73' lang='lat' dir='ltr'>Si.</span> <span class='ocrx_word' id='word_1_197' title='bbox 527 1715 582 1746; x_wconf 80' lang='lat' dir='ltr'>Sic</span> <span class='ocrx_word' id='word_1_198' title='bbox 610 1726 661 1747; x_wconf 86' lang='lat' dir='ltr'>res</span> <span class='ocrx_word' id='word_1_199' title='bbox 687 1727 718 1748; x_wconf 84' lang='lat' dir='ltr'>se</span> <span class='ocrx_word' id='word_1_200' title='bbox 745 1717 845 1749; x_wconf 72' lang='lat' dir='ltr'>habet.</span> <span class='ocrx_word' id='word_1_201' title='bbox 891 1719 961 1749; x_wconf 80' lang='lat' dir='ltr'>DA.</span> <span class='ocrx_word' id='word_1_202' title='bbox 991 1719 1081 1751; x_wconf 84' lang='lat' dir='ltr'>Vide.</span> <span class='ocrx_word' id='word_1_203' title='bbox 1131 1719 1301 1760; x_wconf 77' lang='lat' dir='ltr'>Nunquam</span> <span class='ocrx_word' id='word_1_204' title='bbox 1329 1732 1385 1761; x_wconf 84' lang='lat' dir='ltr'>ego</span> <span class='ocrx_word' id='word_1_205' title='bbox 1413 1723 1588 1761; x_wconf 77' lang='lat' dir='ltr'>intelligere</span> 
     </span>
     <span class='ocr_line' id='line_1_26' title="bbox 126 1756 1588 1806; baseline 0.007 -20"><span class='ocrx_word' id='word_1_206' title='bbox 126 1756 216 1796; x_wconf 77' lang='lat' dir='ltr'>potui</span> <span class='ocrx_word' id='word_1_207' title='bbox 237 1760 268 1787; x_wconf 87' lang='lat' dir='ltr'>te</span> <span class='ocrx_word' id='word_1_208' title='bbox 289 1757 323 1787; x_wconf 80' lang='lat' dir='ltr'>id</span> <span class='ocrx_word' id='word_1_209' title='bbox 342 1757 498 1790; x_wconf 83' lang='lat' dir='ltr'>simulare.</span> <span class='ocrx_word' id='word_1_210' title='bbox 549 1759 614 1790; x_wconf 83' lang='lat' dir='ltr'>Vah</span> <span class='ocrx_word' id='word_1_211' title='bbox 628 1760 790 1791; x_wconf 77' lang='lat' dir='ltr'>consilium</span> <span class='ocrx_word' id='word_1_212' title='bbox 814 1762 951 1800; x_wconf 79' lang='lat' dir='ltr'>prudeus</span> <span class='ocrx_word' id='word_1_213' title='bbox 976 1765 1006 1793; x_wconf 82' lang='lat' dir='ltr'>ct</span> <span class='ocrx_word' id='word_1_214' title='bbox 1028 1763 1179 1794; x_wconf 81' lang='lat' dir='ltr'>caucum!</span> <span class='ocrx_word' id='word_1_215' title='bbox 1224 1764 1275 1795; x_wconf 73' lang='grc' dir='ltr'>δι.</span> <span class='ocrx_word' id='word_1_216' title='bbox 1296 1764 1404 1796; x_wconf 80' lang='lat' dir='ltr'>Audz&#39;:</span> <span class='ocrx_word' id='word_1_217' title='bbox 1425 1769 1588 1806; x_wconf 73' lang='lat' dir='ltr'><em>postquam</em></span> 
     </span>
    </p>
   </div>
   <div class='ocr_carea' id='block_1_10' title="bbox 740 1854 974 1866">
    <p class='ocr_par' dir='ltr' id='par_1_12' title="bbox 740 1854 974 1866">
     <span class='ocr_line' id='line_1_27' title="bbox 740 1854 974 1866; baseline 0.004 -1"><span class='ocrx_word' id='word_1_218' title='bbox 740 1854 974 1866; x_wconf 64' lang='lat' dir='ltr'>eeeeooemaee</span> 
     </span>
    </p>
   </div>
   <div class='ocr_carea' id='block_1_11' title="bbox 127 1919 1591 2478">
    <p class='ocr_par' dir='ltr' id='par_1_13' title="bbox 127 1919 1591 2478">
     <span class='ocr_line' id='line_1_28' title="bbox 128 1919 1587 1956; baseline 0.004 -6"><span class='ocrx_word' id='word_1_219' title='bbox 128 1919 209 1950; x_wconf 83' lang='lat' dir='ltr'>EM.</span> <span class='ocrx_word' id='word_1_220' title='bbox 238 1920 399 1951; x_wconf 67' lang='lat' dir='ltr'>Cui-uxor</span> <span class='ocrx_word' id='word_1_221' title='bbox 412 1930 485 1951; x_wconf 82' lang='lat' dir='ltr'>non.</span> <span class='ocrx_word' id='word_1_222' title='bbox 530 1921 598 1952; x_wconf 92' lang='lat' dir='ltr'>Sed</span> <span class='ocrx_word' id='word_1_223' title='bbox 620 1922 678 1952; x_wconf 86' lang='lat' dir='ltr'>Er.</span> <span class='ocrx_word' id='word_1_224' title='bbox 696 1926 732 1953; x_wconf 88' lang='lat' dir='ltr'>et</span> <span class='ocrx_word' id='word_1_225' title='bbox 754 1923 799 1954; x_wconf 89' lang='lat' dir='ltr'>G.</span> <span class='ocrx_word' id='word_1_226' title='bbox 818 1923 856 1954; x_wconf 92' lang='lat' dir='ltr'>F.</span> <span class='ocrx_word' id='word_1_227' title='bbox 883 1923 1040 1955; x_wconf 86' lang='lat' dir='ltr'>recidunt</span> <span class='ocrx_word' id='word_1_228' title='bbox 1059 1922 1095 1954; x_wconf 77' lang='grc' dir='ltr'>τὸ</span> <span class='ocrx_word' id='word_1_229' title='bbox 1116 1934 1207 1955; x_wconf 72' lang='lat' dir='ltr'>uxor.</span> <span class='ocrx_word' id='word_1_230' title='bbox 1252 1923 1307 1954; x_wconf 89' lang='lat' dir='ltr'>Id.</span> <span class='ocrx_word' id='word_1_231' title='bbox 1329 1924 1363 1955; x_wconf 87' lang='lat' dir='ltr'>in</span> <span class='ocrx_word' id='word_1_232' title='bbox 1381 1923 1472 1955; x_wconf 83' lang='lat' dir='ltr'>Add.</span> <span class='ocrx_word' id='word_1_233' title='bbox 1518 1925 1587 1956; x_wconf 82' lang='lat' dir='ltr'>Hic</span> 
     </span>
     <span class='ocr_line' id='line_1_29' title="bbox 128 1962 1591 2008; baseline 0.004 -16"><span class='ocrx_word' id='word_1_234' title='bbox 128 1971 245 1993; x_wconf 81' lang='lat' dir='ltr'>versus</span> <span class='ocrx_word' id='word_1_235' title='bbox 262 1962 318 1993; x_wconf 87' lang='lat' dir='ltr'>diu</span> <span class='ocrx_word' id='word_1_236' title='bbox 335 1964 471 1994; x_wconf 83' lang='lat' dir='ltr'>vexavit</span> <span class='ocrx_word' id='word_1_237' title='bbox 488 1963 793 2005; x_wconf 83' lang='lat' dir='ltr'>interpretes,jam</span> <span class='ocrx_word' id='word_1_238' title='bbox 809 1966 851 1997; x_wconf 83' lang='lat' dir='ltr'>ab</span> <span class='ocrx_word' id='word_1_239' title='bbox 865 1967 996 1997; x_wconf 85' lang='lat' dir='ltr'>Erasmi</span> <span class='ocrx_word' id='word_1_240' title='bbox 1014 1972 1130 1998; x_wconf 77' lang='lat' dir='ltr'>aetate.</span> <span class='ocrx_word' id='word_1_241' title='bbox 1157 1966 1225 1998; x_wconf 85' lang='lat' dir='ltr'>Sed</span> <span class='ocrx_word' id='word_1_242' title='bbox 1243 1968 1325 1997; x_wconf 84' lang='lat' dir='ltr'>tolle</span> <span class='ocrx_word' id='word_1_243' title='bbox 1343 1968 1424 1998; x_wconf 84' lang='lat' dir='ltr'>illud</span> <span class='ocrx_word' id='word_1_244' title='bbox 1441 1971 1476 1998; x_wconf 80' lang='lat' dir='ltr'>tu</span> <span class='ocrx_word' id='word_1_245' title='bbox 1491 1967 1591 2008; x_wconf 81' lang='lat' dir='ltr'>illum,</span> 
     </span>
     <span class='ocr_line' id='line_1_30' title="bbox 128 2005 1589 2050; baseline 0.005 -16"><span class='ocrx_word' id='word_1_246' title='bbox 128 2008 166 2035; x_wconf 83' lang='lat' dir='ltr'>et</span> <span class='ocrx_word' id='word_1_247' title='bbox 191 2005 372 2036; x_wconf 84' lang='lat' dir='ltr'>iambicum</span> <span class='ocrx_word' id='word_1_248' title='bbox 400 2010 638 2037; x_wconf 79' lang='lat' dir='ltr'>tetrametrum</span> <span class='ocrx_word' id='word_1_249' title='bbox 669 2008 822 2047; x_wconf 85' lang='lat' dir='ltr'>habebis,</span> <span class='ocrx_word' id='word_1_250' title='bbox 853 2010 971 2050; x_wconf 86' lang='lat' dir='ltr'>quales</span> <span class='ocrx_word' id='word_1_251' title='bbox 999 2020 1058 2040; x_wconf 86' lang='lat' dir='ltr'>sex</span> <span class='ocrx_word' id='word_1_252' title='bbox 1089 2010 1232 2050; x_wconf 83' lang='lat' dir='ltr'>priores.</span> <span class='ocrx_word' id='word_1_253' title='bbox 1263 2010 1359 2041; x_wconf 81' lang='lat' dir='ltr'>Bent.</span> <span class='ocrx_word' id='word_1_254' title='bbox 1406 2010 1589 2042; x_wconf 78' lang='lat' dir='ltr'>Accedunt</span> 
     </span>
     <span class='ocr_line' id='line_1_31' title="bbox 127 2047 1590 2093; baseline 0.005 -16"><span class='ocrx_word' id='word_1_255' title='bbox 127 2047 223 2079; x_wconf 84' lang='lat' dir='ltr'>Perl.</span> <span class='ocrx_word' id='word_1_256' title='bbox 240 2047 341 2078; x_wconf 83' lang='lat' dir='ltr'>Both.</span> <span class='ocrx_word' id='word_1_257' title='bbox 356 2048 412 2090; x_wconf 87' lang='lat' dir='ltr'>qui</span> <span class='ocrx_word' id='word_1_258' title='bbox 428 2058 506 2079; x_wconf 91' lang='lat' dir='ltr'>cum</span> <span class='ocrx_word' id='word_1_259' title='bbox 521 2049 624 2081; x_wconf 85' lang='lat' dir='ltr'>Bent.</span> <span class='ocrx_word' id='word_1_260' title='bbox 642 2054 678 2080; x_wconf 91' lang='lat' dir='ltr'>et</span> <span class='ocrx_word' id='word_1_261' title='bbox 694 2050 734 2082; x_wconf 85' lang='lat' dir='ltr'>Z.</span> <span class='ocrx_word' id='word_1_262' title='bbox 751 2051 900 2084; x_wconf 80' lang='lat' dir='ltr'>retinent</span> <span class='ocrx_word' id='word_1_263' title='bbox 915 2051 953 2082; x_wconf 78' lang='grc' dir='ltr'>τὸ</span> <span class='ocrx_word' id='word_1_264' title='bbox 968 2062 1068 2083; x_wconf 79' lang='lat' dir='ltr'><em>uxor:</em></span> <span class='ocrx_word' id='word_1_265' title='bbox 1091 2058 1128 2083; x_wconf 89' lang='lat' dir='ltr'>ut</span> <span class='ocrx_word' id='word_1_266' title='bbox 1149 2057 1185 2083; x_wconf 83' lang='lat' dir='ltr'>et</span> <span class='ocrx_word' id='word_1_267' title='bbox 1208 2053 1268 2083; x_wconf 72' lang='grc' dir='ltr'>ΒΓ.</span> <span class='ocrx_word' id='word_1_268' title='bbox 1285 2054 1341 2093; x_wconf 86' lang='lat' dir='ltr'>qui</span> <span class='ocrx_word' id='word_1_269' title='bbox 1358 2053 1443 2093; x_wconf 79' lang='lat' dir='ltr'>legit</span> <span class='ocrx_word' id='word_1_270' title='bbox 1459 2054 1590 2084; x_wconf 82' lang='lat' dir='ltr'>accersi-</span> 
     </span>
     <span class='ocr_line' id='line_1_32' title="bbox 127 2090 1588 2136; baseline 0.005 -16"><span class='ocrx_word' id='word_1_271' title='bbox 127 2093 182 2120; x_wconf 74' lang='lat' dir='ltr'>tur</span> <span class='ocrx_word' id='word_1_272' title='bbox 196 2099 272 2121; x_wconf 89' lang='lat' dir='ltr'>cum</span> <span class='ocrx_word' id='word_1_273' title='bbox 288 2091 456 2122; x_wconf 81' lang='lat' dir='ltr'>Bent.—3</span> <span class='ocrx_word' id='word_1_274' title='bbox 483 2090 536 2122; x_wconf 87' lang='lat' dir='ltr'>Ne</span> <span class='ocrx_word' id='word_1_275' title='bbox 551 2093 560 2108; x_wconf 89' lang='lat'>‘</span> <span class='ocrx_word' id='word_1_276' title='bbox 575 2092 694 2123; x_wconf 88' lang='lat' dir='ltr'>Dave&#39;</span> <span class='ocrx_word' id='word_1_277' title='bbox 711 2093 744 2123; x_wconf 91' lang='lat' dir='ltr'>in</span> <span class='ocrx_word' id='word_1_278' title='bbox 761 2094 862 2124; x_wconf 78' lang='lat' dir='ltr'>Thesi</span> <span class='ocrx_word' id='word_1_279' title='bbox 878 2104 977 2134; x_wconf 82' lang='lat' dir='ltr'>paene</span> <span class='ocrx_word' id='word_1_280' title='bbox 994 2096 1038 2126; x_wconf 87' lang='lat' dir='ltr'>sit</span> <span class='ocrx_word' id='word_1_281' title='bbox 1061 2099 1203 2134; x_wconf 83' lang='lat' dir='ltr'>mutum,</span> <span class='ocrx_word' id='word_1_282' title='bbox 1230 2095 1306 2126; x_wconf 88' lang='lat' dir='ltr'>loca</span> <span class='ocrx_word' id='word_1_283' title='bbox 1322 2101 1399 2136; x_wconf 79' lang='lat' dir='ltr'>post</span> <span class='ocrx_word' id='word_1_284' title='bbox 1424 2097 1432 2112; x_wconf 90' lang='lat'>‘</span> <span class='ocrx_word' id='word_1_285' title='bbox 1451 2095 1509 2126; x_wconf 85' lang='lat' dir='ltr'>abs</span> <span class='ocrx_word' id='word_1_286' title='bbox 1529 2096 1588 2127; x_wconf 85' lang='lat' dir='ltr'>te.’</span> 
     </span>
     <span class='ocr_line' id='line_1_33' title="bbox 127 2132 1587 2178; baseline 0.005 -16"><span class='ocrx_word' id='word_1_287' title='bbox 127 2132 225 2163; x_wconf 79' lang='lat' dir='ltr'>Bent-</span> <span class='ocrx_word' id='word_1_288' title='bbox 270 2133 328 2164; x_wconf 84' lang='lat' dir='ltr'>Ita</span> <span class='ocrx_word' id='word_1_289' title='bbox 342 2134 426 2164; x_wconf 82' lang='lat' dir='ltr'>dant</span> <span class='ocrx_word' id='word_1_290' title='bbox 440 2134 541 2164; x_wconf 80' lang='lat' dir='ltr'>Roth.</span> <span class='ocrx_word' id='word_1_291' title='bbox 557 2135 717 2166; x_wconf 61' lang='lat' dir='ltr'>Fert—6</span> <span class='ocrx_word' id='word_1_292' title='bbox 741 2135 891 2167; x_wconf 74' lang='lat' dir='ltr'>plusculi</span> <span class='ocrx_word' id='word_1_293' title='bbox 921 2138 1004 2168; x_wconf 87' lang='lat' dir='ltr'><strong>Mss.</strong></span> <span class='ocrx_word' id='word_1_294' title='bbox 1032 2143 1067 2169; x_wconf 84' lang='lat' dir='ltr'>et</span> <span class='ocrx_word' id='word_1_295' title='bbox 1095 2137 1263 2168; x_wconf 74' lang='lat' dir='ltr'>editorum</span> <span class='ocrx_word' id='word_1_296' title='bbox 1293 2139 1524 2178; x_wconf 77' lang='lat' dir='ltr'>probatiSsimi</span> <span class='ocrx_word' id='word_1_297' title='bbox 1542 2140 1587 2169; x_wconf 86' lang='lat' dir='ltr'>le-</span> 
     </span>
     <span class='ocr_line' id='line_1_34' title="bbox 130 2175 1588 2222; baseline 0.005 -17"><span class='ocrx_word' id='word_1_298' title='bbox 130 2179 226 2215; x_wconf 84' lang='lat' dir='ltr'>gunt,</span> <span class='ocrx_word' id='word_1_299' title='bbox 244 2176 329 2211; x_wconf 77' lang='lat' dir='ltr'>Quid</span> <span class='ocrx_word' id='word_1_300' title='bbox 342 2175 412 2208; x_wconf 74' lang='lat' dir='ltr'>est?</span> <span class='ocrx_word' id='word_1_301' title='bbox 459 2177 608 2207; x_wconf 77' lang='lat' dir='ltr'>Mettum</span> <span class='ocrx_word' id='word_1_302' title='bbox 627 2178 776 2218; x_wconf 84' lang='lat' dir='ltr'>postulat</span> <span class='ocrx_word' id='word_1_303' title='bbox 794 2177 905 2214; x_wconf 78' lang='lat' dir='ltr'>Quid?</span> <span class='ocrx_word' id='word_1_304' title='bbox 929 2181 1036 2212; x_wconf 86' lang='lat' dir='ltr'>West.</span> <span class='ocrx_word' id='word_1_305' title='bbox 1060 2181 1116 2222; x_wconf 91' lang='lat' dir='ltr'>qui</span> <span class='ocrx_word' id='word_1_306' title='bbox 1141 2186 1256 2211; x_wconf 84' lang='lat' dir='ltr'>monet</span> <span class='ocrx_word' id='word_1_307' title='bbox 1283 2181 1314 2211; x_wconf 85' lang='lat' dir='ltr'>in</span> <span class='ocrx_word' id='word_1_308' title='bbox 1340 2180 1520 2212; x_wconf 84' lang='lat' dir='ltr'>Addendis</span> <span class='ocrx_word' id='word_1_309' title='bbox 1544 2182 1588 2213; x_wconf 90' lang='lat' dir='ltr'>G.</span> 
     </span>
     <span class='ocr_line' id='line_1_35' title="bbox 129 2217 1587 2263; baseline 0.004 -14"><span class='ocrx_word' id='word_1_310' title='bbox 129 2217 203 2250; x_wconf 83' lang='lat' dir='ltr'>ET.</span> <span class='ocrx_word' id='word_1_311' title='bbox 223 2218 302 2250; x_wconf 79' lang='lat' dir='ltr'>EM.</span> <span class='ocrx_word' id='word_1_312' title='bbox 319 2219 434 2259; x_wconf 85' lang='lat' dir='ltr'>legere</span> <span class='ocrx_word' id='word_1_313' title='bbox 452 2219 538 2255; x_wconf 85' lang='lat' dir='ltr'>Quid</span> <span class='ocrx_word' id='word_1_314' title='bbox 553 2218 625 2251; x_wconf 78' lang='lat' dir='ltr'>est?</span> <span class='ocrx_word' id='word_1_315' title='bbox 669 2220 805 2252; x_wconf 85' lang='lat' dir='ltr'>Absunt</span> <span class='ocrx_word' id='word_1_316' title='bbox 828 2222 932 2253; x_wconf 83' lang='lat' dir='ltr'>verba</span> <span class='ocrx_word' id='word_1_317' title='bbox 953 2223 1022 2263; x_wconf 85' lang='lat' dir='ltr'>huj.</span> <span class='ocrx_word' id='word_1_318' title='bbox 1039 2233 1088 2254; x_wconf 84' lang='lat' dir='ltr'>vs.</span> <span class='ocrx_word' id='word_1_319' title='bbox 1106 2228 1183 2263; x_wconf 84' lang='lat' dir='ltr'>post</span> <span class='ocrx_word' id='word_1_320' title='bbox 1206 2228 1214 2240; x_wconf 90' lang='lat'><em>‘</em></span> <span class='ocrx_word' id='word_1_321' title='bbox 1231 2223 1341 2254; x_wconf 83' lang='lat' dir='ltr'>dicam</span> <span class='ocrx_word' id='word_1_322' title='bbox 1353 2224 1361 2237; x_wconf 85' lang='lat'>&#39;</span> <span class='ocrx_word' id='word_1_323' title='bbox 1386 2234 1405 2255; x_wconf 90' lang='lat' dir='ltr'>a</span> <span class='ocrx_word' id='word_1_324' title='bbox 1423 2223 1540 2256; x_wconf 88' lang='lat' dir='ltr'>Guelf.</span> <span class='ocrx_word' id='word_1_325' title='bbox 1555 2227 1587 2255; x_wconf 87' lang='grc'>2.</span> 
     </span>
     <span class='ocr_line' id='line_1_36' title="bbox 129 2260 1587 2307; baseline 0.003 -16"><span class='ocrx_word' id='word_1_326' title='bbox 129 2262 192 2291; x_wconf 87' lang='grc'>-7</span> <span class='ocrx_word' id='word_1_327' title='bbox 216 2260 286 2291; x_wconf 83' lang='lat' dir='ltr'>Alii</span> <span class='ocrx_word' id='word_1_328' title='bbox 302 2270 379 2293; x_wconf 89' lang='lat' dir='ltr'>cum</span> <span class='ocrx_word' id='word_1_329' title='bbox 394 2263 464 2293; x_wconf 85' lang='lat' dir='ltr'>Do.</span> <span class='ocrx_word' id='word_1_330' title='bbox 481 2262 576 2293; x_wconf 75' lang='lat' dir='ltr'>habeo</span> <span class='ocrx_word' id='word_1_331' title='bbox 589 2262 660 2300; x_wconf 78' lang='lat' dir='ltr'>jam</span> <span class='ocrx_word' id='word_1_332' title='bbox 675 2263 746 2294; x_wconf 65' lang='lat' dir='ltr'>tibi.</span> <span class='ocrx_word' id='word_1_333' title='bbox 769 2265 878 2295; x_wconf 88' lang='lat' dir='ltr'>West.</span> <span class='ocrx_word' id='word_1_334' title='bbox 922 2265 1012 2296; x_wconf 79' lang='lat' dir='ltr'>Illud</span> <span class='ocrx_word' id='word_1_335' title='bbox 1029 2266 1099 2304; x_wconf 79' lang='lat' dir='ltr'>tihi,</span> <span class='ocrx_word' id='word_1_336' title='bbox 1114 2266 1203 2307; x_wconf 87' lang='lat' dir='ltr'>quod</span> <span class='ocrx_word' id='word_1_337' title='bbox 1221 2276 1355 2297; x_wconf 86' lang='lat' dir='ltr'>versum</span> <span class='ocrx_word' id='word_1_338' title='bbox 1373 2267 1457 2298; x_wconf 88' lang='lat' dir='ltr'>adeo</span> <span class='ocrx_word' id='word_1_339' title='bbox 1475 2266 1587 2298; x_wconf 82' lang='lat' dir='ltr'>defor-</span> 
     </span>
     <span class='ocr_line' id='line_1_37' title="bbox 127 2305 1589 2348; baseline 0.005 -15"><span class='ocrx_word' id='word_1_340' title='bbox 127 2307 215 2341; x_wconf 82' lang='lat' dir='ltr'>mat,</span> <span class='ocrx_word' id='word_1_341' title='bbox 237 2313 304 2334; x_wconf 83' lang='lat' dir='ltr'>non</span> <span class='ocrx_word' id='word_1_342' title='bbox 331 2309 383 2336; x_wconf 84' lang='lat' dir='ltr'>est</span> <span class='ocrx_word' id='word_1_343' title='bbox 407 2314 483 2336; x_wconf 89' lang='lat' dir='ltr'>cum</span> <span class='ocrx_word' id='word_1_344' title='bbox 510 2305 641 2337; x_wconf 65' lang='lat' dir='ltr'>Faerno</span> <span class='ocrx_word' id='word_1_345' title='bbox 657 2316 676 2337; x_wconf 85' lang='lat' dir='ltr'>e</span> <span class='ocrx_word' id='word_1_346' title='bbox 692 2306 894 2347; x_wconf 84' lang='lat' dir='ltr'>quibusdam</span> <span class='ocrx_word' id='word_1_347' title='bbox 921 2308 1021 2339; x_wconf 90' lang='lat' dir='ltr'>codd.</span> <span class='ocrx_word' id='word_1_348' title='bbox 1045 2309 1265 2340; x_wconf 88' lang='lat' dir='ltr'>evocandum.</span> <span class='ocrx_word' id='word_1_349' title='bbox 1312 2310 1486 2348; x_wconf 82' lang='lat' dir='ltr'>Ceterum,</span> <span class='ocrx_word' id='word_1_350' title='bbox 1511 2320 1589 2341; x_wconf 87' lang='lat' dir='ltr'>cum</span> 
     </span>
     <span class='ocr_line' id='line_1_38' title="bbox 130 2346 1589 2391; baseline 0.005 -15"><span class='ocrx_word' id='word_1_351' title='bbox 130 2346 139 2362; x_wconf 91' lang='lat'>‘</span> <span class='ocrx_word' id='word_1_352' title='bbox 155 2346 322 2377; x_wconf 79' lang='lat' dir='ltr'>Tandem’</span> <span class='ocrx_word' id='word_1_353' title='bbox 345 2347 470 2378; x_wconf 80' lang='lat' dir='ltr'>habeat</span> <span class='ocrx_word' id='word_1_354' title='bbox 487 2348 589 2379; x_wconf 87' lang='lat' dir='ltr'>ictum</span> <span class='ocrx_word' id='word_1_355' title='bbox 611 2350 642 2379; x_wconf 91' lang='lat' dir='ltr'>in</span> <span class='ocrx_word' id='word_1_356' title='bbox 661 2350 822 2388; x_wconf 86' lang='lat' dir='ltr'>secunda,</span> <span class='ocrx_word' id='word_1_357' title='bbox 848 2351 924 2390; x_wconf 84' lang='lat' dir='ltr'>lege</span> <span class='ocrx_word' id='word_1_358' title='bbox 950 2361 1024 2382; x_wconf 80' lang='lat' dir='ltr'>cuni</span> <span class='ocrx_word' id='word_1_359' title='bbox 1049 2352 1332 2391; x_wconf 84' lang='lat' dir='ltr'>interrogatione,</span> <span class='ocrx_word' id='word_1_360' title='bbox 1359 2353 1495 2383; x_wconf 79' lang='lat' dir='ltr'>Tandem</span> <span class='ocrx_word' id='word_1_361' title='bbox 1518 2363 1589 2390; x_wconf 75' lang='lat' dir='ltr'>cog-</span> 
     </span>
     <span class='ocr_line' id='line_1_39' title="bbox 129 2388 1588 2433; baseline 0.005 -15"><span class='ocrx_word' id='word_1_362' title='bbox 129 2388 214 2418; x_wconf 78' lang='lat' dir='ltr'>nosti</span> <span class='ocrx_word' id='word_1_363' title='bbox 239 2389 293 2428; x_wconf 74' lang='lat' dir='ltr'>qui</span> <span class='ocrx_word' id='word_1_364' title='bbox 312 2389 415 2421; x_wconf 76' lang='lat' dir='ltr'>siem?</span> <span class='ocrx_word' id='word_1_365' title='bbox 438 2391 538 2421; x_wconf 84' lang='lat' dir='ltr'>Bent.</span> <span class='ocrx_word' id='word_1_366' title='bbox 585 2390 732 2422; x_wconf 84' lang='lat' dir='ltr'>Omnino</span> <span class='ocrx_word' id='word_1_367' title='bbox 749 2393 902 2433; x_wconf 78' lang='lat' dir='ltr'>sequitur</span> <span class='ocrx_word' id='word_1_368' title='bbox 918 2393 1010 2425; x_wconf 74' lang='lat' dir='ltr'>Peri.</span> <span class='ocrx_word' id='word_1_369' title='bbox 1057 2395 1106 2425; x_wconf 92' lang='lat' dir='ltr'>Eo</span> <span class='ocrx_word' id='word_1_370' title='bbox 1124 2395 1278 2433; x_wconf 79' lang='lat' dir='ltr'>Botbius,</span> <span class='ocrx_word' id='word_1_371' title='bbox 1302 2400 1338 2426; x_wconf 86' lang='lat' dir='ltr'>ut</span> <span class='ocrx_word' id='word_1_372' title='bbox 1359 2396 1495 2426; x_wconf 83' lang='lat' dir='ltr'>omittat</span> <span class='ocrx_word' id='word_1_373' title='bbox 1520 2396 1588 2426; x_wconf 81' lang='lat' dir='ltr'>libi.</span> 
     </span>
     <span class='ocr_line' id='line_1_40' title="bbox 127 2431 1589 2478; baseline 0.005 -17"><span class='ocrx_word' id='word_1_374' title='bbox 127 2431 206 2461; x_wconf 77' lang='lat' dir='ltr'><em>-Iam</em></span> <span class='ocrx_word' id='word_1_375' title='bbox 220 2441 282 2473; x_wconf 83' lang='lat' dir='ltr'>pro</span> <span class='ocrx_word' id='word_1_376' title='bbox 298 2432 384 2463; x_wconf 85' lang='lat' dir='ltr'>Nam</span> <span class='ocrx_word' id='word_1_377' title='bbox 399 2433 516 2465; x_wconf 85' lang='lat' dir='ltr'>Guelf.</span> <span class='ocrx_word' id='word_1_378' title='bbox 534 2436 655 2466; x_wconf 89' lang='grc'><strong>2.-10</strong></span> <span class='ocrx_word' id='word_1_379' title='bbox 678 2435 726 2466; x_wconf 83' lang='lat' dir='ltr'>Ut</span> <span class='ocrx_word' id='word_1_380' title='bbox 741 2435 831 2466; x_wconf 82' lang='lat' dir='ltr'>ictus</span> <span class='ocrx_word' id='word_1_381' title='bbox 852 2437 895 2467; x_wconf 86' lang='lat' dir='ltr'>sit</span> <span class='ocrx_word' id='word_1_382' title='bbox 912 2436 945 2467; x_wconf 91' lang='lat' dir='ltr'>in</span> <span class='ocrx_word' id='word_1_383' title='bbox 970 2437 978 2453; x_wconf 88' lang='lat'>‘</span> <span class='ocrx_word' id='word_1_384' title='bbox 994 2437 1081 2477; x_wconf 86' lang='lat' dir='ltr'>eg0,’</span> <span class='ocrx_word' id='word_1_385' title='bbox 1108 2447 1198 2478; x_wconf 83' lang='lat' dir='ltr'>pone</span> <span class='ocrx_word' id='word_1_386' title='bbox 1222 2448 1299 2469; x_wconf 86' lang='lat' dir='ltr'>cum</span> <span class='ocrx_word' id='word_1_387' title='bbox 1326 2448 1391 2469; x_wconf 90' lang='lat' dir='ltr'>uno</span> <span class='ocrx_word' id='word_1_388' title='bbox 1407 2439 1482 2470; x_wconf 89' lang='lat' dir='ltr'>cod.</span> <span class='ocrx_word' id='word_1_389' title='bbox 1510 2439 1589 2469; x_wconf 74' lang='lat' dir='ltr'>istuc</span> 
     </span>
    </p>
   </div>
   <div class='ocr_carea' id='block_1_12' title="bbox 794 2533 933 2565">
    <p class='ocr_par' dir='ltr' id='par_1_14' title="bbox 794 2533 933 2565">
     <span class='ocr_line' id='line_1_41' title="bbox 794 2533 933 2565; baseline 0 0"><span class='ocrx_word' id='word_1_390' title='bbox 794 2533 933 2565; x_wconf 82' lang='lat' dir='ltr'>NOTAE</span> 
     </span>
    </p>
   </div>
   <div class='ocr_carea' id='block_1_13' title="bbox 134 2611 1590 2802">
    <p class='ocr_par' dir='ltr' id='par_1_15' title="bbox 134 2611 1590 2802">
     <span class='ocr_line' id='line_1_42' title="bbox 173 2611 1590 2656; baseline 0.004 -15"><span class='ocrx_word' id='word_1_391' title='bbox 173 2613 195 2641; x_wconf 79' lang='lat'>2</span> <span class='ocrx_word' id='word_1_392' title='bbox 218 2611 295 2642; x_wconf 80' lang='lat' dir='ltr'>Jam</span> <span class='ocrx_word' id='word_1_393' title='bbox 309 2611 552 2652; x_wconf 73' lang='lat' dir='ltr'>advesperascit]</span> <span class='ocrx_word' id='word_1_394' title='bbox 577 2613 629 2644; x_wconf 76' lang='lat' dir='ltr'>Ex</span> <span class='ocrx_word' id='word_1_395' title='bbox 655 2614 724 2644; x_wconf 83' lang='lat' dir='ltr'>ritu</span> <span class='ocrx_word' id='word_1_396' title='bbox 748 2623 832 2653; x_wconf 88' lang='lat' dir='ltr'>nup-</span> <span class='ocrx_word' id='word_1_397' title='bbox 934 2616 972 2645; x_wconf 86' lang='lat'>10</span> <span class='ocrx_word' id='word_1_398' title='bbox 1001 2613 1083 2654; x_wconf 81' lang='lat' dir='ltr'><strong><em>Vah]</em></strong></span> <span class='ocrx_word' id='word_1_399' title='bbox 1113 2613 1319 2656; x_wconf 84' lang='lat' dir='ltr'>Interjectio</span> <span class='ocrx_word' id='word_1_400' title='bbox 1347 2622 1399 2647; x_wconf 86' lang='lat' dir='ltr'>est</span> <span class='ocrx_word' id='word_1_401' title='bbox 1426 2616 1590 2654; x_wconf 70' lang='lat' dir='ltr'>laetantis,</span> 
     </span>
     <span class='ocr_line' id='line_1_43' title="bbox 134 2661 1590 2705; baseline 0.003 -14"><span class='ocrx_word' id='word_1_402' title='bbox 134 2661 333 2692; x_wconf 81' lang='lat' dir='ltr'>tiarumhoc</span> <span class='ocrx_word' id='word_1_403' title='bbox 350 2661 476 2693; x_wconf 87' lang='lat' dir='ltr'>dictum</span> <span class='ocrx_word' id='word_1_404' title='bbox 494 2668 559 2693; x_wconf 87' lang='lat' dir='ltr'>est.</span> <span class='ocrx_word' id='word_1_405' title='bbox 605 2663 721 2694; x_wconf 83' lang='lat' dir='ltr'>Noetu</span> <span class='ocrx_word' id='word_1_406' title='bbox 745 2664 834 2694; x_wconf 80' lang='lat' dir='ltr'>enim</span> <span class='ocrx_word' id='word_1_407' title='bbox 890 2664 1075 2700; x_wconf 49' lang='lat' dir='ltr'>irridenti&amp;</span> <span class='ocrx_word' id='word_1_408' title='bbox 1112 2665 1318 2704; x_wconf 61' lang='lat' dir='ltr'>hunuanus,</span> <span class='ocrx_word' id='word_1_409' title='bbox 1355 2666 1522 2705; x_wconf 70' lang='grc' dir='ltr'><strong>ιιιίηιηῑίε,</strong></span> <span class='ocrx_word' id='word_1_410' title='bbox 1555 2671 1590 2697; x_wconf 70' lang='lat' dir='ltr'>et</span> 
     </span>
     <span class='ocr_line' id='line_1_44' title="bbox 135 2711 1380 2757; baseline 0.006 -16"><span class='ocrx_word' id='word_1_411' title='bbox 135 2716 221 2741; x_wconf 78' lang='lat' dir='ltr'>uxor</span> <span class='ocrx_word' id='word_1_412' title='bbox 249 2711 440 2743; x_wconf 84' lang='lat' dir='ltr'>ducebatur</span> <span class='ocrx_word' id='word_1_413' title='bbox 478 2712 512 2743; x_wconf 91' lang='lat' dir='ltr'>in</span> <span class='ocrx_word' id='word_1_414' title='bbox 543 2712 677 2744; x_wconf 87' lang='lat' dir='ltr'>domum</span> <span class='ocrx_word' id='word_1_415' title='bbox 708 2713 834 2754; x_wconf 76' lang='lat' dir='ltr'>mariti,</span> <span class='ocrx_word' id='word_1_416' title='bbox 890 2714 1108 2757; x_wconf 73' lang='lat' dir='ltr'>blandientis,</span> <span class='ocrx_word' id='word_1_417' title='bbox 1123 2716 1233 2757; x_wconf 82' lang='lat' dir='ltr'>qualis</span> <span class='ocrx_word' id='word_1_418' title='bbox 1248 2716 1302 2747; x_wconf 84' lang='lat' dir='ltr'>hic</span> <span class='ocrx_word' id='word_1_419' title='bbox 1318 2722 1380 2749; x_wconf 83' lang='lat' dir='ltr'>est.</span> 
     </span>
     <span class='ocr_line' id='line_1_45' title="bbox 134 2762 445 2802; baseline 0.01 -10"><span class='ocrx_word' id='word_1_420' title='bbox 134 2763 286 2802; x_wconf 78' lang='lat' dir='ltr'>praelatis</span> <span class='ocrx_word' id='word_1_421' title='bbox 303 2762 445 2795; x_wconf 76' lang='lat' dir='ltr'>facibus,</span> 
     </span>
    </p>
   </div>
  </div>
 </body>
</html>
