1976 3296
370 249 424 288 20
955 260 979 288 P
990 258 1060 287 [ms
1071 257 1228 287 FA‘rlo.

372 354 616 397 Comoediis
645 357 900 406 argumenta
932 351 1269 405 praemittuntur,
1300 349 1445 390 soluto
1482 361 1681 390 sermone
1714 359 1820 389 con-

380 423 512 471 fecta,
534 422 590 462 ab
611 420 742 461 editis
763 420 952 475 diversa.
1012 417 1225 458 Codicem
1258 415 1442 456 inchoat
1475 414 1576 457 Vita
1607 415 1821 466 Terentii,

371 503 505 543 quam
522 502 579 529 ex
599 487 754 529 codice
778 478 1020 527 Oxoniensi
1043 485 1099 525 ab
1121 483 1285 524 Abrah.
1306 483 1533 524 Gronovio
1554 483 1821 536 descriptam

368 556 424 597 A.
441 557 502 597 H.
518 554 848 597 westerhovius
870 553 1055 594 editioni
1077 552 1223 604 Hagae
1242 551 1402 592 Comit.
1423 551 1548 592 1726.
1567 553 1819 604 procuratae

367 624 545 665 inseruit
576 635 677 675 pag.
701 632 877 661 XXXII.
908 631 952 661 et
985 629 1181 659 XXX111.
1241 617 1378 659 Vitiis
1411 618 1700 672 apographon
1733 617 1818 658 hoc

367 691 639 743 inquinatum
663 701 763 729 esse
784 700 926 740 neque
947 685 1295 735 &Vesterhoviuffi
1323 698 1480 738 neque,
1513 686 1590 739 qui
1619 685 1818 727 Westcr-

366 757 599 798 hovianam
615 756 853 796 editionem
874 754 1044 807 Lipsiae
1062 753 1249 807 repetiit,
1279 753 1477 793 Zeunius
1497 766 1537 793 a.
1559 753 1685 794 1774.
1707 752 1818 793 odo-

366 830 487 866 ratus
507 829 589 864 est.
624 823 798 864 Plenior
814 827 859 863 et
878 821 1123 862 accuratior
1142 820 1272 874 hujus
1290 820 1411 862 Vitae
1434 820 1568 862 editio
1588 833 1644 861 ex
1664 826 1818 860 nostro

368 893 521 933 codice
542 904 655 932 nunc
674 890 862 943 prodiit;
894 895 1031 942 atque
1049 889 1119 929 vel
1149 889 1284 942 plane
1305 901 1389 929 non
1407 888 1477 929 vel
1498 891 1702 929 accurate
1723 899 1819 927 eam

367 960 578 1001 edendam
602 959 753 1007 fuisse,
775 957 1022 998 concedent
1058 969 1225 1005 omnes,
1250 956 1324 1009 qui
1360 956 1638 1009 antiquarum
1671 954 1819 995 litera-

367 1040 464 1068 rum
486 1040 569 1067 non
592 1026 724 1079 plane
746 1025 880 1066 rudes
902 1028 1017 1064 sunt.
1069 1021 1183 1072 Quis
1203 1022 1333 1076 hujus
1353 1023 1475 1064 Vitae
1496 1026 1648 1063 auctor
1669 1020 1819 1071 suerit,

365 1107 452 1135 non
472 1094 625 1147 liquet.
685 1093 748 1142 Si,
782 1093 860 1145 qui
878 1095 1177 1143 argumentum
1196 1089 1393 1139 Andriae,
1416 1090 1536 1144 quod
1563 1091 1610 1130 in
1630 1088 1820 1130 editione

366 1167 520 1203 nostra
541 1174 641 1201 cum
661 1159 773 1200 Vita
792 1159 987 1199 Terentii
1010 1157 1297 1208 connectitur,
1331 1158 1526 1212 scripsit,
1562 1157 1697 1198 etiam
1718 1168 1819 1197 auc·

366 1235 434 1270 tor
458 1229 580 1270 Vitae
610 1227 822 1277 Terentii,
843 1240 944 1281 quae
968 1226 1194 1280 praecedit,
1215 1225 1441 1266 habendus
1474 1231 1553 1273 est,
1576 1223 1695 1278 quod
1721 1235 1820 1276 per-

368 1310 501 1351 quam
521 1295 761 1337 verisimile
782 1299 865 1343 est,
896 1293 1187 1347 EugraphiuS,
1221 1292 1297 1345 qui
1317 1292 1430 1333 vixit
1450 1291 1620 1333 saeculo
1644 1290 1818 1331 decimo

369 1365 434 1420 (v.
456 1369 611 1406 testem
647 1363 691 1403 in
724 1362 826 1402 edit.
860 1360 999 1401 Zeun.
1033 1374 1078 1413 p.
1102 1357 1234 1413 XX.),
1265 1358 1421 1400 Vitam
1454 1359 1643 1413 scripsit.
1703 1357 1823 1398 Nam

368 1436 601 1486 postrema
620 1429 750 1483 hujus
772 1427 1018 1480 argumenti
1039 1427 1198 1468 verba:
1230 1431 1241 1447 ‘
1260 1426 1411 1467 Verba
1440 1430 1540 1467 sunt
1570 1425 1821 1479 Caliopii—

369 1496 598 1553 plaudite‚'
630 1496 828 1538 Faernus
865 1499 1013 1549 aperte
1035 1495 1188 1535 tribuit
1209 1494 1461 1547 Eugraphio
1483 1494 1528 1534 in
1548 1498 1654 1534 nota
1676 1493 1731 1533 ad
1753 1494 1821 1534 ul-

368 1568 522 1607 timum
544 1578 719 1606 versum
741 1563 940 1612 Andriae,
963 1575 1093 1616 quam
1119 1562 1217 1614 lege
1242 1563 1287 1602 in
1308 1561 1413 1602 edit.
1435 1560 1708 1601 Bentleiana
1733 1561 1822 1601 Te·-

368 1635 498 1675 rentii
522 1634 649 1686 Lips.
670 1633 798 1673 1791.
818 1644 977 1672 recusa
997 1644 1041 1683 p.
1062 1630 1132 1670 95.
1166 1629 1284 1670 Ante
1296 1629 1591 1678 Petrarcham,
1613 1629 1687 1681 qui
1708 1629 1823 1669 vixit
1880 1638 1883 1639 ’

369 1712 596 1743 saec.X1V.
612 1707 840 1742 exaratam
857 1712 973 1748 esse,
991 1702 1115 1752 patet
1128 1711 1184 1738 ex
1200 1697 1345 1738 Dictis
1362 1696 1460 1750 ejus
1479 1696 1595 1749 apud
1604 1695 1822 1736 Westerh.

369 1782 468 1823 pag.
493 1779 682 1809 XXXIV.
703 1781 801 1821 sqq.
823 1766 1074 1819 complures
1105 1764 1311 1813 auctoris,
1344 1776 1471 1816 quem
1504 1763 1559 1802 ad
1589 1762 1823 1803 modernos

371 1836 548 1888 ablegat
575 1841 620 1876 et
641 1835 936 1876 scholasticos
958 1845 1096 1873 rerum
1128 1832 1319 1884 ignaros,
1351 1842 1519 1870 errores
1551 1829 1822 1880 castigantis.

373 1903 676 1945 Scholasticus
708 1915 810 1942 vero
845 1901 1025 1941 denotat
1055 1900 1197 1940 virum
1232 1898 1453 1951 dignitatis
1487 1896 1823 1945 ecclesiasticae,

372 1972 449 2024 qui
472 1971 637 2011 scholis
659 1968 978 2010 ecclesiasticis
997 1971 1200 2020 praeerat,
1216 1965 1280 2020 (v.
1303 1965 1477 2005 Fabric.
1498 1963 1709 2005 Biblioth.
1725 1962 1822 2004 Lat.

376 2051 405 2078 1.
426 2038 570 2078 33.11.
590 2038 682 2089 36.)
714 2050 801 2090 quo
823 2049 954 2077 sensu
976 2034 1221 2088 Caliopius,
1255 2033 1383 2085 cujus
1413 2032 1725 2080 recensionem,
1757 2036 1825 2071 ut-

372 2110 478 2158 pote
500 2105 692 2146 omnium
714 2105 929 2157 optimam
948 2102 1161 2151 habitam,
1180 2101 1324 2142 scriba
1346 2113 1470 2140 suam
1490 2099 1611 2148 fecit,
1632 2099 1826 2139 scholas-

373 2173 488 2212 ticus
519 2177 700 2213 vocatur
730 2172 773 2211 in
806 2171 891 2210 fine
928 2170 1111 2211 codicis.
1171 2169 1371 2210 Ceterum
1403 2166 1538 2208 Dicta
1578 2166 1827 2207 Petrarchae

376 2240 470 2279 sive
493 2239 545 2279 P.
567 2239 764 2279 Terentii
785 2238 897 2279 Vita
917 2237 970 2277 de
1003 2237 1149 2278 Dictis
1184 2237 1241 2277 D.
1262 2236 1314 2276 F.
1336 2233 1588 2275 Petrarchae
1625 2233 1827 2274 desumta

371 2318 429 2345 cx
451 2306 642 2346 editione
666 2304 990 2346 Mediolanensi
1011 2304 1138 2345 1476.
1170 2317 1256 2357 quo
1284 2302 1458 2342 nomine
1479 2300 1598 2354 apud
1627 2300 1825 2341 XVester-

373 2373 554 2413 hovium
574 2373 601 2412 l.
626 2385 662 2412 c.
683 2372 854 2424 legitur,
876 2374 999 2411 extat
1018 2371 1148 2411 etiam
1164 2371 1208 2410 in
1222 2370 1374 2410 codice
1391 2367 1692 2420 manuscripto
1715 2366 1825 2408 Vin—

376 2440 635 2488 dobonensi,
659 2451 787 2492 quem
811 2451 869 2477 ex
891 2437 1131 2477 Lambecio
1153 2436 1279 2477 affert
1301 2435 1476 2475 Fabric.
1493 2434 1519 2473 l.
1541 2446 1578 2474 c.
1602 2445 1633 2474 1.
1650 2433 1721 2474 31.
1742 2434 1826 2474 ibi-

375 2520 458 2559 que
479 2506 659 2546 laudata
689 2509 944 2558 argumenta
973 2504 1136 2544 inedita
1166 2503 1358 2544 omnium
1390 2501 1708 2542 comoediarum
1738 2500 1826 2540 sor-

374 2576 492 2613 tasse
510 2572 666 2612 eadem
689 2575 789 2611 sunt
810 2584 907 2625 quae
928 2583 1041 2610 nunc
1058 2583 1114 2610 ex
1136 2569 1287 2610 codice
1309 2568 1498 2608 Halensi
1517 2567 1794 2621 protulimus.

432 2638 674 2679 Comoediae
703 2651 788 2678 non
818 2637 991 2677 disertis
1026 2637 1174 2676 verbis
1206 2636 1380 2676 actibus
1415 2638 1457 2675 et
1493 2634 1637 2675 scenis
1668 2633 1825 2674 divisae

378 2709 489 2746 sunt.
552 2705 732 2745 Initium
754 2708 895 2745 tamen
916 2717 1043 2744 novae
1065 2717 1209 2744 scenae
1232 2703 1376 2756 prodit
1394 2704 1533 2755 major
1550 2701 1730 2741 initialis
1750 2713 1827 2740 vo-

378 2774 442 2814 cis
474 2773 620 2822 litera3
653 2772 808 2812 deinde
841 2771 1046 2824 spatium,
1090 2783 1176 2823 quo
1216 2782 1242 2810 a
1273 2768 1542 2822 praecedenti
1573 2771 1826 2821 separatur3
