1903 3306
571 232 779 263 ANDmAE
812 232 923 262 Ac‘r.
957 232 988 260 1.
1022 231 1089 263 Sc.
1124 233 1198 264 ιιι.
1530 227 1616 268 293

156 328 228 370 Ne
249 332 412 368 temere
432 327 574 368 facias
592 340 602 368 ε
632 340 772 380 neque
794 331 839 368 tu
861 327 946 368 hoc
967 326 1107 378 dicas,
1121 327 1203 368 tibi
1224 340 1310 368 non
1326 329 1607 381 praedictum.

278 406 284 415 ²
329 394 462 436 Cave.
487 406 605 459 [f

153 492 210 523 hac
224 502 258 523 re
271 491 432 531 quicquam
445 492 507 522 doli
518 491 646 532 coneris,
662 501 755 531 neque
772 495 805 522 ιιι
820 492 905 523 dicas
917 495 1022 533 postea
1035 492 1093 524 tibi
1109 502 1166 523 ηοη
1176 492 1278 531 fuisse
1290 493 1474 533 praedictum
1491 506 1503 532 ;
1525 506 1612 537 cave,

159 535 218 566 tim·
232 535 312 566 dico.

153 652 237 682 dant
273 651 332 682 ΒΓ.
370 651 468 682 Both.
523 651 568 681 Et
597 650 744 691 probare
776 651 910 682 videtur
939 652 1064 683 Bruus.
1124 652 1183 683 Nil
1211 663 1257 683 me
1286 652 1402 690 fallis:
1435 653 1519 684 edico
1549 654 1609 684 tibi

152 694 256 726 Both.
316 694 370 724 Me
400 694 492 724 irrid.
523 691 641 724 Guelf.
677 696 817 724 3.-34
856 694 911 724 Ita
943 695 1081 725 Mureto
1112 700 1251 726 auctore
1284 697 1381 735 vulgo
1414 705 1503 727 nunc
1538 697 1609 727 edi-

152 742 221 767 tur.
288 736 380 767 Olim
404 736 471 767 ita:
496 745 588 775 neque
619 739 653 766 ιιι
682 736 763 766 hand
789 736 886 767 dicas.
954 738 1053 769 Quod
1084 737 1308 776 praetulerim.
1367 739 1471 769 Certe
1499 748 1608 780 neque

152 788 357 810 summorum
383 779 584 809 Criticorum
616 779 823 809 auctoritate
853 783 961 818 caret,
992 789 1104 820 neque
1134 781 1233 810 aliter
1264 780 1443 821 legendum
1469 781 1607 813 Donato

151 822 292 862 placuit.
337 821 523 852 Graecissat
554 821 694 859 locutio,
725 822 954 862 majoremque
982 822 1048 852 vim
1078 822 1192 860 habet,
1223 833 1322 863 quam
1353 825 1379 854 si
1405 824 1607 864 simpliciter

151 864 302 903 dixisset,
317 873 412 902 neque
427 864 524 894 dicas.
562 864 690 903 Georg.
706 864 883 894 Fabricius
902 866 993 895 inter
1007 864 1163 905 παρέλκου
1179 865 1221 906 [s.
1237 865 1462 906 παρέλκοντος]
1478 868 1609 906 species

151 905 271 945 refert,
288 906 328 937 ad
348 906 474 936 Heaut.
502 914 551 937 ιν.
567 909 597 937 3.
614 909 644 936 7.
673 906 805 944 dicens,
833 916 907 937 esse
925 909 1174 947 pernegantinm.
1220 909 1266 939 Et
1294 909 1379 940 citat
1406 908 1537 940 Gudius
1564 910 1607 940 ad

150 949 269 980 Phaed.
288 957 311 979 1.
325 951 379 979 25.
425 949 488 979 Est
506 949 538 979 in
557 958 622 978 uno
640 948 760 979 Leidd.
773 958 867 988 neque
878 949 934 980 hoc
950 953 984 980 tu
997 951 1092 981 dices.
1115 951 1224 981 West.
1273 952 1345 982 ΕΑ.
1369 961 1465 991 neque
1478 952 1560 982 haud
1572 956 1607 983 ιιι

148 992 245 1022 dicas.
290 991 346 1021 Ita
361 994 396 1021 et
413 991 480 1022 ET.
525 991 593 1022 Sed
611 991 692 1021 EM.
712 1000 767 1021 an.
785 994 880 1022 1476.
901 1001 998 1032 neque
1026 995 1061 1022 tu
1083 993 1178 1025 dicas.
1224 993 1268 1024 G.
1283 1004 1376 1034 neque
1391 997 1425 1024 tu
1440 994 1494 1025 hoc
1508 995 1606 1025 dicas.

149 1033 202 1065 Id.
219 1034 251 1064 in
268 1032 456 1064 Addendis.
496 1033 539 1065 R.
555 1038 591 1064 et
618 1034 661 1064 V.
678 1033 717 1064 C.
733 1033 789 1065 hoc
803 1033 847 1064 sic
861 1034 954 1066 dices.
978 1035 1076 1066 Liud.
1124 1035 1191 1065 Pro
1207 1037 1292 1067 dicas
1316 1042 1412 1067 recte
1426 1036 1469 1067 V.
1486 1042 1521 1067 et
1538 1042 1607 1068 tres

149 1077 305 1107 meliores
323 1085 341 1106 e
362 1075 482 1106 nostris
510 1076 628 1116 legunt
650 1076 744 1107 dices.
790 1076 869 1107 Non
894 1077 983 1108 enim
1000 1077 1107 1108 edicit
1132 1078 1238 1117 Simo,
1252 1088 1293 1109 ne
1309 1079 1423 1109 Davus
1441 1079 1525 1110 dicat
1541 1080 1605 1111 sibi

149 1128 217 1150 non
235 1117 454 1159 praedictum:
478 1119 552 1158 ipse
569 1118 769 1159 Davusjam
788 1119 1009 1158 praemonitus
1021 1130 1087 1150 non
1100 1121 1162 1152 hoc
1180 1121 1273 1157 dicet,
1291 1131 1353 1153 nec
1371 1121 1488 1153 dicere
1503 1123 1607 1153 aude-

148 1161 209 1192 bit.
255 1161 417 1192 Ceterum
448 1171 508 1201 pro
532 1162 679 1192 lectione
696 1161 738 1192 V.
769 1161 825 1192 lwc
849 1162 926 1203 lege
948 1163 1042 1201 haud,
1068 1163 1115 1194 ita
1139 1168 1176 1193 ut
1198 1173 1292 1204 neque
1313 1165 1395 1195 haud
1417 1166 1607 1205 accipiatur

148 1203 321 1244 negative.
343 1204 440 1235 Bent.
489 1203 595 1244 Neque
624 1208 658 1234 ιιι
680 1204 762 1234 haud
789 1204 887 1235 dicas.
932 1206 986 1236 Sic
1012 1206 1221 1237 Schmieder.
1266 1207 1334 1238 Sed
1351 1207 1405 1237 hoc
1422 1208 1479 1238 tibi
1495 1209 1605 1239 codex

149 1246 297 1278 Oldenb.
341 1246 422 1277 Sine
434 1245 538 1277 dubio
548 1246 681 1287 legend.
702 1246 948 1286 oldenburgicus
964 1249 1016 1278 vel
1033 1249 1338 1289 Oldenburgensis.
1384 1250 1605 1290 [Uberiorem

147 1289 218 1329 huj.
234 1289 310 1320 cod.
323 1289 477 1320 notitiam
494 1289 626 1330 locique
643 1289 698 1320 ubi
715 1290 832 1328 lateat,
846 1290 923 1320 mihi
939 1290 1059 1321 editori
1079 1291 1254 1331 impertire
1272 1302 1335 1323 non
1349 1293 1461 1332 potuit
1477 1293 1604 1326 doctis-

148 1332 250 1362 simus
267 1336 302 1362 et
316 1331 572 1362 humanissimus
590 1329 701 1363 stater
715 1332 748 1363 b.
767 1333 927 1364 auctoris.
972 1334 1107 1373 Bruns.]
1124 1333 1163 1365 C.
1181 1335 1227 1365 G.
1246 1335 1404 1367 Lenzius.
1451 1337 1560 1367 Recte
1577 1337 1604 1368 C

146 1375 240 1405 (lices.
263 1374 364 1405 Both.
409 1374 493 1405 GM.
518 1375 573 1405 hoc
589 1378 623 1405 tu
640 1375 739 1410 uices.
762 1375 856 1405 Perl.
904 1376 1010 1417 Neque
1037 1380 1072 1407 ιιι
1096 1377 1150 1407 hoc
1173 1376 1255 1407 dices
1280 1378 1339 1408 tibi
1365 1378 1421 1409 Br.
1468 1378 1544 1410 Hoc
1559 1381 1605 1419 τῷ

147 1418 230 1448 haud
247 1415 390 1456 praefert
415 1417 503 1448 Gov.
528 1417 803 1449 Continuaturin
822 1418 936 1449 Guelf.
960 1422 990 1450 2.
1016 1419 1088 1450 haec
1112 1429 1212 1450 scena
1229 1420 1396 1461 sequenti.
1442 1421 1541 1453 Quod
1558 1423 1606 1454 ita

145 1459 297 1490 sehabet
325 1459 361 1490 in
377 1458 430 1492 ed.
451 1460 554 1491 Both.
601 1460 801 1491 Continuari
820 1460 853 1491 in
876 1461 1032 1502 quibusd.
1056 1462 1163 1501 libris,
1190 1463 1293 1494 etiam
1313 1464 1396 1495 Mss.
1423 1465 1521 1495 testis
1548 1469 1602 1497 est

146 1503 255 1533 West.

801 1556 940 1588 NOTAE

190 1621 232 1649 34
259 1618 378 1658 Neque,
394 1620 446 1658 ὅγε.
461 1619 587 1660 [Neque
603 1623 637 1651 ιιι
662 1620 744 1651 haud
764 1620 850 1652 dicas
905 1621 983 1653 dum
1002 1623 1079 1663 hoc,
1096 1633 1175 1663 nou,
1192 1624 1294 1656 haud.
1326 1625 1388 1656 Est
1404 1625 1491 1657 enim
1507 1626 1606 1666 ordo,

145 1668 205 1699 tibi
229 1678 288 1698 non
313 1668 514 1709 praedictum]
540 1669 724 1701 Goveanus
751 1671 847 1712 legit,
904 1677 938 1703 et
952 1683 1089 1705 sensus:
1116 1675 1251 1715 Neque,
1267 1674 1300 1705 id
1318 1680 1382 1714 est,
1399 1680 1435 1706 et
1448 1685 1490 1706 ne
1505 1680 1540 1706 tu
1558 1676 1606 1706 di-

144 1727 241 1758 neqae
264 1722 299 1748 tu
314 1718 381 1757 hoc,
396 1728 475 1758 uon,
491 1719 584 1751 haud.
624 1721 783 1751 Muretus
799 1722 849 1752 ita
904 1731 983 1754 cere
1006 1724 1112 1764 possis
1128 1724 1190 1756 hoc
1212 1725 1272 1756 tibi
1300 1735 1364 1757 uon
1388 1726 1604 1768 praedictum,

142 1769 213 1800 ait:
239 1768 410 1810 Quicquid
433 1769 527 1801 dicat
545 1770 716 1812 Domum,
733 1771 848 1812 legen·
903 1782 944 1803 en
963 1774 1111 1814 praedico
1128 1786 1135 1806 :
1165 1785 1260 1806 cave.

541 2036 744 2079 ACTUS
778 2039 818 2080 Ι.
867 2039 1077 2082 SCENA
1108 2041 1198 2083 III.

782 2134 966 2164 DAVUS.
1590 2177 1596 2183 .

140 2200 427 2249 ENIMVERO,
450 2200 592 2250 Dave,
613 2200 719 2241 nihil
739 2201 830 2242 loci
849 2201 903 2242 'st
926 2203 1140 2255 segnitiae,
1160 2216 1306 2257 neque
1329 2185 1564 2268 schrdiae‚
1584 2187 1589 2192 .

141 2267 368 2318 Quantum
389 2268 594 2309 intellexi
614 2269 748 2309 modo
768 2269 887 2310 senis
909 2271 1171 2311 sententiam
1188 2271 1244 2312 de
1264 2266 1443 2326 nufitiis.

140 2334 271 2386 Quae,
312 2336 351 2376 si
388 2349 478 2376 non
516 2340 615 2378 astu
649 2336 954 2389 providentur,
985 2352 1054 2379 me
1094 2341 1168 2379 aut
1204 2339 1351 2381 herum
1395 2354 1592 2394 pessum-

308 2402 487 2444 daban&

183 2488 287 2526 Certe,
313 2487 417 2525 Dave,
430 2489 547 2520 nullum
571 2494 688 2530 tempus
704 2491 845 2522 relictum
861 2492 1016 2532 segniam,
1031 2503 1128 2534 neque
1154 2494 1325 2531 soem-dim
1347 2499 1591 2535 quantummodn

137 2528 312 2569 intelligere
321 2531 411 2570 potui
430 2533 512 2562 senis
527 2532 666 2563 Simonis
679 2535 862 2565 senteutiam
878 2537 915 2566 de
930 2537 1048 2575 nuptiis
1066 2537 1222 2576 Pamphili
1235 2548 1244 2567 .·
1268 2546 1336 2577 (μα’
1350 2538 1411 2568 nisi
1425 2543 1592 2570 caveantur·

136 2575 249 2612 astute,
275 2582 323 2603 me
344 2577 400 2604 aut
420 2573 527 2605 herum
552 2575 751 2616 Pamphilum
776 2578 947 2618 oppriment
960 2589 973 2616 ;
995 2588 1049 2609 nec
1073 2580 1146 2619 quid
1172 2589 1264 2619 agam
1287 2584 1403 2611 certum
1429 2585 1475 2612 est
1491 2582 1591 2619 mihi,-

794 2662 938 2694 NOTAE

179 2724 199 2752 3
225 2722 280 2754 Me
294 2724 465 2755 antherum
478 2725 731 2766 pessmndabunt]
753 2728 834 2759 Pes·
891 2729 1048 2770 perdere,
1065 2734 1112 2769 et,
1136 2731 1168 2762 in
1194 2732 1313 2763 eadem
1329 2733 1590 2774 significatione,

135 2783 208 2805 sum
236 2776 298 2816 ire,
324 2782 377 2808 est
402 2777 532 2818 perire:
558 2784 593 2810 ut
617 2780 835 2820 pessumdare
892 2790 1024 2821 pessum
1046 2790 1216 2823 premere,
1241 2782 1346 2815 ducta
1373 2785 1551 2817 tralatione
1571 2795 1589 2816 a
