1903 3306
345 238 431 280 178
749 246 1034 278 JOACHIMUS
1067 245 1398 276 GAMERARms

345 344 571 395 quisivimus
591 342 792 389 nonnulla,
821 356 909 394 quae
929 342 1054 380 minus
1075 341 1361 391 explicarentur
1380 342 1506 388 nobis,
1526 347 1566 379 et
1579 340 1801 380 viderentur

347 406 560 445 secundum
581 406 801 450 Platonem,
834 410 897 443 τοῦ
917 405 1050 453 πατρὸς
1081 403 1227 441 δεῖσθαι
1257 403 1406 451 βοητοῦ,
1427 407 1522 443 αὐτοὶ
1543 404 1614 443 οὔτ’
1633 405 1804 455 ἀμύνασ-

348 475 423 516 θαι,
445 470 527 508 οὔτε
556 469 741 517 βοηθῆσαι
774 468 914 506 δυνατά
947 469 1081 505 αὺτοῖς.
1137 467 1200 504 Ad
1234 480 1414 505 numeros
1435 481 1616 506 versuum
1634 468 1803 506 comico-

347 547 431 571 rum
451 533 716 584 expediendos
749 531 986 570 assumenda
1012 537 1104 568 sunt
1137 543 1183 568 ea
1214 543 1302 581 quae
1335 531 1464 569 Graeci
1483 533 1583 578 πάθη
1602 530 1806 568 nominant

347 601 490 644 λέξεως,
512 595 652 646 quibus
682 601 720 632 et
744 594 956 632 dilatantur
976 600 1015 632 et
1035 593 1318 632 contrahuntur
1338 594 1542 632 dictiones,
1599 594 1721 646 quue
1741 593 1802 630 ni-

346 660 484 698 mirum
504 666 585 697 tum
606 659 808 708 loquentes
830 656 1085 695 communiter
1104 656 1291 702 fecerunt,
1318 663 1362 694 ut
1387 656 1560 707 pluribus
1581 665 1648 695 aut
1667 657 1802 708 pauci·

347 723 477 760 oribus
499 721 658 773 syllabis
672 722 789 759 verba
808 721 1069 765 enuntiarent,
1081 732 1197 770 quam
1211 732 1282 757 nos
1299 719 1555 770 descriptura,
1576 727 1643 757 aut
1662 733 1802 758 secun-

346 786 438 823 dum
479 786 666 823 rationem
700 796 879 822 versuum
916 784 1026 821 nobis
1066 789 1212 821 notam.
1271 783 1332 820 De
1369 796 1447 833 qua
1478 796 1518 820 re
1550 796 1655 821 nunc
1685 783 1802 822 etiam

345 849 512 887 breviter
531 847 711 899 quaedam
733 847 1040 885 memorabimus.

399 913 624 950 Dilatantur
657 912 774 948 verba
802 910 1072 955 dissolutione,
1107 922 1179 947 seu
1211 909 1400 947 divisione
1428 908 1680 960 syllabarum,
1709 922 1800 960 quse

345 982 406 1013 est
424 975 610 1023 διαίρεσις.
669 975 721 1012 Ut
740 980 749 995 ‘
767 973 870 1019 iam‚'
891 973 1085 1020 δισσυλλάμ
1107 990 1164 1010 ως.
1221 972 1338 1016 Quod
1359 979 1398 1009 et
1418 973 1607 1011 Scaurum
1628 973 1797 1010 Rufinus

346 1038 400 1076 ait
418 1038 626 1084 indicasse,
653 1037 719 1088 qui
749 1036 896 1075 diceret
927 1036 966 1072 in
994 1035 1192 1073 Pseudolo
1228 1036 1453 1073 ‘nunciam
1470 1037 1480 1052 ’
1507 1048 1593 1073 esse
1613 1042 1690 1074 tres
1721 1035 1800 1087 syl-

343 1102 468 1147 labas,
489 1108 528 1138 et
556 1101 739 1138 Plautum
770 1099 950 1137 divisisse
979 1098 1103 1149 ‘jam’
1139 1099 1178 1135 in
1200 1098 1311 1136 duas.
1369 1099 1463 1136 Tale
1498 1105 1559 1137 est
1588 1098 1799 1136 indicatum

342 1163 381 1200 in
408 1164 546 1202 eadem
576 1164 720 1209 fabula,
755 1168 766 1185 ‘
780 1163 923 1207 malai,'
971 1161 1243 1210 τρισύλλαβον.
1316 1162 1380 1199 Sic
1419 1168 1458 1199 et
1505 1167 1514 1184 ‘
1532 1162 1645 1214 quis,'
1682 1167 1693 1183 ‘
1707 1161 1802 1213 qui,’

346 1231 356 1248 ‘
371 1227 487 1279 quae,'
506 1234 544 1265 et
560 1241 673 1266 casus
694 1228 832 1266 horum
854 1227 1094 1264 diviserunt:

506 1298 581 1342 Qui
602 1311 669 1348 per
688 1298 866 1335 virtutem
888 1297 1041 1346 peritat,
1063 1309 1141 1334 non
1162 1296 1308 1334 interit.

345 1371 570 1422 Legendum
591 1377 601 1393 ‘
617 1372 692 1416 Qui
708 1372 718 1388 '
738 1369 998 1417 δισσυλλάβως
1018 1383 1026 1407 :
1058 1371 1089 1408 si
1110 1378 1170 1408 est
1188 1383 1278 1408 vera
1298 1369 1501 1420 scriptura,
1523 1368 1571 1407 de
1591 1382 1669 1419 quo
1690 1383 1798 1420 quae-

342 1442 447 1473 retur
464 1435 530 1473 illo
551 1437 589 1473 in
609 1436 709 1474 loco.
765 1436 843 1474 Sed
862 1435 1040 1485 exempla
1059 1435 1098 1472 in
1119 1434 1261 1472 Plauto
1275 1434 1358 1485 jam
1379 1433 1502 1471 multa
1522 1432 1795 1472 indicavimus.

346 1498 463 1549 Apud
485 1499 688 1538 Horatium
708 1499 771 1537 lib.
790 1513 841 1537 11.
871 1499 1002 1536 Carm.

561 1574 694 1611 Ramis
715 1580 754 1611 et
774 1573 931 1623 obliquo
951 1572 1115 1610 laborat.

345 1649 417 1685 Est
433 1648 535 1686 enim
551 1660 684 1685 versus
703 1648 887 1684 iambicus
908 1645 1070 1683 dimeter
1100 1646 1460 1694 ὺπερκαταληκτικός.
1519 1644 1607 1681 Huc
1627 1644 1795 1694 pertinet

346 1717 355 1733 ‘
377 1711 517 1756 calim‚’
544 1724 627 1762 pro,
654 1711 767 1757 clam,
788 1717 831 1747 ut
865 1709 1005 1747 Festus
1043 1709 1106 1746 ait.
1165 1709 1215 1745 Et
1247 1708 1285 1744 in
1315 1708 1476 1746 diversis
1510 1708 1636 1746 verbis
1665 1707 1793 1745 hiatus

343 1776 549 1813 vocalium.
608 1775 723 1818 Quod
744 1782 871 1812 tamen
894 1787 972 1811 non
992 1773 1132 1811 fecisse
1154 1773 1327 1819 Latinos,
1343 1772 1416 1810 nisi
1432 1773 1568 1823 poetas
1589 1771 1795 1822 quosdam,

347 1839 472 1877 Cicer.
493 1839 531 1875 in
552 1839 714 1876 Oratore
736 1838 902 1888 scripsit,
931 1837 1010 1887 qui,
1033 1844 1075 1873 ut
1090 1849 1244 1874 versum
1264 1835 1448 1882 facerent,
1475 1848 1580 1886 saepe
1599 1834 1802 1873 hiaverint.

349 1903 515 1939 Ennium
537 1903 655 1940 semel
674 1915 683 1940 :
715 1906 726 1922 ‘
743 1901 872 1952 Scipio
892 1901 1033 1938 invicte
1049 1899 1073 1937 ε’
1101 1906 1140 1937 et
1159 1912 1226 1937 se:

614 1977 700 2013 Hoc
722 1982 828 2012 motu
848 1974 1036 2012 radiantis
1057 1973 1188 2011 etesiae
1208 1973 1248 2010 in
1267 1972 1368 2010 vada
1386 1972 1510 2023 ponti.

349 2050 426 2089 Sed
444 2057 534 2089 sunt
554 2057 591 2088 et
612 2050 716 2101 apud
738 2049 939 2087 Maronem
958 2049 1074 2100 hujus
1091 2048 1289 2086 divisionis
1311 2048 1512 2100 exempla:

613 2125 662 2161 Et
683 2124 841 2174 longum
862 2124 1028 2161 formose
1048 2124 1150 2169 vale,
1170 2123 1270 2169 vale,
1290 2123 1429 2174 inquit,
1450 2122 1545 2161 Iola.

614 2188 757 2225 Insulae
779 2187 887 2224 Ionio
909 2188 947 2224 in
968 2200 1127 2237 magno.

613 2251 687 2289 Ter
708 2256 798 2287 sunt
816 2251 943 2287 conati
964 2251 1159 2301 imponere
1181 2249 1289 2287 Pelio
1310 2249 1465 2287 Ossam.

612 2313 763 2350 Glauco
784 2320 822 2350 et
841 2313 1037 2363 Panopeae
1060 2320 1101 2350 et
1122 2313 1217 2351 Inoo
1235 2312 1462 2351 Melicertae.

350 2392 463 2443 Apud
485 2393 702 2438 Horatium,
723 2392 787 2430 lib.
807 2406 836 2430 1.
861 2392 993 2430 Carm.

613 2467 777 2503 Ossibus
795 2473 834 2503 et
852 2466 969 2518 capiti
991 2465 1206 2503 inhumato.

346 2550 463 2602 Apud
485 2550 716 2596 Lucretium,
738 2551 804 2588 lib.
824 2563 864 2588 V.

554 2612 705 2650 Passim
721 2627 787 2664 per
805 2613 891 2651 coeli
910 2613 1069 2651 volvunt
1090 2625 1131 2650 se
1147 2613 1278 2650 inania
1298 2614 1459 2665 templa.

350 2687 399 2723 Et
419 2687 485 2724 lib.
507 2700 557 2725 11.

559 2749 691 2787 Vivam
712 2750 934 2801 progeniem
955 2749 1019 2799 qui
1039 2750 1076 2787 in
1099 2762 1185 2787 oras
1206 2749 1359 2787 luminis
1380 2748 1511 2790 edant.
