1903 3306
325 235 411 278 400
822 244 863 275 Ρ.
894 241 1136 272 TEREN'ru
1170 239 1290 270 Arm

369 342 459 373 illam
477 340 624 382 puellam
647 338 785 378 exarsit,
803 341 840 368 ut
856 336 972 368 statim
989 335 1182 376 relinquens
1196 333 1306 365 socios
1322 332 1563 373 insequeretur
1577 339 1665 362 eam.
1700 330 1783 370 Sem

368 400 550 437 antequam
582 392 795 433 pervenisset
823 389 864 421 ad
881 389 1016 421 domum
1034 386 1235 427 meretricis⁷
1253 395 1320 427 quo
1338 385 1527 416 ducebatur
1551 384 1676 424 puella,
1701 389 1782 415 ante

366 448 559 480 introduxit
582 457 655 478 eam
684 445 862 486 parasitus.
906 441 1185 482 Perveniensque
1202 439 1245 471 ad
1263 439 1403 480 januam
1427 438 1502 478 ipse
1518 438 1717 476 adolescens
1733 447 1786 469 re·

369 501 461 542 perit
490 501 539 534 ibi
562 501 810 531 Parmenonem
834 505 969 527 servum
1000 494 1116 526 fratris
1139 494 1190 525 sni
1220 493 1401 529 Phaedriae,
1425 491 1561 523 missum
1586 491 1629 522 ad
1651 492 1716 522 hoc
1745 494 1785 522 ut

370 555 562 585 eunuchum
579 557 615 584 et
631 551 861 590 Ethiopissam
877 548 999 579 Thaidi
1016 547 1181 578 traderet.
1213 547 1322 579 Quem
1338 545 1416 576 dum
1432 548 1694 586 percontaretur
1710 543 1787 575 tris-

370 608 436 639 tis:
461 608 550 645 Quo,
572 606 692 646 inquit,
717 604 799 635 abiit
824 602 1015 643 puella‚ait
1030 602 1061 632 ei
1078 601 1266 632 Parmeno:
1288 599 1413 631 Thaidi
1437 599 1563 630 donata
1587 602 1652 630 est.
1695 598 1783 628 Tum

370 660 540 691 communi
555 659 697 690 consilio
714 661 904 688 tractantes
920 655 969 686 illi
985 654 1064 694 duo,
1089 654 1261 684 Parmeno
1277 652 1439 684 videlicet
1454 661 1586 691 servus,
1601 655 1638 683 et
1653 651 1786 682 Cherea

369 714 476 745 Frater
492 712 618 744 domini
634 711 696 750 sui,
714 711 809 741 exuit
823 719 858 740 se
874 709 1076 740 adolescens
1100 708 1231 739 Cherea
1255 706 1408 738 vestibus
1424 705 1506 744 suis,
1520 710 1557 737 et
1578 705 1717 736 indutus
1734 710 1788 736 est

370 767 520 798 vestibus
546 765 705 804 eunuchi,
728 764 886 805 quoniam
912 768 994 794 tunc
1017 761 1181 807 temporis
1197 759 1342 792 eunuchi
1356 759 1476 790 habitu
1493 758 1595 790 etiam
1611 758 1787 790 discerne-

370 822 507 859 bantur,
524 820 638 861 sicque
655 819 730 849 loco
747 817 895 848 eunuchi
914 826 990 847 cum
1006 815 1202 857 Ethiopissa
1216 814 1339 845 Thaidi
1357 812 1503 844 traditus
1518 816 1572 843 est
1592 822 1612 843 a
1627 822 1727 843 servo
1743 811 1787 843 ob

370 874 434 906 hoc
464 874 636 911 videlicet,
660 876 697 903 ut
716 871 924 910 voluptatem
947 878 1040 900 suam
1062 879 1107 900 ex
1130 868 1245 908 puella
1269 877 1287 898 a
1303 867 1474 897 Thrasone
1495 866 1600 896 missa
1615 865 1787 906 expleret.

370 927 470 962 Quod
487 928 536 958 ita
563 925 719 964 contigit.
766 924 854 955 Nam
879 923 955 954 sine
983 932 1078 953 mora
1101 921 1206 953 Thais
1227 920 1403 954 meretrix,
1419 929 1559 960 sperans
1574 919 1666 950 illum
1682 912 1789 950 eunii-⁸

370 982 469 1012 chum
486 989 561 1011 esse
578 979 659 1009 duas
677 978 720 1009 ob
738 986 870 1014 causas,
885 975 1051 1006 videlicet
1081 978 1224 1015 propter
1248 973 1502 1011 vestimentum,
1519 976 1555 1003 et
1570 972 1649 1012 quia
1664 971 1787 1003 imber-

370 1036 421 1066 bis
435 1033 655 1074 ephebusque
670 1035 758 1069 erat,
775 1030 865 1060 inter
880 1032 1013 1060 ceteras
1028 1027 1280 1059 commendavit
1293 1026 1324 1057 ei
1337 1026 1437 1058 etiam
1452 1025 1787 1066 Pamphilam‚quam

371 1088 520 1119 amabat.
566 1086 643 1116 Mos
660 1088 711 1116 est
727 1083 815 1114 enim
834 1082 1023 1123 puellarum
1039 1089 1154 1112 curam
1171 1079 1334 1111 eunuchis
1356 1078 1582 1110 committere.
1623 1077 1691 1110 Sed
1708 1077 1789 1120 quid

372 1145 485 1174 actum
515 1139 588 1171 est?
636 1139 727 1168 Dum
751 1137 855 1177 igitur
878 1136 984 1166 Thais
1006 1135 1113 1166 milite
1139 1134 1315 1165 Thrasone
1340 1138 1482 1173 rogante
1505 1131 1548 1163 ad
1565 1131 1699 1163 domum
1717 1131 1789 1173 ejus

372 1193 531 1235 profecta
546 1197 650 1231 esset,
664 1190 864 1222 adolescens
881 1189 984 1224 solus,
1000 1188 1057 1229 qui
1071 1197 1131 1228 pro
1148 1187 1302 1218 eunucho
1315 1185 1509 1223 tenebatur,
1525 1184 1558 1215 in
1574 1184 1698 1215 cellula
1712 1194 1790 1216 cum

369 1247 548 1289 Pamphila
563 1246 689 1286 degens
707 1249 863 1284 optatum
878 1242 1034 1282 explevit
1050 1242 1197 1282 genium.
1243 1241 1319 1273 Quo
1337 1244 1480 1279 peracto
1496 1243 1534 1269 ut
1549 1238 1660 1275 libuit,
1672 1232 1788 1270 statim

369 1310 526 1343 egressus
544 1302 608 1339 est,
622 1307 778 1329 remeans
797 1297 838 1328 ad
854 1296 1000 1337 propria.
1046 1295 1147 1328 Quod
1167 1294 1244 1324 dum
1263 1293 1414 1334 agnitum
1431 1298 1524 1323 esset
1541 1302 1601 1333 per
1614 1292 1789 1324 Phithiam

373 1354 580 1390 ancillulam,
607 1361 706 1392 quam
739 1350 924 1390 reliquerat
940 1348 1043 1379 Thais
1069 1347 1112 1378 ad
1138 1346 1392 1378 custodiendam
1416 1345 1638 1385 domum,ille
1654 1346 1789 1377 vetulus

373 1407 549 1439 eunuchus
567 1405 677 1436 adhuc
694 1404 832 1434 indutus
850 1402 1002 1433 vestibus
1021 1399 1249 1431 adolescentis
1267 1394 1451 1430 in'domnm
1470 1398 1638 1429 Phaedriae
1661 1398 1790 1429 domini

372 1462 423 1492 sui
445 1460 707 1501 comprehensus
722 1462 787 1488 est.
832 1456 1026 1496 Statimque
1042 1453 1187 1495 flagellis
1206 1452 1353 1484 afflictus
1367 1451 1540 1483 confessus
1557 1456 1608 1482 est
1633 1451 1788 1483 ordinem

371 1516 435 1551 rei,
450 1513 539 1555 quod
555 1512 665 1543 adhue
680 1511 809 1542 latebat
825 1510 1033 1541 Phoedriam.
1075 1508 1119 1539 At
1136 1512 1266 1546 cetera,
1288 1516 1364 1547 quae
1386 1506 1460 1546 ipse
1476 1505 1626 1537 comicus
1640 1505 1790 1537 urbanis-

371 1569 454 1600 sime
472 1568 606 1606 dilatat,
621 1565 799 1607 sequentia
816 1565 994 1606 perlegens
1010 1562 1282 1594 animadvertere
1299 1559 1421 1602 quibit.

796 1813 1331 1870 PROLOGUS.

329 1919 394 1977 Si
419 1936 654 1989 quisquam
675 1935 757 1981 est,
781 1931 855 1984 qui
876 1930 1053 1984 placere
1077 1941 1123 1968 se
1145 1926 1325 1968 studeat
1348 1925 1475 1966 bonis

335 2003 483 2054 Quam
504 2000 717 2055 plurimiS‚
733 2003 776 2039 et
796 1998 975 2038 minime
995 1995 1162 2036 multos
1180 1993 1357 2042 laedere,

334 2071 385 2112 In
406 2071 474 2111 his
496 2068 640 2110 Poeta
661 2068 734 2107 hio
756 2078 916 2114 nomen
938 2063 1173 2117 profitetur
1194 2073 1341 2102 suum.

332 2138 448 2179 Tum
467 2137 504 2178 si
527 2136 626 2190 quis
646 2139 729 2183 est,
748 2133 826 2187 qui
844 2132 1010 2172 dictum
1031 2131 1074 2170 in
1097 2142 1144 2170 se
1162 2126 1467 2170 inclementius

335 2204 627 2248 Existimabit
647 2214 762 2251 esse,
784 2201 848 2241 sic
869 2199 1126 2239 existimet:
1763 2192 1793 2231 5

380 2329 418 2359 Si
430 2330 509 2361 ullus
524 2333 581 2366 est,
597 2328 648 2359 cui
662 2328 823 2358 admodum
838 2334 922 2356 curoe
943 2324 996 2360 sit,
1010 2322 1159 2362 plerisque
1181 2330 1213 2352 se
1227 2321 1356 2358 gratum
1372 2325 1446 2354 esse,
1461 2314 1616 2354 nullosque
1631 2311 1799 2353 offendere,

336 2372 389 2402 hos
406 2373 488 2403 inter
506 2373 604 2402 Ροέἰα
625 2374 728 2401 noster
748 2372 801 2400 dut
818 2378 925 2399 nomen
940 2375 1047 2397 suum:
1073 2368 1149 2401 tum,
1172 2364 1200 2394 si
1216 2362 1368 2402 quispiam
1385 2363 1444 2397 est,
1459 2359 1511 2398 qui
1528 2356 1667 2387 acerbius
1679 2354 1797 2394 aliquid

335 2415 369 2445 in
383 2425 416 2446 se
438 2416 555 2446 dictum
574 2416 758 2454 suspicetur,
777 2412 822 2443 sic
837 2411 1023 2447 arbitretur,
1040 2410 1069 2438 et
1084 2408 1175 2446 sciat,
1190 2406 1245 2436 hoc
1269 2411 1446 2444 responsum
1461 2410 1526 2431 esse
1539 2400 1574 2430 in
1588 2397 1798 2436 defensionem

942 2493 978 2504 ‘e
983 2490 1120 2503 ovem-ev
1125 2488 1185 2500 ase-e·

381 2547 397 2575 1
419 2542 614 2578 Bentleius‚
628 2541 638 2558 ‘
652 2539 738 2578 nisi,'
753 2538 876 2579 inquit,
891 2538 901 2555 ‘
915 2546 981 2577 pro
992 2537 1114 2566 studeat
1131 2532 1254 2574 legeris
1270 2531 1428 2567 studeant,
1446 2527 1550 2558 verba
1564 2526 1603 2557 In
1618 2526 1667 2556 his
1681 2524 1799 2563 inepta

339 2585 523 2617 videntur.’
568 2584 665 2614 Idem
688 2588 836 2613 testatur
857 2591 891 2611 se
916 2581 947 2610 in
965 2583 1109 2620 quatuor
1123 2574 1294 2608 Prisciani
1312 2570 1566 2611 exemplaribus
1583 2569 1728 2599 studeant
1745 2575 1795 2596 re-

338 2630 480 2670 perisse.
525 2627 657 2657 Probat
684 2624 926 2655 Ruhnken.—3
962 2622 1027 2652 Hic
1044 2621 1142 2651 abest
1170 2618 1238 2649 Gu.
1266 2620 1296 2648 1.
1328 2613 1419 2655 quod
1450 2611 1630 2643 sententiae
1660 2608 1796 2650 quidem

339 2682 442 2703 causa
456 2670 557 2700 facile
573 2669 735 2706 feramus,
751 2673 787 2697 ut
803 2666 880 2696 alibi
898 2666 932 2695 in
948 2664 1108 2704 prologis,
1122 2661 1189 2692 nisi
1205 2657 1414 2699 respondere
1432 2655 1494 2686 sibi
1513 2653 1674 2684 videntur
1689 2652 1739 2682 hic
1762 2657 1800 2682 et

338 2715 399 2745 his.
414 2713 579 2744 noun—5
596 2711 771 2742 Existimet
789 2719 862 2745 esse,
875 2708 919 2739 sic
943 2705 1116 2744 existimet]
1140 2706 1297 2736 Donatus
1312 2699 1448 2732 videtur
1464 2696 1585 2736 legisse
1603 2694 1799 2732 Existimat,

338 2767 400 2800 pro
416 2754 644 2788 Existimavit:
669 2752 728 2785 sed
747 2761 813 2783 nou
827 2756 896 2782 stat
914 2759 1030 2781 versus
1046 2761 1054 2782 ;
1079 2749 1165 2780 liber
1182 2755 1263 2778 vero
1285 2745 1388 2776 Beni.
1411 2745 1447 2772 et
1463 2741 1549 2780 Eug.
1579 2739 1611 2769 in
1628 2738 1717 2769 hunc
1730 2746 1801 2768 mo-
