1945 3296
416 231 652 264 DANlEblS
687 226 881 260 HEINSH
918 227 1267 258 DlSSER'rA'rio.
1513 215 1567 257 89

106 331 245 382 partim
264 334 403 375 metus,
424 327 562 378 partim
583 325 670 376 ipsa
690 322 913 362 emendavit
933 321 1030 359 ratio
1047 334 1054 358 ε
1083 333 1170 359 cum
1191 328 1319 357 tamen
1342 319 1426 357 sola
1446 320 1565 357 risum

105 394 329 433 felicissime
363 395 574 429 moverent.
634 387 757 425 Novae
791 392 920 424 autem
952 397 1020 422 rex
1057 384 1318 434 princepsque
1352 383 1569 421 Menander

105 459 198 496 fuit:
219 457 329 508 cujus
349 466 534 506 expressa
553 454 682 503 imago
704 464 749 489 ac
770 450 918 501 effigies
939 448 1159 486 Terentius.
1209 446 1335 490 Quem
1356 459 1444 483 cum
1465 454 1569 484 uter-

109 535 185 573 que
205 520 435 571 accepisset,
464 517 738 568 Aristophanis
759 516 920 552 virtutes
942 514 1016 551 hac
1038 511 1216 550 mercede
1238 511 1428 561 expressit
1452 511 1570 549 Plau-

106 593 184 632 tus,
205 591 249 622 ut
267 596 340 622 nec
359 595 492 621 omnes
515 587 662 632 posset,
691 579 815 631 (quod
840 585 877 616 et
896 578 1044 629 linguae
1073 576 1291 622 diversitas,
1312 584 1351 613 et
1371 576 1569 613 Romano-

108 663 192 688 rum
213 650 336 700 leges,
357 655 397 687 et
415 655 603 699 tempora,
624 659 670 685 ac
692 643 1083 695 Rerumpublicarum
1104 642 1202 680 ratio
1223 642 1394 687 vetabat,
1415 641 1571 678 sublata

99 714 183 764 jam
201 712 462 751 maledicendi
482 711 674 756 libertate,
709 722 797 760 quae
826 708 1038 759 praecipua,
1072 706 1179 757 quod
1200 717 1313 743 nemo
1336 705 1473 751 nescit,
1509 711 1571 743 τοῦ

107 781 259 826 γελοίου
291 789 380 828 pars
414 777 505 824 est‚)
538 782 578 813 et
611 785 869 825 quaecumque
903 772 940 808 in
983 771 1246 821 Aristophane
1277 768 1512 806 Plutarchus
1548 782 1571 806 a

107 843 304 880 communi
326 839 611 879 consuetudine
631 836 817 888 loquendi
839 835 1044 873 abhorrere
1065 841 1188 880 notat,
1216 832 1411 872 retineret.
1469 833 1572 870 Nam

107 912 146 944 et
160 910 252 944 κατά
269 906 333 944 τὸν
349 905 531 950 λεκτικὸν,
549 911 594 941 ut
610 902 744 940 Critici
765 901 991 951 loquuntur,
1011 902 1071 937 καὶ
1091 900 1154 937 τὸν
1174 906 1233 943 τῆς
1252 897 1417 936 διανοίας
1438 899 1570 947 τρόπον

108 970 302 1021 θυμελικὰς
321 977 395 1015 est,
429 975 468 1006 et
488 966 704 1012 theatralis,
740 979 818 1004 non
839 965 1036 1010 πολιτικὸς,
1071 976 1198 1014 neque
1218 966 1262 1016 τῇ
1283 965 1375 1000 κατὰ
1395 964 1460 1007 tint
1478 963 1571 1006 εἰλή-

109 1037 214 1072 θειαν
242 1033 326 1084 ἰδέᾳ
344 1033 548 1083 διαπρέπει·
581 1043 708 1082 neque
727 1030 914 1082 pauciora
934 1029 1098 1074 addidit,
1130 1028 1169 1065 in
1201 1027 1342 1078 quibus
1366 1026 1457 1064 dum
1480 1026 1571 1063 ridi-

107 1097 221 1135 culus
240 1097 364 1135 videri
383 1097 480 1143 vult,
510 1094 676 1147 frigidus
698 1107 743 1133 ac
764 1094 924 1133 odiosus
946 1094 1002 1139 fit,
1033 1092 1139 1143 quod
1173 1104 1253 1129 non
1274 1097 1465 1136 nostrum,
1500 1089 1571 1127 sed

110 1161 262 1199 Horatii
281 1160 475 1212 judicium
503 1167 578 1206 est,
608 1166 648 1197 et
678 1159 848 1200 Donati;
879 1170 978 1209 quos
1006 1165 1194 1207 utrosque
1227 1162 1419 1193 emunctae
1454 1155 1571 1200 naris,

107 1231 293 1275 utrosque
314 1224 546 1262 Criticorurn
569 1224 713 1274 primos
735 1236 806 1260 suo
827 1229 1001 1273 tempore
1032 1222 1166 1267 fuisses
1198 1227 1366 1258 constat.
1423 1219 1500 1256 Sed
1533 1226 1573 1256 et

107 1290 146 1327 in
167 1289 354 1336 dicteriis,
374 1288 423 1327 de
438 1302 515 1340 quo
528 1289 611 1339 jam
631 1287 873 1334 dicebamus,
893 1287 947 1325 ita
964 1287 1144 1324 Veterem
1164 1283 1406 1322 Comoediam
1428 1284 1572 1320 amavit

110 1353 289 1400 Plautus,
325 1360 367 1390 ut
400 1353 451 1390 ad
486 1366 572 1391 eam
606 1366 711 1403 saepe
744 1352 889 1398 flectat,
921 1358 960 1389 et
986 1350 1091 1401 quod
1112 1349 1308 1401 proprium
1329 1348 1367 1385 in
1388 1347 1455 1385 illa
1474 1355 1570 1391 erat,

110 1418 333 1465 ἐτεωνὺμως,
366 1423 406 1455 et
424 1429 611 1467 expresso
631 1416 801 1462 nomine,
826 1422 892 1453 aut
912 1412 1282 1458 circumscribendo,
1315 1425 1393 1450 non
1414 1418 1494 1449 tam
1514 1411 1570 1448 vi-

107 1486 187 1518 tam
208 1481 422 1528 hominum,
443 1493 560 1531 quarn
582 1480 778 1518 hominem
799 1479 1048 1530 perstringat.
1107 1478 1160 1515 Ut
1178 1477 1216 1514 in
1237 1475 1328 1514 illo:

218 1566 346 1605 Etiam
367 1566 586 1617 Epidicum,
608 1579 724 1618 quam
743 1578 817 1617 ego
840 1565 1030 1603 Fabulam
1046 1577 1158 1615 aeque
1179 1576 1225 1601 ac
1240 1576 1301 1601 me
1321 1564 1447 1613 ipsum
1469 1574 1570 1609 amo,

215 1630 376 1669 Nullam
395 1644 508 1682 aeque
526 1631 669 1669 invitus
692 1637 841 1682 specto,
870 1631 901 1668 si
923 1643 1008 1668 eam
1029 1630 1109 1681 agit
1131 1628 1269 1666 Pellio.

110 1725 189 1764 Sed
209 1732 247 1764 et
267 1726 536 1765 crudelissime
555 1726 750 1765 infelicem
773 1726 954 1764 Naevium
976 1725 1101 1764 Milite
1122 1726 1274 1776 excepit
1292 1739 1299 1762 ς

217 1812 319 1850 Nam
340 1825 384 1851 os
405 1812 672 1851 columnatum
692 1813 827 1851 Po'etae
849 1813 978 1851 inesse
997 1812 1128 1850 audivi
1147 1812 1324 1856 barbam,

217 1875 290 1914 Cui
307 1876 389 1914 bini
409 1877 594 1915 custodes
617 1890 769 1928 semper
788 1878 879 1916 totis
898 1876 1002 1915 horis
1025 1877 1229 1915 accubant.

110 1966 276 2005 Videtur
295 1967 430 2006 audire
451 1968 582 2006 κώδιον
602 1969 805 2019 Κρατίνου,
827 1975 866 2006 et
885 1981 973 2020 quae
995 1967 1143 2018 reliqua
1162 1966 1199 2003 in
1217 1965 1345 2003 Veteri
1369 1964 1572 2002 Comoedia
1594 1985 1599 1991 .

109 2038 330 2079 occurrunt,
349 2032 418 2078 ὅση
439 2034 546 2070 κόνις.
582 2033 683 2070 Nam
707 2032 756 2070 ad
775 2032 1049 2083 Aristophanis
1069 2033 1108 2069 τὸ
1130 2032 1294 2068 evea-mv
1312 2030 1454 2068 frustra
1476 2042 1570 2066 sane

110 2095 309 2146 aspiravit.
367 2095 464 2139 Quis
485 2096 586 2134 enim
606 2097 684 2135 risu
706 2110 783 2135 non
816 2096 1010 2141 emoritur,
1044 2108 1133 2134 cum
1155 2095 1400 2133 vinositatem
1423 2094 1571 2132 Cratini

110 2160 263 2212 excepit
282 2160 392 2198 Irene
408 2159 424 2197 ’ἒ

213 2246 274 2283 Εἰ.
302 2245 352 2283 Τί
372 2244 414 2283 δὲ
434 2246 615 2295 Κρατῖνος
636 2246 655 2282 ὁ
677 2246 785 2296 σοφός
806 2246 906 2283 ἐστιν
925 2260 934 2289 ;
991 2246 1062 2294 Τρ.
1083 2245 1310 2290 Ἀπέθανεν,

207 2309 297 2347 ”Οθ’
316 2310 349 2347 οἱ
368 2310 547 2348 Λάκωνες
565 2309 766 2357 ἐνέβαλον.
823 2310 881 2347 ΕΞ.
901 2310 951 2348 Τί
971 2312 1123 2356 παθών;
1172 2309 1241 2359 Τρ.
1262 2310 1331 2354 “O‚
1354 2322 1408 2351 †1;

217 2373 435 2424 Ὠρακιάσαε
454 2376 512 2424 (οὐ
531 2377 607 2425 γάρ
628 2375 865 2426 ἐξηνέσχετο)

214 2437 318 2478 Ἰδὼν
337 2442 446 2478 πίθον
464 2440 747 2491 καταγνύμενον
767 2440 870 2478 οἴνου
889 2441 1019 2477 πλέον.

111 2500 158 2540 Id
176 2507 262 2540 est:

216 2567 263 2604 P.
294 2567 459 2618 Sapiens
479 2574 608 2606 autem
629 2568 814 2606 Cratinus
835 2567 931 2619 quid
952 2565 1067 2618 agit?
1121 2566 1198 2604 TR.
1221 2566 1343 2612 Obiit,

219 2631 321 2669 Cum
340 2631 514 2671 Lacones
534 2633 610 2671 huc
630 2634 831 2671 irruerent.
872 2632 918 2670 P.
940 2632 1029 2675 Quo
1049 2629 1214 2669 morbo?
1242 2630 1320 2669 Tn.
1342 2628 1461 2674 Quo?

219 2695 364 2734 Misere
383 2696 529 2747 pallere
548 2698 666 2750 coepit
684 2698 798 2747 (ferre
819 2697 922 2735 enim
938 2695 1014 2734 hoc
1035 2708 1112 2733 non
1134 2695 1277 2746 potuit)

221 2757 364 2811 Frangi
384 2773 473 2800 cum
490 2761 639 2800 videret
654 2762 744 2800 vino
762 2761 923 2814 plenum
944 2759 1106 2799 dolium.
