1903 3306
310 212 395 252 424
811 225 847 252 ν.
881 224 1121 254 ΤΕιῑΕΝἰῚι
1157 224 1270 254 Arm

313 318 491 368 Quibus
512 321 553 358 et
573 332 617 358 re
638 319 763 359 salva
786 324 831 359 et
852 318 1028 371 perdita
1043 318 1307 371 profueram,
1329 322 1371 359 et
1392 331 1573 371 prosum
1596 332 1734 373 saepe.

313 386 545 436 Salutant3
578 386 632 426 ad
656 399 828 427 coenam
852 390 1038 436 vocant3
1071 386 1303 426 adventum
1325 388 1610 438 gratulantur.

314 454 395 494 Ille
414 455 486 494 ubi
510 454 639 494 miser
660 454 892 494 famelicus
917 454 1036 494 videt
1056 467 1124 494 me
1146 468 1244 494 esse
1267 455 1312 494 in
1331 459 1453 495 tanto
1474 454 1652 503 honore,

314 521 370 561 Et
407 526 494 561 tam
527 520 659 561 facile
692 521 855 561 vietum
893 534 1104 573 quaerere,
1138 522 1200 561 ibi
1234 522 1362 562 homo
1383 523 1522 576 coepit
1544 535 1613 562 me
1635 522 1766 563 obse-

485 600 623 636 crare,
1709 590 1769 630 30

314 655 374 695 'Ut
395 655 481 695 sibi
504 655 656 695 liceret
675 654 845 695 discere
865 654 910 694 id
933 655 986 695 de
1008 668 1075 695 me
1097 668 1106 695 :
1139 656 1297 695 sectari
1312 655 1458 708 jussi3

313 723 359 763 Si
382 723 501 776 potis
521 727 605 771 est,
624 726 832 775 tanquam
854 721 1221 776 philosophorum
1254 722 1415 763 habent
1436 721 1685 775 disciplinae
1707 735 1767 764 ex

484 802 596 843 lpsis

310 911 493 950 piscatores,
506 910 614 950 quibus
634 912 752 942 lucrum
766 911 945 947 attuleram,
970 909 1042 939 dum
1064 919 1113 939 res
1137 919 1212 940 meoe
1236 910 1309 940 bene
1330 919 1362 940 se
1384 909 1549 948 habehant,
1568 913 1660 949 utque
1675 908 1768 939 etiam

311 957 380 992 post
395 954 676 992 eorttmjocturam,
698 956 763 984 tum
786 962 902 993 qnoque
925 953 958 982 in
981 952 1159 991 prasentia.
1206 951 1255 982 Hi
1270 962 1317 982 me
1331 952 1482 990 salutant,
1502 953 1542 982 ud
1556 962 1671 982 coenam
1686 952 1768 982 invi·

314 999 393 1034 tant,
410 997 447 1026 (Ie
464 1007 529 1026 meo
550 997 682 1027 adventu
708 995 784 1026 mihi
807 995 1020 1034 gratulantur.
1067 995 1128 1025 Ille
1148 994 1242 1025 miser
1264 995 1377 1032 esurio,
1400 994 1453 1025 ubi
1474 1004 1522 1025 me
1536 995 1619 1025 videt
1635 995 1771 1024 intanto

312 1039 424 1070 honore
438 1039 557 1078 haberi,
572 1039 663 1079 coepz't
680 1049 727 1069 me
741 1048 842 1077 orare,
857 1042 891 1068 ut
906 1037 967 1068 sibi
983 1037 1088 1068 liceret
1105 1038 1184 1068 hanc
1197 1041 1298 1068 artem
1321 1039 1359 1068 de
1381 1047 1428 1067 me
1442 1039 1580 1067 discere:
1595 1036 1679 1075 jussi
1701 1046 1770 1067 eum

312 1082 370 1112 mei
384 1085 567 1114 sectatorem
581 1092 655 1122 esse,
666 1085 696 1112 et
711 1082 908 1121 discipulum,
924 1080 953 1111 εἰ
965 1080 1044 1121 fieri
1054 1084 1176 1120 potest:
1197 1083 1246 1119 ut,
1261 1080 1341 1111 sieut
1354 1079 1609 1120 Philosophorum
1624 1082 1715 1110 sectae
1730 1077 1770 1108 ab

925 1176 1159 1188 eeeeeeeeeee

311 1242 407 1281 narii,
430 1242 551 1280 cetarii,
574 1242 681 1279 Lanii,
696 1242 795 1282 coqui,
809 1242 962 1281 fartores,
980 1241 1166 1281 piscatores,
1187 1250 1328 1280 aucupes.
1377 1240 1420 1271 0.
1435 1238 1507 1270 fere
1525 1240 1547 1271 l.
1561 1250 1587 1272 S.
1606 1243 1683 1280 post
1698 1249 1774 1279 cup-

308 1286 463 1326 pedinarii
480 1285 605 1316 habent
632 1285 815 1315 dictionem
844 1293 969 1320 omnes;
992 1294 1108 1314 vocem
1138 1293 1216 1314 vero
1241 1292 1384 1322 aucupes,
1408 1292 1470 1313 nec
1487 1283 1551 1314 Do.
1567 1283 1682 1321 habet,
1707 1291 1769 1313 nec

315 1330 409 1359 Beni.
427 1337 490 1358 nec
508 1329 557 1359 M.
570 1328 698 1358 Tullius
719 1327 804 1358 libro
829 1326 936 1366 primo
954 1325 1163 1358 Officiornm.
1208 1327 1285 1359 Qua
1312 1325 1462 1356 dictione
1484 1325 1652 1362 detracta,
1675 1325 1771 1365 dige-

314 1376 434 1402 runtur
453 1371 485 1401 hi
510 1380 625 1401 versus
649 1371 712 1400 hoc
740 1369 861 1400 modo:
889 1369 1083 1400 Concurrunt
1107 1369 1173 1399 [ceti
1199 1369 1242 1399 mi
1267 1368 1387 1398 obviam
1414 1368 1627 1409 cuppedinorz'i
1655 1377 1771 1407 omnes,

315 1414 447 1450 Cetarii,
463 1413 551 1452 lonii,
566 1414 665 1454 coqui,
679 1412 831 1451 sartores,
851 1412 1032 1452 piscatores.
1057 1413 1116 1443 Fa.
1161 1412 1303 1451 Aucupes
1321 1412 1377 1441 Fa.
1402 1411 1442 1441 Τ.
1463 1411 1583 1449 Faber,
1606 1410 1662 1441 alii
1690 1420 1772 1441 exu-

315 1456 536 1496 larejubent,
560 1460 596 1487 et
611 1456 654 1487 ob
676 1456 773 1486 metri
791 1456 967 1492 rationem,
991 1460 1027 1486 et
1043 1455 1129 1495 quod
1148 1455 1268 1485 Cicero
1286 1453 1355 1484 Off.
1374 1463 1397 1484 1.
1414 1456 1467 1485 42.
1485 1463 1558 1484 eam
1575 1453 1715 1490 omittit,
1737 1458 1774 1484 et

314 1500 403 1540 qnod
418 1501 573 1530 Donatus
590 1498 774 1537 nonlegit3
799 1498 933 1529 demum
950 1497 992 1528 ob
1020 1498 1117 1528 Beni.
1145 1498 1206 1528 bac
1231 1507 1314 1527 voce
1338 1503 1526 1527 carentem.
1572 1497 1700 1527 Verum
1729 1506 1771 1527 ex

313 1542 445 1573 ratione
462 1542 561 1572 metri
578 1551 644 1572 uon
658 1542 739 1572 satis
756 1541 888 1571 firmum
904 1540 1033 1581 petitur
1049 1546 1297 1579 argumentum.
1344 1539 1463 1569 Cicero
1479 1537 1641 1579 ἁμάρτημα
1655 1550 1772 1577 μνημο-

313 1584 395 1616 νικὸν
428 1585 644 1616 committere
670 1584 796 1624 potuit,
830 1593 907 1614 nam
946 1588 981 1614 et
1004 1584 1013 1600 ‘
1032 1583 1291 1623 cupedinarios'
1318 1582 1441 1612 omisit.
1488 1582 1645 1612 Donatus
1672 1582 1771 1621 plura

312 1629 442 1659 intacta
461 1628 609 1668 reliquit,
630 1637 706 1668 quae
724 1631 834 1658 tamen
852 1627 886 1657 in
902 1626 1040 1657 dubium
1057 1636 1123 1657 non
1142 1630 1318 1656 vocantur.
1364 1624 1486 1655 Bembi
1503 1624 1589 1655 libro
1606 1624 1713 1655 ceteri
1736 1627 1773 1655 et

313 1672 397 1702 Mss.
415 1676 450 1701 et
468 1671 706 1710 impressorum
724 1669 1007 1710 praestantissimi,
1020 1673 1056 1699 et
1071 1668 1175 1700 lectio
1194 1668 1296 1699 Probi
1313 1668 1510 1699 reclamant.
1555 1667 1772 1707 Videturque

315 1715 480 1746 Horatius
506 1714 698 1754 respexisse
721 1713 809 1743 hunc
836 1713 948 1743 locum
970 1712 1042 1742 Sat.
1058 1720 1097 1742 11.
1124 1714 1154 1742 3.
1169 1713 1243 1742 226.
1288 1711 1433 1742 Videtur
1449 1715 1484 1741 et
1500 1710 1531 1741 b.
1548 1710 1570 1740 1.
1585 1710 1772 1741 Terentius

315 1758 467 1788 imitator
492 1755 621 1793 Plauti,
643 1756 737 1787 Trin.
760 1765 798 1786 11.
821 1758 854 1786 4.
879 1759 911 1786 5.
940 1755 1036 1785 West.
1082 1754 1176 1785 Libri
1202 1753 1337 1795 quidem
1363 1753 1416 1784 hic
1442 1752 1677 1793 cuppedinarii;
1700 1751 1774 1791 sed,

314 1810 390 1831 eum
407 1800 470 1830 hoc
488 1809 507 1829 a
520 1799 678 1839 cuppediis
693 1798 944 1837 denominetur,
967 1807 1009 1828 ex
1027 1796 1198 1837 Analogia
1212 1806 1278 1827 non
1305 1796 1453 1833 dubites,
1476 1797 1557 1837 quin
1579 1794 1773 1835 cuppediarii

314 1842 530 1874 scribendum
558 1844 614 1873 sit.
659 1842 712 1872 De
739 1841 888 1872 ascititio
914 1841 977 1871 isto
1005 1849 1147 1880 aucupes,
1163 1840 1235 1880 jam
1266 1839 1345 1870 olim
1378 1848 1433 1869 res
1463 1839 1676 1869 conclamata
1707 1842 1773 1868 est.

315 1887 410 1917 Bent.
456 1886 598 1925 Aucupes
615 1884 750 1915 videtur
765 1884 959 1925 adjectum:
985 1886 1154 1923 repugnat
1171 1882 1295 1919 versui,
1317 1891 1379 1912 nec
1407 1882 1546 1920 ponitur
1572 1891 1591 1911 a
1619 1881 1773 1911 Donato.

320 1929 375 1959 Er.
419 1927 562 1968 Aucupes
587 1927 728 1966 habent,
760 1931 850 1958 teste
878 1927 958 1957 Par.
985 1926 1073 1956 Pan.
1103 1934 1232 1956 omnes.
1257 1924 1345 1955 Perl.
1389 1924 1553 1955 Janz'tores
1579 1929 1658 1954 ante
1684 1922 1775 1962 coqui

316 1969 432 2003 Guelf.
449 1974 480 2002 3.
528 1969 752 2010 Cuppedinarii
767 1970 826 2001 Br.
843 1974 877 2000 et
891 1968 1088 2008 cupedenarii
1111 1968 1142 1998 in
1171 1972 1250 1998 nota
1277 1966 1466 2006 marginali.
1511 1967 1653 2006 Aut-opes
1673 1965 1772 1996 omit·

315 2018 391 2045 tunt
409 2015 468 2046 ΒΓ.
485 2013 525 2046 Ζ.
542 2013 621 2053 Bip.
638 2013 828 2044 Both—28
854 2012 1068 2042 Gratulantur
1094 2020 1194 2041 meum
1223 2011 1270 2041 M.
1300 2009 1485 2041 West.—29
1510 2009 1593 2040 Haec
1617 2007 1709 2038 varie
1726 2008 1773 2038 le-

316 2062 451 2097 guntur.
501 2056 598 2087 Tanto
612 2055 745 2086 honore:
767 2065 829 2086 esse
842 2057 928 2084 tanto
953 2055 1083 2084 honore:
1107 2063 1170 2083 esse
1192 2053 1227 2083 in.
1250 2056 1372 2083 tantum
1397 2052 1549 2082 honorem.
1593 2050 1773 2084 Quomodo

315 2100 413 2131 Jnnt.
440 2099 490 2130 St.
514 2098 667 2136 Fabrini,
689 2097 746 2128 alii
771 2097 965 2128 ediderunt.
989 2097 1088 2127 Idem.
1141 2096 1228 2126 Videt
1255 2105 1302 2126 me
1323 2104 1386 2125 esse
1411 2095 1444 2125 in
1471 2097 1593 2124 tantum
1615 2094 1772 2124 honorem.

317 2144 368 2174 Ex
387 2142 541 2173 omnibus
560 2141 653 2171 libris
670 2141 780 2170 nullus
797 2145 848 2171 est
865 2141 898 2170 in
915 2149 980 2180 qno
1006 2140 1079 2171 lraec
1105 2139 1243 2177 vulgata
1269 2137 1371 2168 lectio
1401 2138 1604 2177 reperiatur,
1630 2141 1774 2176 praeter-

317 2195 414 2225 quam
432 2184 464 2214 in
483 2184 662 2219 Bembino‚
685 2183 743 2213 sed
759 2193 800 2213 ex
818 2182 1055 2213 emendatione
1074 2187 1108 2212 et
1125 2187 1223 2212 extra
1239 2185 1434 2211 contextum
1451 2190 1459 2210 :
1481 2189 1558 2209 nam
1575 2179 1609 2209 in
1622 2189 1662 2209 eo
1679 2178 1774 2219 prius

316 2232 401 2266 erat,
423 2227 507 2258 videt
522 2226 599 2257 mihi
614 2236 677 2256 esse
692 2229 814 2256 tontum
829 2226 984 2256 honorem.
1030 2223 1098 2254 Alii
1125 2224 1255 2264 antiqui
1285 2223 1360 2253 libri
1387 2223 1422 2253 in
1449 2222 1512 2252 boc
1537 2231 1612 2252 cum
1640 2231 1680 2252 eo
1695 2231 1776 2253 con·

316 2270 471 2308 cordant,
493 2269 582 2310 quod
598 2270 631 2299 in
647 2278 710 2299 uec
728 2269 792 2309 ipsi
815 2268 963 2299 habent:
990 2277 1120 2297 omnem
1149 2272 1261 2297 antem
1288 2266 1374 2296 hunc
1400 2267 1508 2296 locum
1534 2264 1594 2302 ita,
1618 2265 1703 2294 videt
1727 2275 1775 2295 me

316 2324 378 2344 esse
393 2316 480 2343 tanto
494 2314 616 2343 honore.
662 2312 701 2342 In
718 2311 872 2341 omnibns
896 2320 973 2341 vero
997 2311 1069 2340 aliis
1087 2320 1162 2340 vum
1192 2309 1435 2349 piaepositione
1459 2308 1507 2338 sie
1531 2307 1668 2347 legitur,
1691 2307 1774 2338 videt

316 2367 364 2387 me
379 2366 440 2386 esse
456 2356 487 2385 z'n
503 2358 589 2385 tanto
601 2354 724 2385 honore.
770 2353 907 2384 Alicnbi
926 2358 1038 2384 tamen
1057 2353 1130 2383 llaec
1148 2352 1249 2382 lectio
1266 2356 1317 2381 est
1340 2351 1411 2381 sine
1431 2350 1533 2380 verbo
1548 2359 1632 2380 esse:
1656 2358 1773 2390 quem-

319 2398 497 2430 admodum
515 2403 550 2428 et
565 2398 630 2428 Do.
647 2397 751 2436 legit:
776 2407 875 2437 quam
902 2396 1093 2433 lectionem,
1116 2394 1273 2425 detracta
1301 2400 1413 2424 tamen
1441 2394 1486 2431 in,
1508 2393 1655 2423 omnium
1682 2402 1774 2423 com-

317 2441 544 2472 modissimam
571 2444 607 2470 et
634 2440 795 2470 locutioni
822 2445 858 2470 et
884 2439 995 2469 sensui
1016 2438 1225 2478 judicamus,
1247 2446 1287 2467 ac
1311 2436 1420 2466 versui
1437 2445 1584 2476 quoque.
1610 2435 1669 2465 Fa.
1716 2435 1776 2466 Ille

318 2484 370 2514 ubi
385 2485 478 2514 miser
489 2482 656 2520 famelicos
671 2483 754 2512 videt
770 2492 816 2513 me
832 2485 918 2512 tanto
934 2482 1056 2512 honore.
1102 2482 1178 2511 Esse
1206 2484 1395 2519 agnoscunt
1417 2478 1533 2509 Nostri
1557 2486 1672 2508 omnes
1696 2486 1773 2509 cum

318 2527 405 2557 Edd.
425 2531 508 2556 vett.
555 2526 599 2555 Et
616 2531 722 2555 recte.
745 2525 841 2556 Bent.
883 2524 982 2564 Vulg.
999 2534 1047 2555 me
1062 2533 1126 2554 esse
1140 2524 1272 2553 intanto
1287 2522 1400 2552 honore
1416 2521 1514 2551 nullis
1531 2520 1626 2551 libris
1642 2519 1773 2552 nititur.

318 2570 456 2600 Invenit
472 2569 528 2599 Fa.
544 2578 591 2597 me
607 2571 693 2598 tanto
708 2567 839 2598 honore:
863 2576 963 2608 quem
988 2566 1170 2606 sequimur.
1196 2565 1273 2605 Bz'p.
1318 2564 1375 2595 Sic
1402 2563 1486 2594 daut
1511 2563 1550 2593 Z.
1577 2561 1678 2593 Both.
1723 2561 1774 2593 lbi

317 2613 370 2642 ubi
384 2622 425 2642 m.
441 2611 470 2648 f.
487 2621 515 2640 v.
533 2619 579 2640 me
593 2620 654 2641 esse
668 2613 755 2640 tanto
769 2611 882 2640 honore
898 2610 956 2641 ΒΡ.
1007 2610 1096 2641 Videt
1125 2619 1172 2639 me
1195 2618 1257 2638 esse
1280 2610 1366 2637 tanto
1393 2606 1504 2637 honore
1518 2606 1618 2636 Bent.
1636 2604 1773 2636 Peri.—

319 2658 359 2685 30
383 2655 463 2684 ‘Et’
483 2653 639 2693 rejiciunt
658 2653 690 2682 in
709 2662 840 2683 versum
857 2656 910 2683 29.
930 2653 1029 2683 Beut.
1057 2652 1135 2691 Bip.
1163 2651 1263 2681 Both.
1293 2649 1467 2679 Peru-31
1495 2648 1545 2678 De
1571 2657 1618 2677 me
1644 2647 1775 2677 omittit

324 2699 377 2727 Ην.
424 2697 533 2727 Notat
563 2696 692 2725 Bruns:
716 2695 724 2711 ‘
743 2695 835 2725 Edit.
865 2695 942 2725 add.
964 2696 1001 2725 de
1028 2705 1084 2725 me.
1130 2694 1228 2726 Quod
1257 2692 1406 2729 additur,
1430 2691 1540 2729 glossa
1564 2693 1616 2719 est
1646 2690 1680 2719 in
1704 2690 1774 2720 Ms.

319 2738 454 2769 nost.r0.'
502 2739 572 2769 Dat
589 2738 632 2768 id.
651 2737 725 2768 cod.
741 2738 1007 2769 consecturi.—32
1025 2737 1063 2768 Sa·
1078 2740 1147 2776 pote
1163 2740 1310 2776 tanquam
1320 2733 1566 2774 philosophorum
1580 2730 1690 2762 habent
1707 2732 1772 2762 dis-

319 2782 441 2822 ciplinae
457 2790 496 2812 ex
513 2780 588 2820 ipsis
608 2779 769 2819 Vocabula]
793 2780 831 2811 Si
853 2780 937 2820 potis
960 2783 1005 2810 est
1028 2779 1160 2819 corrigo
1185 2788 1227 2809 ex
1253 2788 1283 2808 o.
1301 2777 1324 2808 l.
1341 2786 1366 2806 s.
1383 2783 1582 2816 versumque
1605 2778 1774 2814 sustento,
