1903 3306
452 232 513 263 DE
546 231 744 263 comicis
781 231 1192 262 nuxrnusmuissus.
1459 222 1541 263 151

97 325 238 364 falsum
259 330 363 364 esset
394 324 444 362 ibi
475 326 641 376 positum
675 324 828 375 pedem,
861 323 1044 375 quoniam
1066 325 1266 363 feriretur:
1297 324 1364 363 sed
1394 332 1541 372 contra,

95 403 224 428 verum
244 396 361 434 esset,
383 388 433 426 ibi
454 389 567 433 feriri,
598 390 778 439 quoniam
799 401 867 439 pes
890 396 1110 438 poneretur.
1168 389 1219 426 At
1238 388 1312 427 hoc
1333 390 1539 438 quaerimus

95 466 198 491 nunc
220 466 305 498 nos,
339 465 454 503 quam
475 453 524 490 ob
551 466 708 491 causam
730 452 779 490 ibi
812 453 960 503 positus
983 452 1045 490 sit.
1102 452 1310 497 Praeterea,
1331 452 1362 489 si
1383 465 1429 489 ea
1447 452 1542 489 ratio

94 522 167 561 est,
186 515 382 566 quomodo
416 516 611 553 constabit
639 516 676 552 in
706 515 934 563 trochaicis,
953 516 1019 566 qui
1050 515 1194 554 ibidem
1227 514 1444 553 feriuntur?
1480 508 1541 552 vUt

93 579 208 629 igitur
228 578 454 629 quaestionis
475 578 661 616 rationem
682 577 786 629 apud
818 591 888 616 nos
910 586 1104 628 putemus,
1125 579 1383 629 intelligamus
1403 591 1541 616 secun-

94 642 187 680 dum
225 644 425 680 verborum
463 642 721 680 inventionem
753 654 851 688 esse,
892 650 933 680 ut
965 655 988 679 a
1022 642 1148 693 longis
1182 642 1424 693 incipiamus,
1444 649 1483 680 et
1503 642 1541 679 in

92 706 226 743 breves
246 705 496 743 deducamur.
554 705 670 750 Nam,
705 717 927 755 quanquam
960 706 1083 743 brevis
1115 706 1266 756 syllaba
1301 712 1438 743 natura
1471 719 1542 743 sua

93 770 194 819 prior
212 776 285 814 est,
320 781 435 820 quam
468 769 599 819 longa,
633 769 775 820 qqupe
811 770 1019 820 simplicior
1050 776 1135 807 est:
1174 777 1300 807 tamen
1335 782 1400 820 per
1432 768 1542 807 initia

93 832 357 870 inventionum
377 834 661 871 cunctabantur
681 832 845 883 primum
864 845 873 870 :
903 846 990 884 quae
1013 833 1110 870 ratio
1133 839 1206 878 est,
1226 839 1270 870 ut
1288 845 1424 870 vocum
1445 834 1540 871 fines

94 898 131 934 in
167 897 477 948 pronuntiatione
497 898 763 935 obscurentur.
824 897 883 934 Ita
919 897 1021 935 enim
1052 896 1275 934 meditantis
1308 904 1347 934 et
1373 897 1543 936 consulti

94 961 209 999 animi
240 961 476 1012 suspendere
496 974 643 1008 vocem,
678 975 755 999 non
777 961 1031 1013 praecipitare.
1100 961 1360 1005 Quamobrem
1389 967 1467 998 tam
1502 962 1541 999 in

95 1024 282 1069 versibus,
302 1038 417 1075 quam
439 1025 475 1062 in
497 1038 613 1075 prosa
632 1026 818 1071 oratione,
847 1031 1124 1076 postremarum
1155 1024 1387 1076 syllabarum
1407 1025 1542 1063 habita

93 1087 191 1125 ratio
213 1095 273 1126 est
293 1089 411 1127 nulla.
479 1089 707 1127 Trochaeum
738 1090 853 1140 igitur
889 1089 1144 1140 antiquiorem
1179 1089 1298 1126 fuisse
1332 1089 1472 1136 iambo,
1502 1097 1541 1127 et

94 1150 291 1203 dactylum
324 1159 523 1203 anapaesto
557 1166 625 1203 par
661 1159 732 1191 est.
791 1153 894 1203 Ergo
927 1152 1165 1190 trochaicum
1193 1166 1344 1190 versum
1376 1153 1539 1191 iambico

91 1214 270 1266 priorem.
316 1215 460 1262 Quare,
481 1230 569 1254 cum
598 1216 730 1268 primae
750 1230 914 1268 quaeque
935 1216 1048 1254 sedes
1069 1216 1241 1255 trochaeo
1262 1217 1401 1254 fuerint
1421 1230 1540 1268 pecu-

93 1278 221 1324 liares,
243 1279 374 1317 alterae
395 1280 450 1316 illi
470 1280 615 1318 relictae
637 1289 742 1320 sunt.
799 1281 1005 1327 Praeterea,
1025 1294 1112 1319 cum
1134 1281 1327 1320 trochaeus
1348 1288 1451 1320 esset
1470 1294 1538 1332 pes

91 1341 283 1389 volubilis,
305 1344 433 1381 statim
455 1357 541 1383 sese
572 1345 736 1396 ingessit
753 1345 789 1382 in
811 1359 975 1384 versum.
1018 1346 1173 1382 Iambus
1196 1352 1324 1382 autem
1342 1353 1540 1396 grassator

91 1404 154 1443 ille
181 1405 283 1444 idem
326 1407 429 1453 fecit,
467 1408 572 1460 quod
608 1408 788 1447 civilibus
829 1409 865 1445 in
902 1409 1014 1446 rebus
1047 1408 1219 1458 plurimis
1250 1408 1537 1446 consuevimus.

91 1469 135 1506 In
157 1469 329 1507 oratione
347 1470 444 1520 ipsa,
465 1478 507 1508 ut
526 1472 722 1523 principiis
741 1472 867 1522 gravis
890 1485 933 1509 ac
950 1471 1087 1509 sedata
1107 1472 1171 1518 sit,
1191 1485 1362 1523 pugnam
1384 1485 1538 1523 quoque

90 1533 242 1571 cautius
265 1534 538 1584 aggredimur:
568 1542 648 1572 tum
682 1535 749 1572 illa
768 1536 930 1573 incitatu
951 1535 1190 1573 effervescit:
1234 1535 1288 1573 sic
1316 1535 1365 1572 ad
1397 1536 1538 1574 saltum

90 1597 154 1633 ubi
186 1609 454 1640 comparamus
486 1611 572 1644 nos,
608 1599 744 1636 fortius
774 1598 913 1649 pedem
941 1599 1107 1649 figimus,
1141 1605 1184 1636 ut
1216 1599 1386 1637 statariae
1420 1613 1537 1637 morae

91 1660 273 1711 majorem
294 1661 478 1713 impetum
499 1663 764 1714 subjiciamus.
809 1663 872 1700 Sic
895 1662 1138 1709 Aristoteles,
1159 1663 1329 1700 omnium
1350 1664 1537 1701 bonarum

90 1725 229 1763 artium
251 1725 446 1772 dominus,
478 1734 624 1765 motum
645 1740 799 1765 omnem
826 1728 898 1765 sub
928 1727 1042 1765 finem
1063 1741 1148 1766 esse
1172 1727 1347 1779 probavit
1366 1728 1538 1766 concita-

88 1787 235 1827 tiorem.
293 1790 353 1828 Ita
373 1791 573 1841 proposito
593 1791 794 1841 spondaeo,
815 1797 854 1828 et
875 1791 1014 1838 iambo,
1035 1791 1156 1828 satius
1173 1791 1245 1829 fuit
1265 1792 1312 1828 ab
1332 1791 1405 1829 hoc
1426 1791 1531 1830 illum

87 1852 226 1903 excipi·
301 1854 494 1892 Praeterea
526 1854 792 1893 recentissima
828 1867 982 1904 quaque
1022 1855 1204 1893 memoria
1244 1855 1322 1892 fere
1360 1855 1537 1893 metimur

87 1916 190 1968 ipsas
208 1930 292 1955 res:
322 1931 440 1969 quare
468 1919 668 1970 assignata
700 1919 822 1971 prima
852 1918 944 1956 sede
976 1918 1187 1964 trochaico,
1219 1918 1355 1956 ultima
1381 1931 1536 1969 quoque

88 1981 306 2019 necessario
327 1982 498 2020 trochaeo
534 1983 677 2020 finitur.
735 1982 834 2026 Quae
867 1982 994 2027 sedes,
1025 1983 1187 2033 primam
1222 1982 1324 2028 dico,
1359 1983 1391 2019 si
1423 1983 1538 2020 iambi

87 2043 237 2091 fuisset,
258 2045 296 2082 in
316 2046 453 2084 ultima
472 2047 639 2085 iambum
662 2047 809 2084 nullum
829 2047 1082 2084 haberemus:
1114 2058 1231 2092 nunc,
1258 2052 1301 2082 ut
1325 2046 1361 2082 in
1397 2059 1443 2084 ea
1472 2046 1536 2084 ille

87 2108 149 2154 sit,
180 2122 294 2160 pares
326 2111 440 2149 sedes
476 2111 530 2149 illi
567 2111 824 2150 attribuendae
857 2112 987 2149 fuere:
1042 2117 1084 2147 ut
1118 2110 1385 2147 recentissimo
1425 2122 1535 2156 sono,

86 2173 226 2224 quippe
244 2175 467 2221 novissimo,
489 2188 598 2213 aures
616 2182 877 2226 spectatorum
891 2181 1134 2224 caperentur.
1175 2173 1272 2217 Quae
1289 2173 1337 2210 de
1358 2174 1536 2212 universa

90 2249 128 2274 re
149 2237 317 2276 dicenda
337 2246 460 2286 erant,
480 2239 557 2277 fere
584 2240 718 2284 habes,
740 2239 872 2290 Sylvi:
915 2251 1034 2288 quare
1063 2237 1247 2287 deinceps
1282 2237 1329 2275 ad
1366 2251 1425 2283 ea,
1446 2251 1533 2288 quae

85 2302 343 2354 particulatim
381 2303 654 2342 animadversa
684 2310 788 2349 sunt,
822 2301 1120 2340 descendamus.
1178 2302 1305 2352 Atque
1340 2301 1533 2352 equidem,

88 2372 133 2403 ut
151 2379 236 2404 sese
260 2365 433 2412 offerent,
455 2367 509 2404 ita
529 2381 575 2405 ea
594 2366 824 2404 describam.
883 2366 941 2403 Sit
970 2378 1062 2416 ergo
1083 2364 1187 2415 quod
1217 2364 1327 2403 affert
1346 2366 1393 2402 ab
1415 2364 1534 2402 Adel-

86 2428 200 2480 phico
221 2443 356 2468 versu:
387 2435 396 2452 ‘
412 2430 515 2474 Quid
534 2431 565 2469 is
587 2430 706 2469 fecit?
735 2429 827 2481 quid
848 2429 912 2467 ille
932 2428 1095 2467 fecerit?
1116 2441 1229 2479 quem
1248 2441 1373 2478 neque
1388 2428 1534 2480 pudet.’

88 2493 186 2530 Cum
200 2493 301 2531 enim
323 2502 555 2545 agnosceret
575 2494 780 2539 senarium,
817 2505 941 2543 neque
972 2493 1158 2529 rationem
1192 2492 1286 2529 inire
1321 2499 1455 2544 posset
1475 2492 1534 2530 di-

86 2557 343 2604 mensionum,
373 2559 534 2596 abstulit
565 2558 722 2596 alteram
754 2570 800 2595 ex
835 2556 990 2607 liquidis
1024 2556 1062 2593 in
1096 2556 1334 2606 pronomine,
1365 2556 1452 2594 ille:
1493 2557 1532 2594 id

85 2620 189 2670 quod
211 2628 254 2658 ut
284 2635 355 2672 ego
375 2635 531 2673 quoque
553 2623 688 2668 fateor,
720 2629 759 2660 et
779 2635 907 2673 posse,
943 2628 981 2659 et
1003 2621 1127 2658 solere
1147 2620 1253 2658 fieri:
1298 2620 1350 2657 ita
1370 2620 1430 2657 hic
1452 2620 1530 2658 duo

83 2682 183 2720 dico.
241 2684 425 2731 Primum,
446 2687 494 2723 ab
514 2698 560 2724 eo
591 2686 774 2724 creticum
806 2692 944 2735 quarta
975 2686 1011 2722 in
1033 2684 1125 2722 sede
1146 2697 1233 2722 esse
1253 2684 1529 2721 constitutum:

83 2758 195 2796 quern
218 2754 346 2786 tamen
382 2749 519 2800 pedem
550 2749 649 2788 adeo
683 2749 894 2794 evitaverit,
926 2755 968 2786 ut
987 2748 1166 2787 everterit
1185 2747 1319 2786 multa.
1380 2746 1530 2785 Deinde
