1945 3296
330 199 415 240 100
629 204 867 237 DANmms
902 201 1096 234 HEthu
1132 201 1482 232 DiSSER'rA'mo.

333 304 407 343 Cui
427 301 538 350 illud,
559 300 736 353 quamvis
758 312 836 338 non
856 300 895 336 in
912 298 1028 336 simili
1048 297 1206 336 omnino
1227 309 1382 347 genere,
1402 296 1596 348 adjungas
1610 295 1722 336 licet:

441 390 544 428 Nam
564 388 700 426 mulier
720 386 845 425 olitori
866 397 1066 436 nunquam
1089 383 1297 435 supplicat,
1317 383 1348 420 si
1370 395 1447 433 qua
1467 388 1527 420 est
1547 381 1673 419 mala:

443 453 559 491 Domi
581 453 699 489 habet
719 452 872 489 hortum
892 458 932 488 et
950 449 1202 488 condimenta
1221 448 1271 484 ad
1287 460 1421 484 omnes
1442 459 1568 484 mores
1580 445 1792 483 maleficos.

336 540 529 578 Rhetores
563 537 774 589 θυμελικὸν,
809 536 891 574 sive
925 534 1128 577 theatrale,
1160 537 1357 571 vocarent.
1430 530 1657 569 Ridiculum
1690 529 1792 568 enim

335 604 468 656 potius
488 614 605 653 quam
623 600 804 639 festivum
821 604 904 637 est:
949 605 1001 644 et,
1028 603 1072 636 ut
1102 597 1152 635 sit
1171 596 1367 641 festivum,
1399 608 1528 641 nemo,
1546 607 1636 632 vere
1660 593 1700 631 in
1732 592 1793 630 his

338 669 541 712 subactus,
567 664 707 702 dixerit
736 669 944 701 venustum
970 674 1083 699 esse:
1115 662 1162 698 ab
1197 674 1270 698 usu
1301 659 1401 697 enim
1419 671 1536 709 quam
1566 656 1795 708 longissime

338 737 531 770 remotum
559 735 632 767 est.
687 727 776 764 Jam
796 739 900 772 vero,
936 739 1025 763 cum
1056 724 1095 763 in
1116 724 1240 763 verbis
1272 723 1457 774 frigidum
1487 728 1555 760 aut
1583 723 1623 759 in
1656 721 1794 764 rebus;

342 795 392 834 de
424 793 550 832 verbis
580 791 825 837 Aristoteles,
860 789 909 828 de
941 789 1057 827 rebus
1086 787 1151 825 alii
1183 794 1360 838 egerunt.
1431 785 1633 836 Frigidum
1667 790 1797 822 autem

334 861 417 912 jam
437 869 635 903 vocamus,
656 868 733 893 non
750 852 1094 905 magniloquentiae
1113 852 1280 890 vicinum
1294 849 1390 889 illud
1403 850 1538 888 vitium
1555 852 1797 900 (quanquam

341 923 438 963 illud
459 934 615 973 quoque
646 920 788 957 habere
806 918 871 956 hic
892 918 1019 956 locum
1041 918 1186 967 potest)
1214 914 1320 966 quod
1344 914 1545 953 discedere
1565 915 1613 952 ab
1641 912 1799 952 urbani-

343 995 424 1028 tate
444 987 596 1025 dicitur.
655 983 786 1030 Quod,
806 988 851 1020 ut
883 979 1061 1020 nonnihil
1081 993 1104 1017 a
1125 978 1281 1017 dicendi
1298 978 1362 1016 hic
1383 977 1580 1029 magistris
1600 978 1798 1019 abeamus,

344 1051 470 1091 modis
490 1050 535 1087 fit
550 1048 738 1100 pluribus.
795 1045 869 1084 Vel
902 1045 941 1082 in
969 1043 1111 1094 frigida
1143 1041 1411 1081 translatione.
1470 1042 1523 1078 Ut
1552 1053 1641 1078 eum
1661 1039 1798 1078 dentes

344 1114 509 1155 calceati
529 1113 724 1151 dicuntur.
767 1110 884 1162 Capt.

454 1199 556 1238 Cum
577 1196 760 1236 calceatis
782 1195 967 1235 dentibus
987 1195 1134 1234 veniam
1157 1201 1302 1233 tamen.

351 1288 402 1325 Et
421 1299 509 1325 cum
528 1286 669 1330 victus,
704 1287 713 1305 ‘
728 1283 873 1322 senteis
901 1281 1067 1329 esitare‚'
1101 1288 1139 1321 et
1171 1287 1181 1303 ‘
1199 1291 1425 1332 scruposam
1445 1277 1547 1316 viam
1566 1287 1782 1315 commeare
1795 1275 1803 1289 '

353 1351 516 1389 dicitur:
546 1362 634 1400 quae
659 1361 753 1386 sane
773 1348 930 1400 frigent.
985 1346 1060 1384 Vel
1091 1346 1129 1384 in
1150 1345 1318 1384 minimis
1343 1340 1611 1382 allusiunculis
1630 1345 1670 1378 et
1687 1339 1804 1390 longe

347 1414 494 1468 petitis.
552 1413 605 1451 Ut
624 1412 810 1451 Poenulo:

457 1497 537 1535 Mx.
567 1496 711 1534 Assum
732 1494 835 1548 apud
855 1502 893 1533 te
914 1507 1065 1534 eccum.
1120 1496 1199 1533 AG.
1228 1495 1281 1531 At
1295 1506 1369 1544 ego
1389 1492 1514 1531 elixus
1535 1491 1588 1530 sis
1608 1489 1710 1529 volo.

354 1564 403 1602 Et
423 1561 529 1613 quod
549 1560 604 1598 illi
624 1560 773 1612 placuit
792 1573 870 1598 non
892 1559 1012 1597 semel
1030 1573 1040 1597 ε

461 1625 592 1676 Magis
612 1624 737 1663 calleo
752 1637 870 1676 quam
890 1635 1109 1676 aprugnum
1128 1621 1271 1660 callum
1290 1621 1421 1659 callet.

355 1693 466 1738 Item,

465 1752 619 1791 Callum
640 1764 859 1802 aprugnum
880 1763 991 1801 aeque
1012 1748 1151 1786 callere
1171 1759 1249 1785 non
1271 1747 1408 1786 sinam.

357 1819 419 1866 Et,

465 1882 626 1926 Quanta
645 1877 785 1917 sumini
805 1876 1036 1924 absumedo,
1056 1881 1203 1927 quanta
1221 1874 1324 1912 callo
1343 1873 1566 1914 calamitas!

361 1947 410 1984 Et
434 1943 591 1983 Curcul.

680 2005 812 2044 Facite
833 2011 990 2044 ventum
1009 2011 1053 2043 ut
1073 2003 1278 2055 gaudeam.
1618 2049 1621 2051 μ

466 2071 547 2110 ΡΗ.
591 2070 777 2108 Maxime.
835 2069 915 2108 Cu.
959 2068 1062 2112 Quid
1096 2066 1254 2106 facitis?
1294 2079 1443 2117 quaeso,
1510 2066 1590 2106 ΡΗ.
1631 2066 1814 2106 Ventum.

577 2134 657 2172 Cu.
688 2133 791 2171 Nolo
812 2132 991 2184 equidem
1011 2131 1104 2169 mihi

471 2197 572 2235 Fieri
590 2196 807 2236 ventulum.
865 2196 945 2235 PH.
976 2195 1080 2239 Quid
1096 2196 1213 2248 igitur
1230 2196 1318 2235 vis?
1367 2198 1444 2235 Cu.
1475 2197 1588 2245 Esse,
1602 2201 1647 2234 ut
1661 2202 1818 2236 ventum

580 2260 786 2312 gaudeam.

367 2348 475 2390 Quas
512 2359 601 2385 cum
631 2344 885 2384 Grammatici
918 2344 1058 2391 Latini,
1097 2344 1162 2396 qui
1195 2345 1309 2383 citius
1344 2344 1485 2383 coelum
1519 2343 1656 2396 digito,
1690 2351 1735 2382 ut
1768 2344 1822 2390 ita

365 2411 518 2460 loquar,
542 2416 850 2461 expugnassent,
883 2421 1002 2459 quam
1030 2415 1076 2446 ut
1105 2409 1303 2447 minimam
1338 2409 1491 2447 Horatii
1528 2408 1643 2447 Oden
1664 2421 1822 2460 expres·

369 2472 525 2518 sissent,
547 2472 788 2523 Morologias
816 2473 855 2510 in
875 2472 1018 2510 Plauto
1039 2472 1228 2516 dixerint;
1260 2472 1433 2510 nondum
1452 2472 1579 2519 video,
1595 2485 1718 2525 quare
1739 2473 1822 2511 Ho-

368 2536 480 2582 ratio,
517 2543 561 2573 ut
599 2549 749 2574 summo
783 2537 1028 2586 maximoque
1066 2537 1215 2584 Poetae,
1254 2537 1309 2574 ita
1340 2536 1485 2574 Critico
1517 2536 1824 2588 incomparabili,

370 2612 484 2650 quem
513 2606 670 2637 acutum
704 2599 940 2650 doctumque
958 2601 1094 2639 Virum
1113 2601 1195 2652 ipse
1221 2601 1271 2639 D.
1293 2601 1554 2652 Hieronymus
1574 2599 1625 2638 ad
1645 2601 1825 2639 Pamma-

371 2663 502 2700 chium
520 2663 687 2708 vocavit,
707 2662 809 2700 idem
831 2675 909 2700 non
938 2662 1104 2702 licuerit.
1162 2665 1256 2714 Ejus
1291 2676 1384 2701 sane
1418 2664 1570 2714 generis
1600 2671 1704 2712 sunt,
1735 2678 1824 2716 quae

373 2726 411 2763 in
433 2725 692 2778 Aristophane
728 2733 901 2773 accusat,
935 2740 1102 2778 quaeque
1136 2727 1302 2767 trivialia
1333 2727 1479 2779 potius,
1510 2740 1627 2779 quam
1659 2736 1703 2767 ut
1721 2729 1822 2767 Viris
