1945 3296
341 232 398 273 80
898 242 958 271 mi
991 240 1244 270 THEATRO.

343 352 460 391 quam
482 343 661 389 ageretur
683 337 898 381 Comoedia,
915 337 974 375 vel
997 337 1094 373 inter
1116 335 1222 385 ipsos
1240 340 1364 373 actus.
1398 334 1512 373 Unde
1528 334 1623 373 illud
1646 335 1810 375 Plautit'

344 410 354 425 ‘
372 404 528 442 Tibicen
552 417 619 442 vos
642 403 788 439 interea
806 401 869 438 hic
894 398 1133 437 delectabit!
1190 397 1387 436 Ludiones
1419 405 1549 438 autem
1579 405 1620 437 et
1647 398 1801 438 histrio-

344 480 414 506 nes
437 468 485 506 ad
520 468 688 506 tibicinis
718 465 856 504 modos
888 464 1099 505 saltabant,
1129 468 1168 500 et
1195 462 1372 499 nonnihil
1407 462 1523 500 etiam
1545 462 1801 501 diverbiorum

345 533 662 582 pronuntiabant.
722 530 835 566 Unde
870 528 998 565 Livius
1018 540 1026 564 ε
1070 534 1079 548 ⁴
1097 526 1291 564 Ludiones
1325 541 1373 564 ex
1409 526 1562 564 Etruria
1596 527 1722 572 acciti,
1752 527 1803 565 ad

347 597 513 635 tibicinis
538 596 675 634 modos
712 594 914 638 saltantes,
944 598 1011 628 aut
1041 590 1247 628 indecoros
1282 596 1408 628 motus
1430 604 1536 629 more
1557 591 1713 629 Thusco
1735 591 1805 629 da-

345 660 466 698 bant.’
522 660 725 711 Proprium
749 657 850 695 enim
870 654 1066 692 ludiorum
1087 667 1133 691 ac
1153 653 1368 692 morionum
1391 660 1474 691 erat
1493 660 1620 692 motus
1640 654 1806 693 decoros

348 738 393 763 ac
422 730 557 775 gestus
593 725 751 761 omnino
785 721 971 757 decentes
1007 717 1227 756 ostendere.
1301 717 1517 755 Tibicinum
1556 724 1686 756 autem
1723 725 1807 756 erat

349 789 546 832 decorum,
568 786 720 831 modos,
740 785 814 821 boc
835 790 908 829 est,
926 794 1131 820 mensuras
1150 781 1188 818 in
1214 786 1333 818 cantu
1354 782 1573 827 observare,
1603 781 1808 820 remissos-

349 866 439 904 que,
461 858 527 889 aut
549 857 700 895 acutOS‚
723 847 919 886 autetiam
944 860 1080 897 graves
1097 846 1223 883 facere
1243 858 1310 895 pro
1333 845 1501 882 arbitrio.
1543 846 1589 882 In
1601 844 1810 896 Tragoedia

349 924 388 954 et
409 916 536 954 Satira
554 914 751 952 sexdecim
780 924 941 949 numero
970 909 1281 948 interveniebant
1299 909 1493 946 moriones
1514 916 1553 946 et
1570 908 1806 952 histriones;

349 982 387 1018 in
411 979 612 1018 Comoedia
634 980 748 1016 etiam
769 982 934 1028 quatuor
955 980 994 1012 et
1013 974 1163 1024 viginti.
1223 973 1298 1017 Qui
1332 972 1446 1010 simul
1483 960 1663 1010 coacti-in
1685 972 1810 1023 quoli-

350 1046 417 1083 bet
433 1044 570 1082 horum
594 1055 749 1093 genere,
770 1051 967 1089 unamque
988 1051 1067 1075 rem
1085 1044 1262 1088 agenteS‚
1283 1045 1325 1074 ut
1339 1037 1419 1087 jain
1441 1035 1588 1073 dictum
1608 1041 1683 1083 est,
1706 1035 1810 1074 Cho-

351 1121 417 1146 rus
438 1108 700 1149 vocabantur3
736 1104 850 1142 divisi
884 1104 921 1140 in
958 1102 1056 1140 duas
1096 1109 1241 1153 partes,
1277 1100 1541 1139 Semichoria:
1584 1099 1648 1138 ubi
1680 1107 1809 1137 autem

353 1178 488 1224 gestus
509 1178 548 1209 et
565 1178 704 1209 cantus
727 1169 978 1207 absolverant
998 1180 1104 1213 suos,
1122 1174 1204 1204 tum
1220 1166 1256 1203 in
1279 1171 1411 1217 partes
1432 1163 1562 1214 plures
1581 1163 1811 1202 divideban-

352 1243 439 1274 tur:
469 1243 513 1273 ut
533 1235 597 1273 alii
617 1241 750 1273 essent
772 1233 836 1284 qui
869 1244 998 1277 senes,
1027 1230 1090 1268 alii
1125 1230 1189 1280 qui
1210 1236 1416 1270 amatores,
1448 1226 1710 1273 mulierculas,
1732 1239 1812 1264 ser-

354 1313 423 1337 vos
444 1299 638 1346 luderent,
658 1296 914 1350 personisque
936 1307 981 1332 ac
1003 1294 1168 1331 vestium
1189 1292 1373 1330 varietate
1393 1290 1660 1338 induerentur,
1680 1303 1812 1341 quem-

354 1363 567 1402 admodum
583 1375 644 1400 res
666 1361 884 1406 exhibebat,
907 1372 952 1397 ac
973 1357 1088 1396 moris
1110 1363 1191 1395 erat
1213 1355 1316 1408 apud
1337 1368 1419 1394 eOS.

375 1516 616 1554 AMICTUS
648 1515 713 1552 ET
740 1513 1011 1551 PERSONAE
1042 1510 1392 1549 HISTRIONUM
1424 1505 1799 1547 SCENICORUM.

412 1621 617 1660 Personati
636 1620 845 1658 histriones
869 1620 1040 1670 agebant
1060 1616 1316 1663 Comoediam,
1337 1628 1464 1666 neque
1486 1612 1815 1664 agnoscebantur.

359 1686 437 1724 Sed
459 1686 512 1724 ita
527 1685 754 1736 compositae
776 1698 821 1723 ac
841 1683 1022 1722 conflatae
1043 1688 1152 1721 erant
1170 1694 1362 1732 personae,
1375 1687 1419 1717 ut
1437 1678 1622 1716 referrent
1637 1676 1675 1714 id
1689 1676 1817 1727 ipsum

359 1749 465 1802 quod
486 1762 508 1788 a
528 1750 643 1787 mimo
665 1750 878 1799 agebatur;
925 1747 1137 1796 liceretque
1172 1746 1243 1783 sub
1275 1744 1368 1795 ipsis
1399 1756 1533 1781 vocem
1566 1741 1649 1792 ejus
1685 1739 1818 1778 audire

358 1814 533 1852 liberam.
591 1812 708 1858 Nam,
730 1811 833 1862 quod
858 1810 1037 1848 nonnulli
1067 1810 1215 1855 dicunt,
1241 1807 1450 1845 histriones
1471 1813 1623 1844 tantum
1646 1804 1818 1855 gestibus

362 1877 603 1916 Comoediam
625 1877 766 1927 egisse,
798 1888 876 1913 non
905 1874 1020 1911 etiam
1041 1872 1128 1911 viva
1154 1871 1384 1923 prolatione,
1405 1869 1444 1907 id
1466 1870 1592 1907 minus
1613 1868 1704 1906 mihi
1730 1880 1820 1918 pro-

360 1941 533 1980 bandum
556 1954 641 1979 esse
663 1940 826 1977 videtur.
884 1938 1161 1976 Vestiebantur
1181 1949 1336 1987 quoque
1354 1934 1563 1972 histriones
1582 1946 1650 1984 pro
1672 1932 1819 1970 ratione

362 2019 509 2052 eorum,
540 2018 639 2055 quos
672 2004 901 2048 referebant,
936 2002 1012 2039 hoc
1046 2007 1118 2047 est,
1150 2000 1210 2037 vel
1245 2012 1455 2044 servorum,
1491 1998 1550 2035 vel
1578 2009 1728 2041 senum,
1758 1995 1820 2033 vel

364 2070 521 2107 alterius
551 2082 729 2119 personae
751 2066 911 2104 diversis
934 2064 1073 2102 modis.
1131 2064 1297 2101 Senibus
1329 2062 1488 2100 comicis
1509 2060 1702 2099 candidus
1723 2060 1822 2097 Ves-

364 2134 457 2171 titus
479 2133 659 2177 dabatur,
679 2132 744 2182 qui
763 2131 877 2169 etiam
895 2128 1189 2179 antiquissimus
1210 2126 1330 2164 fuisse
1350 2131 1595 2164 memoratur.
1654 2122 1823 2160 Adoles-

365 2204 498 2235 centes
521 2196 703 2234 discolori
723 2204 829 2234 veste
850 2194 1174 2244 contegebantur.
1233 2190 1341 2229 Servi
1360 2189 1496 2228 comici
1518 2189 1658 2226 amictu
1681 2187 1822 2225 vestie-

365 2264 507 2300 bantur
526 2261 684 2311 exiguo,
706 2258 945 2310 paupertatis
967 2258 1137 2306 antiquae
1158 2255 1296 2306 gratia,
1312 2253 1372 2292 vel
1392 2266 1469 2305 quo
1490 2251 1709 2304 expeditius
1730 2263 1822 2301 age-

364 2333 462 2364 rent.
517 2325 683 2362 Parasiti
702 2338 789 2361 cuin
826 2322 978 2360 intortis
1012 2320 1137 2371 palliis
1159 2319 1382 2371 prodibant.
1440 2317 1587 2355 Milites
1616 2314 1821 2366 chlamyde

366 2402 561 2441 purpurea
581 2389 801 2426 utebantur.
859 2386 1008 2424 Puellae
1027 2385 1183 2423 habitus
1206 2390 1288 2422 erat
1304 2382 1542 2434 peregrinus.
1587 2381 1692 2418 Leno
1707 2379 1823 2430 pallio

368 2454 464 2490 varii
485 2453 626 2490 coloris
648 2452 897 2489 vestiebatur.
943 2449 1210 2488 Meretricibus
1231 2447 1425 2484 dabantur
1447 2445 1637 2495 Syrmata‚
1654 2443 1727 2481 hoc
1749 2450 1822 2489 est,

369 2524 496 2555 vestes
517 2529 714 2567 expansae,
736 2522 773 2552 et
794 2527 881 2564 quae
916 2513 1071 2563 longius
1107 2511 1381 2549 trahebantur:
1424 2514 1535 2546 erant
1565 2520 1719 2558 quoque
1739 2507 1823 2557 ple-

370 2593 532 2630 rumque
553 2579 645 2617 lutei
662 2578 817 2622 coloris,
837 2579 886 2615 ob
908 2576 1121 2614 avaritiam.
1181 2575 1358 2625 Syrmata
1372 2572 1503 2617 etiam,
1524 2584 1591 2609 seu
1611 2570 1718 2621 pulla
1737 2584 1823 2620 ges-

371 2643 706 2681 tabantluctuosa
739 2641 989 2685 funeralibus,
1018 2653 1105 2690 quae
1136 2637 1321 2676 incuriam
1354 2636 1412 2673 sui
1441 2648 1509 2686 per
1546 2633 1823 2685 negligentiam

373 2708 658 2758 significabant.
717 2705 809 2749 Sed,
832 2705 860 2741 si
882 2703 1039 2753 quando
1057 2701 1285 2740 variandum
1305 2701 1343 2737 in
1365 2698 1573 2737 Comoediis
1593 2704 1688 2744 erat,
1708 2698 1826 2736 vcsti-

375 2778 516 2821 iusque
547 2768 847 2809 commutandus
880 2780 947 2817 pro
977 2766 1193 2811 affectibus,
1224 2777 1323 2815 quos
1356 2776 1404 2802 ex
1435 2761 1647 2801 Comoediae
1675 2762 1824 2801 actibus
