1976 3296
734 242 1006 274 PRAEFA‘mo,
1537 232 1590 272 19

143 345 362 384 nutabam.
413 341 532 383 Nam
553 352 691 393 neque
710 338 861 392 nuperi
884 337 980 392 ejus
995 335 1186 377 editores
1207 336 1261 376 cl.
1280 334 1538 376 Schmieder
1551 350 1591 376 a.

143 411 271 452 1794.
293 413 337 451 et
358 409 415 450 01.
449 407 591 450 Bothe
611 406 737 448 1806.
768 418 913 458 neque
949 404 1043 457 alii,
1082 404 1159 458 qui
1191 410 1294 444 ante
1329 404 1439 444 istos
1473 404 1590 444 viros

144 478 426 518 doctissimos
447 476 502 517 de
532 474 736 518 Terentio
755 473 928 514 edendo
961 477 1003 513 et
1036 471 1297 512 illustrando
1318 472 1428 512 bene
1448 472 1593 512 meriti

146 550 261 594 sunt,
283 545 480 586 codicem
501 542 749 584 laudarunt.
809 540 997 581 Bothius
1019 552 1097 580 sex
1120 539 1299 580 codices
1316 539 1592 591 manuscrip-

144 619 232 662 tos,
253 625 408 665 nempe
447 615 535 659 tres
575 609 904 656 Berolinenses‚
938 607 1048 647 duos
1084 606 1516 660 GuelpherbytanOS,
1552 612 1597 646 et

145 693 279 722 unum
304 677 710 720 Helmstadiensem
726 676 782 717 ad
797 674 1099 717 adornandam
1119 674 1355 714 editionem
1375 687 1499 714 suam
1519 673 1596 714 ad-

144 747 301 789 hibuit.
363 746 467 787 Non
489 745 621 787 credo
646 744 891 785 Halensem
912 741 1140 795 despectui
1164 741 1206 781 ei
1228 741 1420 781 futurum
1441 740 1597 790 fuisse,

146 815 184 856 si
204 815 256 855 de
277 827 330 855 eo
352 812 520 866 aliquid
541 811 673 853 fando
695 810 953 852 audivisset.
1014 809 1177 849 Extare
1214 808 1415 849 codicem
1434 808 1598 849 Teren—

146 882 198 922 tii
222 881 357 922 Halae
378 881 424 921 in
444 879 731 928 bibliotheca,
755 892 853 934 quae
873 883 942 918 est
972 876 1175 918 ecclesiae
1210 876 1256 917 S.
1280 875 1453 926 Mariae,
1488 876 1600 917 indi-

147 954 298 991 carant
318 947 522 990 Stiebritz
542 948 588 987 in
610 946 815 1000 Epitome
838 945 1170 999 Descriptionis
1193 944 1359 985 Circuli
1398 944 1549 985 Salani
1573 957 1600 984 a

148 1015 457 1071 Dreyhauptio
492 1016 760 1068 conscriptae
795 1014 849 1055 T.
873 1025 927 1055 11.
961 1028 1004 1068 p.
1024 1013 1125 1055 293.
1157 1025 1409 1067 quanquam
1443 1016 1601 1066 praeter

149 1084 355 1125 notitiam
377 1087 529 1124 extare
559 1083 620 1124 ibi
651 1082 848 1123 Terentii
888 1081 1089 1122 codicem
1110 1081 1491 1121 membranaceum
1511 1081 1601 1120 4t0.

148 1152 255 1192 nihil
274 1151 434 1201 attulit,
453 1154 495 1192 et
511 1162 666 1192 censor
685 1149 891 1190 editionis
905 1148 1270 1190 Schmiederianae
1292 1148 1336 1188 in
1352 1147 1603 1200 Ephemeri-

150 1220 279 1260 dibus
301 1219 528 1261 Literariis
546 1217 807 1268 Catholicis,
831 1215 1112 1271 (Allgemeine
1135 1215 1312 1256 Literat.
1333 1214 1508 1270 Zeitung
1521 1213 1599 1257 No.

151 1289 250 1330 327.
271 1287 375 1329 Vol.
398 1299 463 1328 ιν.
500 1301 544 1341 p.
564 1283 658 1340 37.)
688 1286 764 1340 qui
796 1289 978 1326 annotat
1009 1289 1274 1338 apparatum
1311 1284 1510 1324 criticum
1547 1284 1603 1323 ab

151 1355 588 1408 editoreneglectum
608 1367 719 1403 esse,
738 1365 992 1406 quanquam
1015 1352 1146 1392 Halae
1169 1351 1314 1392 codex
1336 1350 1424 1391 Ms.
1440 1350 1605 1391 Teren-

152 1423 203 1463 tii
223 1423 471 1477 reperiatur.
532 1422 659 1462 Binis
682 1420 751 1461 his
784 1421 973 1462 testibus
996 1420 1198 1474 exceptis
1231 1419 1377 1460 nullus
1408 1419 1513 1459 mihi
1542 1418 1604 1458 in-

151 1491 309 1541 notuit,
331 1490 410 1545 qui
431 1489 633 1531 codicem
654 1489 869 1531 laudavit.

211 1557 480 1612 Priusquam
503 1558 754 1608 consilium,
772 1557 891 1611 quod
912 1558 957 1598 in
986 1557 1072 1597 hoc
1093 1569 1225 1609 opere
1246 1555 1339 1605 inii,
1354 1555 1607 1595 accuratius

153 1625 359 1676 indicem,
381 1625 549 1667 codicis
568 1625 817 1676 historiam,
837 1625 1046 1675 indolem,
1066 1624 1391 1677 antiquitatem,
1430 1627 1474 1663 et
1497 1635 1609 1676 prae-

154 1694 358 1735 stantiam
388 1692 653 1734 describam.
729 1693 832 1735 Fuit
868 1692 1047 1747 quidem
1077 1692 1236 1740 codex,
1271 1696 1319 1732 ut
1357 1704 1415 1731 ex
1450 1690 1610 1731 notitia

154 1760 342 1816 praefixa
362 1765 535 1802 certum
555 1763 638 1811 est,
671 1760 776 1802 olim
808 1760 1035 1814 peculium
1078 1759 1264 1800 Henrici
1304 1757 1610 1810 Ellenbergeri,

154 1830 377 1883 utriusque
399 1827 644 1870 Medicinae
663 1828 892 1878 Doctoris,
922 1832 967 1868 et
990 1826 1215 1868 Archiatri
1235 1826 1458 1879 quondam
1489 1838 1611 1866 reve·

155 1896 413 1938 rendissimi
451 1909 504 1937 ac
536 1896 805 1938 serenissimi
838 1896 1059 1950 principis
1096 1894 1333 1936 Christiani
1366 1893 1612 1941 Wilhelmi,

155 1962 501 2017 Archiepiscopi
531 1963 885 2016 Magdeburgici,
924 1963 999 2016 qui
1031 1962 1274 2004 secundum
1312 1961 1610 2002 Stiebritzium

155 2031 183 2071 l.
198 2044 236 2072 0.
249 2031 304 2072 Τ.
319 2042 350 2072 1.
365 2044 410 2085 p.
422 2031 520 2072 195.
533 2035 579 2072 et
592 2030 692 2074 259.
707 2031 764 2072 ad
777 2031 1042 2084 dignitatem
1058 2030 1469 2084 archiepiscopatus
1483 2042 1610 2070 evec-

158 2102 228 2139 tus
250 2101 320 2140 est
339 2112 381 2140 a.
402 2098 528 2140 1609.
550 2103 752 2140 mortuus
773 2112 815 2140 a,
841 2099 967 2140 1665.
1029 2098 1100 2139 Ex
1134 2097 1430 2150 Ellenbergeri
1460 2110 1612 2149 nempe

159 2166 232 2207 avi
254 2167 325 2207 sui
345 2166 532 2207 materni
561 2166 837 2207 bibliotheca
866 2166 1068 2206 codicem
1088 2166 1173 2206 sibi
1194 2165 1468 2218 comparavit
1485 2170 1527 2205 et
1547 2165 1613 2206 bi—

159 2234 391 2275 bliothecae
412 2234 570 2287 patriae
594 2234 742 2275 inferri
761 2235 934 2275 curavit
952 2233 1165 2274 Melchior
1184 2232 1346 2282 Redel,
1360 2233 1515 2273 consul
1536 2245 1614 2285 pa-

159 2302 270 2351 triae,
291 2302 377 2342 hoc
398 2315 574 2344 munere
595 2303 776 2344 functus
799 2315 840 2344 a.
862 2302 1041 2344 1667...]
1051 2301 1148 2343 690.
1172 2306 1219 2341 et
1237 2305 1436 2341 mortuus
1459 2300 1586 2342 1691.

218 2368 429 2412 Continet
448 2369 593 2410 codex
615 2370 809 2423 scriptus
844 2369 887 2410 in
918 2370 1172 2410 membrana
1194 2368 1305 2408 satis
1328 2381 1495 2417 crassa,
1527 2368 1613 2408 sor-

164 2449 252 2485 ma,
276 2449 409 2490 quam
431 2441 609 2487 vocant,
641 2437 777 2477 ‘folio
808 2436 995 2486 minori,'
1020 2437 1063 2477 in
1097 2435 1406 2489 quaterniones
1433 2436 1615 2488 compli-

161 2507 276 2553 cata,
294 2503 486 2544 Terentii
507 2502 763 2544 Comoedias
781 2516 880 2553 sex,
893 2504 1015 2544 nullo
1036 2517 1241 2544 versuum
1260 2502 1498 2544 interstitio
1521 2504 1615 2544 sive

154 2571 318 2624 junctis
333 2571 548 2621 versibus,
585 2575 746 2624 praeter
767 2577 1067 2624 argumentum
1087 2575 1133 2612 et
1153 2571 1380 2625 prologum
1415 2569 1614 2611 Andriae,

159 2637 392 2692 prologum
427 2636 644 2688 Eunuchi,
677 2644 812 2692 atque
855 2638 1102 2679 Heautont.
1140 2638 1242 2680 Act.
1268 2649 1319 2678 11.
1355 2639 1430 2680 Sc.
1453 2639 1494 2679 4.
1525 2651 1615 2679 vss,

162 2705 316 2746 1—14.
338 2719 440 2759 quae
461 2706 611 2747 omnia
630 2707 833 2747 versibus
855 2707 1000 2748 divisa
1018 2710 1134 2747 sunt.
1195 2707 1418 2748 Lacunam
1439 2706 1615 2748 unicam

165 2773 209 2814 in
231 2773 442 2816 Eunucho
471 2772 642 2815 videsis
678 2787 778 2828 pag.
799 2774 1046 2817 224—232.
1069 2774 1205 2829 hujus
1233 2786 1361 2816 novae
1398 2772 1613 2814 editionis.
