1945 3296
310 235 341 265 A
372 234 626 265 'rssssnwrro
662 235 854 264 LATINE
890 234 1304 266 lNTERPRETA'rA.
1453 229 1536 270 113

84 329 223 366 Νοσῶν
241 332 269 367 τ’
288 332 381 378 ἀνὴρ
399 334 580 376 νοσοῦντι,
604 332 662 367 καὶ
681 329 884 379 δυσπραξίᾳ

85 391 250 442 Ληφθεὶς
269 392 401 445 ἐπῳδός
422 394 502 431 ἐστι
522 396 574 449 ⁷93,
590 397 815 445 πειρωμένῳ.

89 455 180 492 Seni
202 456 332 493 senilis
352 455 813 506 linguajucundissima:

85 517 264 569 Puerque
288 532 421 570 puero,
442 526 482 556 et
501 526 591 569 apta
611 519 757 557 mulieri
777 520 938 560 mulier:

86 582 136 619 Et
155 596 259 632 aeger
279 596 410 633 aegro:
441 596 598 633 pressus
621 584 831 622 infortunio

84 645 267 688 Lenimen
288 652 349 682 est
366 645 511 683 homini
526 646 637 683 malis
659 648 843 685 exercito.

82 713 92 730 ‘
109 708 246 746 Aliena
266 710 403 746 melius
424 716 467 747 ut
485 709 671 747 videant.'
727 710 769 746 In
793 710 896 748 hanc
919 712 1150 749 sententiam
1173 712 1412 751 Menander:

84 773 217 811 Οὐθεὶς
237 775 293 810 ἐπ’
311 776 421 810 αὐτοῦ
440 776 484 812 τὰ
505 777 595 811 κακὰ
618 777 767 823 συνορᾷ,
788 774 981 826 Πάμφιλε,

85 837 223 888 Σαφῶς,
246 839 370 888 ἑτέρου
388 837 417 875 δ’
436 839 738 889 ἀσχημονοῦντος
759 838 904 885 ὄψεται.

86 902 228 951 Aperte
250 914 320 939 sua
339 901 441 939 mala
461 914 574 939 nemo
592 901 713 948 videt,
734 915 757 940 o
778 902 996 953 Pamphile,

85 964 164 1002 Sed
185 964 341 1002 alterius
368 960 573 1016 peccatum
593 966 895 1017 conspicabitur.

646 1062 734 1100 Act.
757 1075 818 1100 [ν.
851 1064 913 1100 Sc.
938 1076 989 1100 11.

88 1142 97 1157 ‘
123 1135 228 1173 Nihil
260 1144 337 1173 tam
365 1135 521 1174 difficile
553 1137 647 1186 quin
682 1137 929 1187 quaerendo.⁷
980 1138 1198 1176 Menander
1219 1140 1320 1191 apud
1342 1141 1541 1181 Stobaeum

139 1199 258 1252 Λόγῳ
281 1202 321 1237 κ’.

91 1265 243 1302 ἿᾹλωτὰ
264 1268 411 1311 ’γίνεται
431 1264 626 1314 ἐπιμελείᾳ
645 1266 702 1301 καὶ
727 1268 824 1316 πόνῳ
844 1267 1009 1302 ἅπαντα.
1039 1270 1043 1272 ’

91 1327 232 1365 Omnia
250 1334 402 1378 queunt
421 1327 618 1365 laboribus
639 1336 678 1365 et
696 1327 888 1366 industria
907 1329 1196 1379 comprehendi.

639 1431 727 1469 Act.
754 1445 815 1469 Ιν.
864 1433 928 1470 Sc.
951 1447 989 1471 v,

93 1508 103 1523 ‘
122 1504 195 1541 Jus
228 1517 435 1552 summum,
457 1518 607 1543 summa
641 1506 805 1557 injuria.'
862 1508 1080 1546 Menander
1101 1508 1205 1560 apud
1226 1509 1423 1547 Stobaeum
1458 1510 1547 1547 Ser-

141 1580 256 1605 mone
275 1567 354 1617 μβ’.

246 1653 405 1660 —·—-·-—
422 1631 504 1669 ‘OE'
524 1633 617 1680 ὁρῶν
637 1630 714 1670 τούς
734 1635 864 1683 νόμους

88 1695 194 1734 Λίαν
213 1695 383 1745 ἀκριβῶς,
407 1697 631 1748 συκοφάντης
649 1701 832 1747 φαίνεται.

248 1781 407 1788 ————-
425 1759 500 1803 Qui
522 1758 630 1809 leges
651 1760 823 1797 intuetur
843 1760 1009 1810 optimas

89 1822 212 1861 Nimis
234 1830 429 1869 accurate,
449 1823 515 1860 ille
536 1823 781 1874 sycophanta
800 1837 957 1875 prorsus
976 1833 1049 1863 est.

668 1910 756 1948 Act.
781 1922 823 1948 v·
856 1911 919 1950 Sc.
943 1925 974 1950 1.

91 1987 102 2003 ‘
116 1984 330 2033 Argentum
351 1989 395 2020 ut
415 1983 557 2022 dares.'
614 1985 817 2035 Expressit
833 1985 939 2025 hunc
960 1986 1169 2025 Menandri
1190 1987 1420 2025 versiculum
1440 2001 1448 2025 ε

90 2046 273 2094 Λουτρόν,
294 2048 530 2094 Θεραπαίνας,
551 2050 607 2085 καὶ
626 2050 890 2100 ἀργυρώματα.

93 2109 276 2156 Balneas,
297 2109 473 2156 ancillas,
494 2117 533 2148 et
552 2112 754 2162 pecunias.

649 2203 740 2241 Act.
764 2216 804 2242 v.
841 2204 907 2242 Sc.
933 2218 982 2242 11.

95 2279 104 2295 ⁶
123 2273 245 2312 Modo
265 2274 382 2312 liceat
400 2275 541 2322 vivere,
562 2283 622 2314 est
642 2276 760 2327 spes.'
814 2278 1077 2330 Apollodorus
1094 2293 1102 2317 ε

92 2337 192 2376 Οὒὸἑ
212 2341 289 2376 ποτ’
306 2340 462 2389 ἀθυμεῖν
482 2340 546 2377 τὸν
564 2346 677 2377 κακῶς
696 2342 910 2389 πράσσοντα

83 2400 250 2450 ”Ανδρα,
271 2404 317 2439 τά
333 2401 474 2450 βελτίω
493 2401 535 2440 δὲ
551 2403 760 2454 προσδοκᾷν
779 2407 853 2443 ἀεί.

94 2465 138 2502 In
158 2465 321 2503 miseriis
341 2455 459 2504 nuliis
481 2465 679 2505 labascere
699 2469 893 2515 convenit,

94 2528 260 2567 Meliora
279 2528 350 2568 sed
369 2542 524 2581 sperare
545 2543 696 2582 semper
720 2531 851 2571 affore.

673 2623 758 2661 Act.
778 2636 820 2661 v.
851 2624 913 2662 Sc.
938 2636 978 2662 v.

98 2698 108 2714 ‘
131 2694 236 2739 Quid
254 2694 369 2733 istic?
399 2695 514 2734 video
537 2709 616 2736 non
635 2697 765 2745 licere,
784 2705 828 2736 ut
846 2712 1052 2751 coeperam,
1072 2699 1147 2738 hoc
1167 2698 1423 2751 pertendere!
1462 2699 1548 2737 Me-

148 2757 297 2796 nander
315 2771 325 2795 t

181 2820 298 2862 Delph.
309 2825 341 2853 et
355 2821 431 2854 ναν.
446 2822 532 2854 Clas.
763 2824 887 2857 Terent.
1429 2824 1462 2854 H
