1903 3306
617 227 824 258 ANDRIAE
857 226 966 258 Aer.
1002 225 1053 256 11.
1085 227 1155 257 sc.
1181 227 1231 257 11.
1567 216 1651 258 311

195 326 262 368 Te
295 326 441 380 ipsum
474 337 656 379 quaero:
687 335 814 378 euge,
849 322 1065 364 Charine:
1098 321 1230 362 ambo
1262 329 1538 375 opportune:
1572 335 1653 364 vos

372 387 488 433 volo'.

199 460 287 503 CH.
315 461 455 511 Dave,
476 459 599 514 perii.
651 458 743 499 DA.
765 457 883 509 Quin
904 462 951 499 tu
972 457 1054 498 hoc
1076 456 1194 498 audi.
1235 455 1322 497 CH.
1346 455 1514 499 Interii.
1560 458 1654 501 DA.

372 527 495 578 Quid
518 527 673 568 timeas
694 526 804 567 seio.

200 595 287 637 PA.
311 596 416 637 Mea
435 595 610 649 quidem
629 594 774 635 hercle
794 598 911 636 certe
933 594 978 634 in
1000 593 1137 634 dubio
1159 592 1255 634 vita
1274 592 1341 634 'st.
1369 593 1460 635 DA.
1480 592 1536 634 Et
1552 593 1656 647 quid
1706 640 1711 645 ⁴
1753 621 1755 624 ι

372 667 432 724 Q
453 663 562 704 scio.
1602 662 1657 702 10
1705 676 1708 678 ’

200 731 286 772 ΡΑ.
313 730 501 785 Nuptiae
521 730 641 771 mihi.
702 729 795 772 DA.
817 729 874 770 Et
895 729 940 770 id
963 728 1071 771 scio.
1124 728 1211 770 ΡΑ.
1234 728 1397 772 Hodie.
1450 729 1541 770 DA.
1565 728 1659 770 Ob„

370 799 534 849 tundis,
555 799 731 842 tametsi
751 798 959 851 intelligo.

201 866 254 908 Id
275 880 431 922 paves,
450 864 512 936 ¹¹2
523 867 663 909 ducas
679 869 727 908 tu
748 866 893 908 illam:
917 871 964 907 tu
987 870 1150 916 autem,
1173 870 1221 926 ut
1239 866 1395 907 ducas.
1434 863 1522 906 CH.
1545 864 1658 905 Rem

372 940 507 978 tenes.

199 1067 315 1097 quaero.
363 1059 466 1098 Euge,
478 1069 495 1090 o
514 1058 660 1098 Charine,
676 1059 763 1090 ambo
778 1062 944 1099 opportune
959 1058 1086 1090 adestis.
1137 1057 1198 1089 Vos
1213 1058 1327 1098 ulloqui
1343 1058 1420 1089 tolo.
1467 1056 1534 1088 CH.
1559 1056 1661 1095 Dave,

195 1101 290 1140 perii.
333 1101 401 1133 DA.
426 1102 536 1141 Immo,
562 1106 596 1132 tu
622 1103 677 1132 hoc
701 1102 787 1132 audi.
834 1102 901 1133 CR.
931 1102 1065 1132 Prorsus
1086 1102 1123 1132 «Ie
1143 1111 1190 1132 me
1204 1105 1306 1131 actum
1325 1104 1383 1131 est.
1427 1101 1500 1132 DA.
1526 1099 1611 1135 Quid
1627 1102 1662 1129 tu

198 1143 311 1175 timeas
325 1144 400 1177 scio.
447 1145 512 1176 ΡΑ.
536 1145 612 1176 Mea
627 1145 749 1185 quidem
764 1144 863 1176 hercle
878 1144 942 1175 cita
960 1145 989 1175 ἰη
1005 1144 1099 1184 gravi
1113 1144 1250 1184 periculo
1264 1147 1419 1175 versatur.
1467 1143 1541 1174 DA.
1566 1143 1611 1172 Et
1628 1144 1663 1172 tu

198 1187 271 1225 quid
282 1187 393 1218 timeas
406 1197 521 1228 quoque
535 1188 610 1220 suiv.
658 1187 724 1218 ΡΑ.
751 1187 882 1227 Nuptias
905 1187 980 1218 mihi
1005 1190 1125 1227 parutoe
1139 1190 1223 1218 sunt.
1268 1188 1341 1218 DA.
1368 1187 1411 1217 Et
1426 1186 1461 1217 id
1473 1186 1547 1217 scio.
1592 1185 1661 1216 PA.

200 1229 241 1259 In
266 1229 346 1261 hunc
371 1230 469 1271 ipsum
491 1231 584 1262 diem.
632 1231 704 1262 DA.
730 1231 784 1261 Me
800 1230 902 1261 verbis
929 1240 1047 1268 enecas,
1075 1230 1213 1270 quamvis
1238 1230 1311 1270 quid
1334 1230 1450 1260 sentias
1474 1228 1661 1268 intelligam.

201 1271 260 1312 Tu,
274 1283 292 1303 ο
310 1273 483 1315 Pamphile,
497 1273 530 1304 id
547 1273 669 1313 metuis,
697 1283 735 1305 ne
755 1274 849 1305 ducas
872 1282 999 1304 uxorem
1024 1273 1243 1305 Philumenam
1256 1283 1268 1311 ς
1301 1277 1335 1304 tu
1364 1272 1513 1313 Charine,
1541 1281 1578 1303 ne
1602 1281 1663 1303 uon

815 1368 1049 1380 eeeeeeeeeeee

200 1443 268 1475 quo
292 1435 393 1467 modo
420 1434 601 1467 scribatur.
647 1435 736 1466 Nam
769 1434 914 1466 Romani
942 1434 1020 1466 olim
1039 1434 1191 1475 aspirare
1208 1443 1251 1465 ex
1268 1443 1330 1465 usu
1348 1438 1479 1465 tantum
1496 1433 1663 1474 solebant,

199 1477 311 1517 figura
327 1479 438 1510 literae
456 1478 490 1509 H
506 1478 655 1509 nondum
672 1478 820 1518 cognita.
849 1478 938 1509 Perl.
962 1478 1019 1518 qui
1036 1477 1097 1508 dat
1112 1477 1223 1508 Habeo
1241 1487 1317 1508 curn
1341 1477 1445 1508 Both.
1491 1477 1560 1508 Pro
1578 1477 1665 1508 Cha.

200 1521 277 1552 rino
292 1521 354 1552 dat
377 1522 437 1552 ΒΓ.
452 1521 599 1552 medium
616 1530 806 1552 sermonem
823 1520 857 1551 in
874 1521 905 1551 b.
923 1531 953 1552 v.
973 1520 1163 1561 Pamphilo,
1187 1519 1277 1561 quod
1293 1519 1427 1551 faciunt
1441 1520 1544 1551 Bent.
1562 1520 1663 1553 Both.

201 1564 297 1597 Peri.
317 1566 327 1582 ‘
343 1564 432 1595 Edd.
447 1564 536 1596 male
555 1563 733 1603 tribuunt‚'
757 1564 806 1595 ait
823 1564 946 1596 Bruns.
969 1568 977 1581 ‘
991 1563 1078 1594 hauc
1094 1564 1264 1604 loquelam
1279 1563 1439 1600 Charino,
1463 1567 1501 1593 ut
1524 1568 1593 1594 tum
1620 1574 1663 1595 ex

201 1607 382 1638 antecedd.
409 1612 479 1638 tum
501 1617 662 1648 conseqq.
680 1607 807 1638 clarum
834 1606 912 1638 est!
962 1607 1057 1638 Vocat
1081 1613 1158 1647 post
1180 1610 1189 1624 ⁶
1207 1605 1283 1647 qui’
1307 1605 1424 1638 Guelf.
1446 1608 1542 1637 2.—S
1565 1607 1663 1639 Vett.

200 1649 280 1682 edd.
304 1660 321 1681 o
340 1650 489 1682 Charine.
537 1651 627 1681 Dedi
642 1650 816 1690 quaerebam
837 1659 900 1691 pro
927 1650 1018 1690 vulg.
1041 1659 1157 1690 quaero.
1181 1649 1282 1680 Both.
1326 1649 1443 1681 Ambos
1459 1647 1571 1680 Guelf.
1589 1653 1664 1680 l.—

199 1695 221 1724 9
244 1692 386 1733 Integer
401 1693 455 1724 hic
470 1693 565 1725 locus
583 1694 675 1724 varie
693 1694 830 1734 legitur.
872 1693 971 1724 Bem.
988 1693 1037 1725 ita
1052 1703 1059 1723 z
1086 1692 1156 1725 CH.
1171 1693 1272 1729 Dave,
1291 1692 1387 1733 perii.
1433 1692 1502 1724 DA.
1529 1692 1614 1728 Quin
1629 1698 1665 1725 tu

199 1736 256 1768 Iwc
269 1737 355 1769 audi.
399 1736 498 1768 ΡΑΜ.
522 1736 647 1768 Interii.
693 1736 737 1767 D.
763 1736 848 1773 Quid
863 1735 986 1776 timeas,
1006 1736 1078 1767 scio.
1124 1737 1194 1767 CH.
1217 1736 1293 1767 Mea
1313 1735 1437 1776 quidem
1460 1736 1559 1766 hercle
1582 1741 1664 1768 certe

200 1780 234 1810 z'n
259 1779 351 1811 dubio
375 1779 441 1810 vita
466 1778 519 1810 ἐπ.
564 1780 610 1812 D.
634 1780 680 1811 Et
702 1779 776 1819 quid
801 1783 849 1816 tu,
873 1779 947 1811 scio.
1003 1779 1101 1810 ΡΑΜ.
1127 1778 1256 1819 Nuptiae
1282 1779 1372 1810 mihi.
1418 1779 1466 1810 D.
1491 1778 1576 1818 Etsi,
1590 1779 1665 1811 scio.

201 1822 334 1860 Malim,
361 1822 390 1853 si
416 1822 496 1864 quid
521 1822 771 1861 solicitandum‚
799 1822 1015 1862 Pamphilum
1045 1823 1137 1863 prius
1165 1822 1280 1853 facere
1300 1822 1509 1863 loquentem,
1525 1822 1595 1853 ita:
1620 1822 1662 1853 P.

200 1865 301 1905 Dave,
313 1866 407 1905 perii.
454 1866 499 1897 D.
516 1867 600 1902 Quin
618 1869 652 1896 ίιι
666 1866 721 1897 hoc
735 1866 821 1897 audi.
866 1866 907 1896 P.
924 1865 1050 1896 Interii.
1094 1865 1137 1895 D.
1157 1865 1242 1901 Quid
1255 1865 1377 1903 timeas,
1391 1865 1466 1896 scio.
1503 1865 1570 1896 Cn.
1587 1865 1664 1896 Mea

199 1908 322 1948 quidem
337 1908 439 1940 hercle
454 1912 536 1941 certe
550 1910 581 1940 in
598 1909 690 1940 dubio
707 1909 772 1940 vita
788 1908 838 1939 ἐξ.
883 1909 929 1939 D.
946 1909 991 1939 Et
1007 1910 1082 1949 quid
1098 1912 1144 1947 tu,
1157 1908 1231 1939 scio.
1279 1909 1321 1939 P.
1339 1908 1472 1948 Nuptiae
1486 1908 1574 1939 mihi.
1620 1909 1663 1940 D.

200 1951 245 1982 Et
260 1952 293 1982 id
306 1951 380 1983 scio.
405 1952 513 1983 West.
560 1952 634 1984 Etsi
654 1951 771 1991 verba,
798 1951 930 1990 ‘Dave‚
955 1950 1228 1991 perii—interii,⁷
1250 1951 1403 1982 Donatus
1420 1951 1559 1983 ascribit
1576 1951 1664 1983 Cha—

201 1994 287 2032 rino,
310 2000 422 2026 tamen
447 1995 491 2026 ob
518 2004 719 2026 consensum
748 1994 849 2026 codd.
866 1999 901 2026 et
917 1995 1071 2026 contexti
1088 1995 1254 2026 rationem
1271 1993 1456 2025 tribuenda
1471 2000 1547 2026 sunt
1565 1995 1664 2025 Pam-

202 2036 305 2076 philo.
356 2037 442 2068 Nam
460 2037 642 2069 absurdum
657 2042 710 2070 est
724 2047 790 2069 non
808 2037 908 2068 modo
928 2038 1060 2077 priores
1079 2038 1131 2068 vel
1156 2038 1189 2068 in
1211 2047 1326 2068 amore
1345 2038 1400 2068 vel
1426 2042 1520 2069 metu
1547 2043 1663 2078 partes

200 2080 347 2111 Charino
364 2080 458 2121 dare,
479 2081 538 2112 sed
562 2085 598 2112 et
624 2081 757 2112 Davum
774 2081 867 2122 prius
884 2080 1028 2111 alienum
1047 2090 1147 2121 quam
1161 2080 1304 2111 herilem
1321 2079 1426 2111 filium
1444 2081 1662 2121 compellare.

199 2123 296 2155 Bent.
339 2123 436 2155 Bem.
452 2124 606 2165 sequitur
621 2124 751 2155 Perlet.
790 2123 1016 2154 Westerhovii
1040 2124 1243 2154 sententiam
1261 2124 1302 2155 de
1321 2124 1473 2164 personis
1491 2124 1662 2155 mutandis

200 2166 303 2197 Bent.
320 2170 357 2197 et
372 2166 474 2199 Both.
511 2167 743 2198 Praecesserat
758 2167 906 2197 ssr.—10
930 2166 981 2198 M.
1003 2175 1067 2197 non
1086 2166 1241 2206 agnoscit
1256 2167 1377 2198 hercle:
1401 2166 1461 2198 sed
1486 2176 1548 2197 nec
1572 2167 1664 2206 plus-

198 2208 267 2240 culi
283 2209 350 2240 alii.
394 2208 561 2241 Defendit
576 2210 652 2242 Riv.
671 2215 708 2241 et
722 2209 859 2240 videtur
875 2209 1010 2240 omnino
1027 2209 1254 2241 retinendum.
1279 2210 1360 2241 Hul.
1384 2210 1430 2240 Et
1445 2213 1479 2240 tu
1491 2211 1576 2250 quid,
1589 2211 1666 2250 scio,

200 2252 393 2292 elegantius
410 2258 445 2284 et
461 2253 715 2293 ἐμφατικώτερον.
743 2253 839 2283 West.
886 2251 960 2284 EA.
984 2252 1051 2284 ET.
1067 2258 1102 2283 et
1124 2253 1206 2284 EM.
1229 2262 1294 2283 non
1311 2259 1501 2292 agnoscunt
1516 2252 1553 2283 τὸ
1567 2258 1664 2286 certe.

200 2294 252 2326 Id.
268 2296 303 2326 in
318 2293 410 2327 Add.
457 2296 550 2327 Certe
565 2299 600 2327 et
615 2297 690 2336 quid
702 2299 737 2326 tu
756 2296 822 2327 Do.
839 2294 955 2335 habet,
973 2300 1042 2326 tres
1057 2296 1148 2333 libri,
1165 2306 1248 2337 quos
1265 2295 1349 2326 vidit
1365 2295 1527 2331 Faernus,
1543 2300 1579 2328 et
1594 2307 1662 2328 me-

199 2337 299 2369 liores
316 2347 359 2369 ex
373 2339 510 2371 nostris.
549 2340 670 2371 Recte.
687 2339 783 2370 Bent.
831 2338 874 2369 Et
887 2339 961 2378 quid
975 2336 1033 2369 tu?
1052 2339 1114 2370 scio
1129 2339 1189 2370 Br.
1208 2339 1320 2370 Notat
1336 2340 1469 2370 Bruns:
1494 2342 1502 2356 ‘
1519 2340 1661 2371 Rectius

199 2380 298 2412 abest
314 2381 446 2422 signnm
462 2382 696 2423 interrogandi
713 2380 838 2413 editis.’
885 2380 1000 2413 Guelf.
1020 2384 1049 2413 l.
1066 2381 1178 2414 omitt.
1193 2386 1288 2419 certe,
1314 2387 1350 2413 et
1366 2380 1482 2414 Guelf.
1498 2386 1530 2414 2.
1547 2383 1660 2414 omitt.

198 2422 393 2455 hercle—11
412 2424 496 2456 Mss.
514 2425 658 2465 plusculi
684 2425 727 2456 Et
752 2426 782 2456 si
807 2424 881 2464 scio,
905 2425 1014 2455 minus
1040 2425 1229 2464 eleganter.
1258 2425 1360 2457 West.
1406 2426 1568 2466 Plerique
1585 2426 1660 2457 libri

200 2466 324 2498 FaErni
339 2467 467 2499 habent
483 2468 528 2499 Et
542 2468 571 2499 si
585 2469 670 2505 scio;
686 2468 791 2499 nostri
811 2466 932 2508 partim
950 2468 993 2498 Et
1009 2467 1041 2498 id
1056 2467 1130 2506 seio,
1147 2469 1272 2509 partim
1288 2468 1361 2499 Etsi
1374 2468 1448 2499 scio.
1486 2469 1660 2501 Posterio-

201 2518 273 2541 rem
299 2510 483 2541 lectionem
509 2511 656 2552 requirit
678 2511 861 2542 sententia.
884 2510 998 2542 Bent.·
1030 2510 1169 2551 Nuptiae.
1203 2511 1285 2542 Mss.
1306 2512 1386 2542 Par.
1404 2511 1482 2543 add.
1498 2516 1661 2551 parantur.

201 2551 296 2584 Perl.
337 2553 379 2583 Et
395 2553 436 2592 si,
451 2553 515 2584 scio
529 2554 589 2585 ΒΓ.
627 2555 673 2585 Et
687 2554 716 2585 si
730 2554 791 2585 scio
808 2554 848 2585 Z.
890 2554 962 2584 Etsi
977 2551 1065 2584 scio?
1090 2554 1193 2585 Bent.
1210 2554 1315 2586 Both.
1354 2555 1399 2585 Et
1413 2555 1440 2585 si
1454 2554 1540 2596 scio!
1566 2555 1659 2587 Peri.

200 2595 366 2636 quinotat
380 2595 496 2629 Guelf.
512 2599 541 2628 1.
558 2596 683 2628 habere
700 2598 741 2628 Et
759 2597 886 2639 absque
902 2597 942 2635 si,
954 2599 986 2628 2.
999 2598 1030 2627 id
1047 2606 1108 2638 pro
1121 2596 1159 2637 si,
1175 2600 1206 2628 3.
1222 2601 1252 2628 et
1270 2608 1330 2638 pro
1345 2598 1470 2630 aul—12
1487 2599 1601 2629 Pares.
1619 2599 1659 2630 R.

858 2672 1004 2705 NOTAE

247 2737 287 2767 12
313 2735 364 2766 Ne
385 2737 478 2767 ducas
501 2740 535 2768 tu
555 2737 661 2774 illam5
683 2741 718 2768 tu
739 2741 902 2777 aute1n‚ut
960 2738 1048 2769 tinet
1076 2737 1118 2768 ad
1146 2736 1324 2778 fugienda:
1350 2739 1359 2755 ζ
1380 2738 1434 2769 ut’
1462 2739 1503 2768 ad
1533 2739 1661 2778 cupita.

200 2787 311 2828 ducas]
337 2787 420 2819 Post
438 2787 541 2819 verba
559 2788 714 2829 timendi,
728 2789 737 2805 ‘
757 2788 904 2831 ne'per-
961 2798 1020 2830 pro
1039 2799 1103 2831 quo
1121 2788 1276 2828 dicimus,
1296 2790 1304 2805 ‘
1321 2798 1362 2820 ne
1378 2789 1464 2820 non.'
1503 2790 1593 2829 Ergo
1611 2790 1662 2820 vir
