1945 3296
348 217 432 259 110
633 225 758 255 LOCA
794 223 1064 254 MENANDR!
1102 223 1160 252 ΕΤ
1194 220 1515 252 APOLLODORI

914 319 1004 355 Act.
1026 329 1062 355 v.
1095 317 1158 355 Sc.
1183 329 1245 354 xv.

349 405 357 420 ‘
384 397 685 450 Sycophantas.'
729 392 945 432 Menander
966 391 1151 443 Γεωργῷε

350 465 428 501 Καὶ
449 462 674 512 συκοφάντης
694 459 799 496 εὐθὺς
818 459 837 494 ὁ
860 457 900 495 τὸ
920 455 1116 505 τριβώνιον

340 528 475 578 ”Εχων
495 529 678 569 καλεῖται,
699 521 769 560 κᾶν
789 521 1023 570 ἀδικούμενος
1045 521 1152 570 τύχῃ.

351 592 425 629 Cui
445 589 563 628 vestis
585 586 777 639 squalida,
806 583 1051 636 sycophanta
1072 581 1211 618 dicitur

349 654 504 700 Statim,
523 651 699 704 quamvis
718 649 888 701 patiatur
906 648 988 699 ipse
1010 645 1201 697 injuriam.

350 725 359 741 ‘
383 720 446 757 Sic
466 724 526 756 est
544 716 633 754 hic!
679 712 898 752 Menander
916 725 924 749 :

351 782 469 821 Οὗτος
489 782 594 819 αὐτός
613 780 728 817 ἐστιν.

858 858 1064 896 ΕυΝυεΗ.
1121 855 1305 907 Prologo.

351 947 361 963 ‘
383 941 633 990 Responsum
653 947 730 972 non
749 933 897 971 dictum
916 944 1016 976 esse,
1049 930 1141 981 quia
1160 929 1264 968 laesit
1284 929 1416 981 prius.'
1462 926 1538 965 Hic
1560 937 1693 966 versus
1713 938 1807 963 con-

402 1004 505 1056 gruit
525 1001 691 1046 senario,
711 1012 758 1036 ex
779 995 985 1035 Menandri
1007 994 1198 1046 Olynthia
1216 1008 1224 1031 :

347 1070 408 1107 Ὠς
427 1070 506 1120 οὐχ’
525 1067 715 1116 ὑπάρχων,
734 1065 838 1100 ἀλλά
859 1063 1137 1111 τιμωρούμενος.

348 1135 402 1172 Ut
421 1133 486 1184 qui
505 1143 583 1168 non
604 1127 706 1179 prior
726 1125 918 1176 incipiam,
941 1122 1012 1161 sed
1031 1135 1092 1160 me
1112 1121 1317 1160 vindicem.

928 1209 1023 1248 Act.
1046 1221 1076 1246 1.
1106 1208 1170 1247 Sc.
1194 1221 1224 1246 1.

351 1301 360 1317 ‘
379 1293 459 1332 Sed
491 1293 576 1343 ipsa
604 1286 826 1339 egreditur!
873 1283 1092 1322 Menander
1125 1283 1163 1320 in
1194 1281 1366 1333 Prologo
1402 1279 1576 1326 Fabulae,
1609 1277 1728 1316 Thais
1749 1278 1806 1314 in-

404 1356 572 1408 scriptae,
606 1350 903 1403 elegantissimis
923 1347 1050 1386 verbis
1072 1346 1154 1397 ejus
1174 1345 1257 1391 ἦθος
1283 1345 1488 1397 expressit,
1523 1355 1622 1394 quos
1652 1341 1808 1380 Plutar-

403 1423 501 1462 chus
520 1421 559 1458 in
581 1414 870 1457 Commentario
890 1413 940 1450 de
961 1410 1178 1449 Audiendis
1200 1410 1333 1449 Poetis
1354 1410 1469 1448 refert
1488 1409 1562 1447 hoc
1581 1406 1725 1446 modo:

350 1490 455 1540 Ἐμοὶ
474 1487 543 1537 μὲν
563 1482 627 1522 οὖν
646 1479 748 1519 ἄειδε
767 1479 954 1524 τοιαύτην,
975 1475 1070 1522 Θεὰ,

348 1554 555 1602 Θρασεῖαν,
575 1551 716 1597 ὡραῖαν
736 1543 790 1590 δὲ,
811 1545 870 1581 καὶ
888 1544 1050 1587 πιθανὴν
1069 1542 1164 1591 ἅμα,

348 1617 588 1659 Ἀδικοῦσαν,
610 1612 897 1653 ἀποκλείουσαν,
926 1609 1106 1644 αἰτοῦσαν
1126 1609 1258 1650 πυκνὰ,

350 1681 526 1728 Μηδενὸς
545 1681 703 1727 ἐρῶσαν,
724 1675 1047 1722 προσποιουμένην
1067 1669 1095 1707 δ’
1114 1672 1188 1707 ἀεί,

351 1748 470 1785 Nunc
490 1744 596 1781 illam
617 1740 733 1778 talem
756 1749 865 1780 cane,
887 1733 992 1785 quod
1014 1741 1051 1771 te
1076 1745 1247 1777 veneror,
1270 1732 1368 1776 Dea,

350 1812 549 1853 Ferocem,
575 1806 642 1844 sed
662 1801 910 1855 pulchellam,
931 1806 970 1837 et
990 1798 1321 1847 illecebriloquam
1341 1808 1349 1837 ;

351 1873 620 1927 Injustificam,
641 1867 876 1909 clusiforem,
897 1862 1234 1915 poscinummiam,

351 1940 402 1978 Et
421 1938 762 1977 neminamantem,
783 1941 933 1979 semper
954 1926 1200 1964 simulantem
1223 1931 1366 1961 tannen.

903 2020 990 2057 Act.
1014 2032 1066 2056 ΙΙ.
1098 2019 1160 2056 Sc.
1186 2030 1235 2054 11.

351 2114 361 2131 ‘
384 2110 423 2147 Is
442 2105 649 2159 quaestus!
696 2100 912 2139 Menander
931 2112 939 2136 :

352 2173 515 2223 Πράττει
536 2170 565 2208 δ’
586 2170 604 2205 ὁ
624 2170 734 2213 κόλαξ
755 2167 886 2214 ἄριστα
906 2162 1071 2200 πάντων.

351 2239 452 2276 Cum
472 2235 673 2274 adulatore
694 2229 821 2281 agitur
841 2239 945 2265 nunc
956 2225 1136 2265 omnium
1156 2223 1313 2275 optime.

349 2307 361 2326 ‘
385 2303 445 2339 Ne
466 2298 646 2339 sursum?
702 2292 921 2332 Menandro
951 2296 1024 2337 est,
1057 2291 1279 2340 στρέφεσθαι
1308 2287 1385 2324 ἄνω
1415 2284 1522 2321 κάτω.
1583 2280 1647 2318 Sic
1678 2277 1807 2316 enim:

339 2367 482 2416 ”Ωιμην
501 2366 576 2413 ἐγὼ
596 2360 676 2401 τούς
694 2361 906 2402 πλουσίους,
925 2353 952 2392 ὦ
969 2353 1106 2400 Φανία,

350 2430 419 2470 Οἷε
438 2433 488 2481 μὴ
507 2429 546 2467 τὸ
567 2426 808 2465 δανείὲεσθαι
826 2422 1040 2471 πρόσεστιν,
1062 2420 1104 2456 οὒ
1126 2420 1272 2456 στένειν

350 2495 429 2533 Τὰς
449 2497 590 2537 νύκτας,
612 2487 694 2527 οὐδὲ
714 2487 976 2537 στρεφομένους
997 2484 1073 2520 ἄνω
1093 2486 1202 2526 κάτω,

352 2559 481 2608 Οἳμοι,
502 2559 644 2602 λέγειν.

352 2622 546 2660 Putabam
566 2630 654 2668 ego,
675 2615 828 2660 divites,
850 2627 873 2652 o
893 2613 1068 2652 Phania!

352 2685 505 2730 Quibus
524 2682 633 2720 nulla
647 2681 792 2718 foenore
811 2676 1026 2729 accipiendi
1047 2673 1262 2712 necessitas
1281 2668 1484 2713 incumbit,
1506 2678 1630 2716 neque
1653 2675 1804 2715 gemere

353 2749 497 2793 Noctu,
518 2757 643 2795 neque
666 2755 819 2782 sursum
843 2741 1024 2779 deorsum
1044 2735 1237 2777 versando
1258 2747 1343 2773 sese

355 2812 633 2863 Ejularc.---
924 2799 927 2802 ¹
