1945 3296
668 230 731 259 na
764 229 1012 260 THEATRO.
1515 226 1571 265 05

110 321 264 372 positae,
286 322 322 360 in
344 335 385 360 se
408 335 484 360 non
506 323 694 361 habentes
716 323 789 360 nisi
811 331 1014 362 venustam
1036 325 1294 376 elegantiam:
1323 328 1457 377 quales
1480 339 1570 368 sunt

111 385 304 423 Plautinae
323 400 331 424 :
364 386 624 437 Rhyntonicae
645 387 858 425 Comoediae
879 388 996 426 dictae
1014 390 1061 426 ab
1083 389 1266 428 Auctoris
1288 393 1441 430 nomine
1459 406 1467 429 :
1498 395 1570 431 Ta-

109 449 310 495 bernariae,
345 451 393 487 ab
419 450 636 488 humilitate
658 453 875 502 argumenti
899 460 938 490 et
958 454 1047 504 styli
1067 467 1075 492 :
1107 453 1286 492 Palliatae
1307 456 1355 492 ab
1375 456 1507 495 habitu
1532 466 1571 495 et

109 519 338 563 argumento
360 513 514 552 Graeco.
555 514 681 559 Mimi,
711 516 759 552 ab
782 515 1045 554 inverecunda
1064 517 1276 557 imitatione
1292 519 1424 557 vilium
1442 534 1568 559 rerum

108 583 146 614 et
164 576 306 614 levium
326 590 593 628 personarum.
636 578 867 629 Planipedia
887 594 1042 631 qnoque
1065 582 1266 620 Comoedia
1287 582 1405 629 dicta,
1428 586 1476 621 ob
1498 585 1570 622 hu-

107 639 306 678 militatem
326 642 556 691 argumenti,
589 654 634 680 ac
656 642 842 680 vilitatem
865 652 1053 689 actorum,
1087 645 1152 695 qui
1174 658 1251 683 non
1273 646 1478 692 cothurno,
1501 657 1569 685 aut

109 716 226 742 socco
246 705 451 743 utebantur
474 705 512 742 in
533 719 663 751 scena,
695 714 761 743 aut
780 706 945 757 pulpito,
968 707 1036 744 sed
1068 703 1185 758 plano
1214 709 1313 759 pede
1332 723 1340 746 z
1371 710 1431 747 vel
1465 711 1571 757 ideo,

107 768 211 818 quod
233 782 310 807 non
332 781 378 806 ea
399 768 557 819 negotia
587 770 799 815 contineat,
829 784 916 820 quae
953 784 1206 821 personarum
1236 772 1273 808 in
1295 773 1479 820 turribus,
1502 783 1569 812 aut

106 832 143 868 in
167 831 379 869 coenaculis
398 832 655 870 habitantium
678 840 782 878 sunt,
802 833 870 870 sed
891 834 929 870 in
953 834 1072 884 plano
1093 843 1130 873 et
1152 835 1284 873 humili
1305 837 1404 874 loco.

163 895 344 934 Omnium
367 903 494 935 autem
518 897 805 935 Comoediarum
827 898 984 949 scripta,
1018 913 1105 950 quae
1128 900 1314 938 Dramata
1342 901 1470 940 Graeci
1501 917 1570 942 vo-

106 961 263 1006 cabant,
290 974 338 999 ex
358 969 524 1012 quatuor
546 962 660 999 rebus
685 963 843 999 omnino
866 970 1096 1002 sumuntur:
1127 965 1296 1011 nomine,
1328 965 1428 1012 loco,
1450 967 1568 1016 facto,

107 1029 262 1062 eventu.
307 1023 487 1070 Nomine,
503 1032 547 1062 u't
567 1024 764 1071 Phormio,
787 1025 955 1077 Hecyra,
978 1026 1182 1078 Gurg-ulio,
1205 1028 1406 1078 Epidicus.
1452 1032 1567 1079 Loco,

106 1093 149 1124 ut
168 1086 330 1133 Andria,
352 1087 562 1133 Leucadia,
588 1088 849 1126 Brundusina.
901 1090 1036 1136 Facto,
1059 1098 1103 1129 ut
1125 1092 1353 1139 Eunuchus,
1374 1095 1567 1142 Asinaria,

55 1136 60 1141 ’
107 1150 272 1200 Captivi.
330 1151 496 1197 Eventu,
527 1157 571 1188 ut
591 1151 916 1199 Commorientes,
939 1154 1123 1204 Adelphi,
1157 1155 1566 1196 Heautontimorume-

105 1226 190 1252 nos.
248 1214 442 1252 Dividitur
461 1215 572 1253 Nova
594 1215 797 1254 Comoedia
818 1216 855 1253 in
876 1224 1042 1268 quatuor
1063 1226 1216 1269 partes:
1239 1221 1456 1272 prologum,
1478 1235 1567 1272 pro-

104 1277 220 1324 tasin,
240 1279 422 1329 epitasin,
441 1280 733 1331 catastrophen.

159 1341 351 1393 Prologus
379 1349 439 1381 est
459 1344 578 1382 veluti
599 1345 776 1395 praefatio
797 1347 979 1396 quaedam
1002 1347 1177 1395 Fabulae,
1209 1349 1248 1385 in
1269 1362 1347 1400 qua
1368 1350 1428 1389 vel
1450 1352 1566 1401 po'e'ta

105 1412 326 1452 excusatur,
347 1408 407 1444 vel
428 1408 559 1446 fabula
580 1410 887 1448 commendatur.

159 1471 331 1509 Protasis
353 1478 413 1509 est
432 1472 577 1522 primus
599 1480 709 1511 actus
729 1473 902 1519 Fabulae,
930 1476 968 1512 in
998 1488 1075 1525 qno
1095 1489 1185 1527 pars
1206 1479 1423 1528 argumenti
1445 1478 1567 1529 expli-

103 1540 226 1581 catur,
245 1547 335 1585 pars
356 1535 551 1582 reticetur,
573 1537 621 1574 ad
642 1537 776 1588 populi
797 1539 1107 1589 expectationem
1129 1542 1353 1580 tenendam.

158 1598 328 1649 Epitasis
348 1598 627 1637 incrementum
651 1608 725 1646 est,
756 1613 1042 1652 processusque
1064 1604 1277 1651 turbarum,
1308 1611 1347 1642 et
1377 1605 1566 1643 involutio

104 1662 336 1712 argumenti,
356 1663 468 1713 cujus
489 1664 684 1714 elegantia
706 1666 963 1703 connectitur.

158 1726 419 1777 Catastrophe
450 1734 510 1765 est
538 1728 745 1778 explicatio
777 1729 950 1776 Fabulae,
982 1743 1050 1781 per
1073 1744 1189 1782 quarn
1210 1738 1373 1770 eventus
1394 1733 1477 1783 ejus
1499 1747 1565 1771 ex·-

100 1789 268 1841 plicatur
288 1797 405 1841 atque
427 1793 674 1843 approbatur.

271 1909 344 1948 DE
373 1910 645 1950 LUDORUM
676 1913 1047 1957 ANTIQUORUM
1079 1914 1404 1952 GENERIBUS.

156 1994 313 2043 Verum,
344 2002 388 2035 ut
413 1997 538 2035 omnis
561 1997 848 2035 comoediarum
872 1999 969 2035 ratio
990 1998 1141 2037 facilius
1163 1999 1416 2050 intelligatur,
1449 2006 1564 2050 atque

103 2056 203 2095 adeo
223 2072 283 2106 ea,
306 2073 395 2111 quae
424 2074 578 2099 omnem
600 2062 888 2099 Comoediarum
921 2062 1113 2101 actionem
1143 2070 1337 2114 spectant,
1359 2063 1565 2102 attenden-

102 2119 195 2159 dum
216 2130 277 2160 est
303 2125 483 2176 primum,
513 2126 673 2176 quando
704 2127 854 2173 fierent,
884 2140 962 2178 quo
992 2127 1094 2173 loco,
1127 2135 1166 2165 et
1186 2141 1263 2178 qua
1283 2129 1419 2166 forma.
1478 2128 1564 2165 Hoc

103 2191 232 2223 autem
253 2193 333 2224 tum
355 2187 510 2225 demum
532 2188 654 2227 lector
676 2189 882 2240 intelliget,
914 2203 1001 2228 cum
1033 2192 1266 2241 pernoverit,
1298 2192 1393 2242 quid
1423 2192 1568 2230 fuerint

102 2248 207 2300 apud
229 2250 423 2302 antiquOS‚
445 2253 555 2300 Ludi,
576 2253 757 2301 Theatra,
780 2254 918 2300 Actus,
941 2256 1092 2302 Scenae,
1113 2261 1152 2293 et
1175 2255 1399 2306 hujusmodi
1421 2263 1563 2294 cetera.

156 2312 279 2351 Vetus
303 2314 433 2365 itaque
456 2315 672 2362 Comoedia,
702 2317 791 2354 item
814 2318 929 2355 etiam
952 2318 1170 2369 Tragoedia,
1190 2319 1356 2369 primum
1378 2319 1440 2370 agi
1462 2320 1563 2357 sole-

101 2377 211 2414 bata
232 2377 398 2425 Graecis,
429 2378 467 2415 in
499 2380 593 2417 vicis
625 2387 664 2418 et
698 2381 818 2431 pratis
850 2381 1047 2428 mollibus,
1079 2383 1258 2434 ascriptis
1285 2389 1325 2420 et
1351 2384 1561 2434 propositis

101 2441 283 2490 praemiis,
314 2442 454 2493 quibus
476 2443 525 2480 ad
548 2443 795 2482 scribendum
828 2447 1029 2496 poetarum
1054 2455 1359 2496 provocarentur
1379 2447 1561 2498 ingenia:

103 2505 296 2543 actoribus
317 2519 473 2558 quoque
492 2520 654 2545 munera
674 2507 948 2554 offerebantur,
975 2522 1167 2560 caperque
1188 2510 1292 2548 dono
1320 2510 1499 2558 dabatur,
1521 2519 1562 2549 nt

101 2565 284 2606 libentius
309 2569 487 2620 jucundo
518 2572 624 2609 vocis
653 2572 756 2610 flexu
778 2573 826 2610 ad
850 2573 1102 2611 dulcedinum
1124 2574 1471 2612 commentationes
1493 2588 1561 2625 po-

102 2630 234 2681 pulum
257 2633 469 2674 allicerent.

157 2699 387 2747 Agebantur
408 2699 621 2737 Comoediae
652 2707 691 2738 et
710 2700 927 2750 Tragoediae
949 2700 1052 2751 apud
1074 2702 1360 2739 vetustissimos
1381 2703 1416 2739 in
1440 2702 1562 2739 hono-

102 2774 181 2802 rem
202 2762 327 2812 Liberi
347 2763 479 2813 patris.
536 2765 579 2802 In
601 2764 711 2803 Italia
731 2765 895 2816 primum
917 2772 1014 2804 actae
1038 2773 1128 2803 sunt
1149 2766 1420 2816 Compitalitiis
1443 2765 1562 2802 Ludi-

187 2825 302 2867 Delph.
318 2829 348 2857 et
369 2826 438 2858 Var.
455 2828 537 2859 Clas,
780 2829 901 2863 Terent.
1448 2829 1475 2859 E
