<?xml version="1.0" encoding="UTF-8"?>
<!DOCTYPE html PUBLIC "-//W3C//DTD XHTML 1.0 Transitional//EN"
    "http://www.w3.org/TR/xhtml1/DTD/xhtml1-transitional.dtd">
<html xmlns="http://www.w3.org/1999/xhtml" xml:lang="en" lang="en">
 <head>
  <title>
</title>
<meta http-equiv="Content-Type" content="text/html;charset=utf-8" />
  <meta name='ocr-system' content='tesseract 3.04.00' />
  <meta name='ocr-capabilities' content='ocr_page ocr_carea ocr_par ocr_line ocrx_word'/>
</head>
<body>
  <div class='ocr_page' id='page_1' title='image "./pubterentiiafric01tereuoft/pubterentiiafric01tereuoft_0409.png"; bbox 0 0 1903 3306; ppageno 0'>
   <div class='ocr_carea' id='block_1_1' title="bbox 681 272 1575 313">
    <p class='ocr_par' dir='ltr' id='par_1_1' title="bbox 681 272 1575 313">
     <span class='ocr_line' id='line_1_1' title="bbox 681 272 1575 313; baseline 0.006 -5"><span class='ocrx_word' id='word_1_1' title='bbox 681 279 1016 309; x_wconf 77' lang='lat' dir='ltr'>ARGUMENTA.</span> <span class='ocrx_word' id='word_1_2' title='bbox 1491 272 1575 313; x_wconf 74' lang='lat'><strong>399</strong></span> 
     </span>
    </p>
   </div>
   <div class='ocr_carea' id='block_1_2' title="bbox 120 371 1586 2493">
    <p class='ocr_par' dir='ltr' id='par_1_2' title="bbox 152 371 1586 1794">
     <span class='ocr_line' id='line_1_2' title="bbox 161 371 1579 417; baseline 0.003 -14"><span class='ocrx_word' id='word_1_3' title='bbox 161 371 299 404; x_wconf 83' lang='lat' dir='ltr'><strong>honoris</strong></span> <span class='ocrx_word' id='word_1_4' title='bbox 313 380 512 412; x_wconf 57' lang='lat' dir='ltr'><strong>magumque</strong></span> <span class='ocrx_word' id='word_1_5' title='bbox 529 371 708 412; x_wconf 79' lang='lat' dir='ltr'><strong>dignitatis</strong></span> <span class='ocrx_word' id='word_1_6' title='bbox 725 372 951 412; x_wconf 78' lang='lat' dir='ltr'>habebantur,</span> <span class='ocrx_word' id='word_1_7' title='bbox 978 372 1127 404; x_wconf 85' lang='lat' dir='ltr'><strong>officium</strong></span> <span class='ocrx_word' id='word_1_8' title='bbox 1146 374 1280 406; x_wconf 82' lang='lat' dir='ltr'><strong>scilicet</strong></span> <span class='ocrx_word' id='word_1_9' title='bbox 1296 375 1462 407; x_wconf 86' lang='lat' dir='ltr'><strong>hahentes</strong></span> <span class='ocrx_word' id='word_1_10' title='bbox 1478 386 1579 417; x_wconf 75' lang='lat' dir='ltr'><strong>super</strong></span> 
     </span>
     <span class='ocr_line' id='line_1_3' title="bbox 161 425 1577 461; baseline 0.003 -6"><span class='ocrx_word' id='word_1_11' title='bbox 161 425 253 456; x_wconf 76' lang='lat' dir='ltr'><strong>aedes</strong></span> <span class='ocrx_word' id='word_1_12' title='bbox 269 425 424 456; x_wconf 77' lang='lat' dir='ltr'><strong>curiates.</strong></span> <span class='ocrx_word' id='word_1_13' title='bbox 470 425 649 457; x_wconf 78' lang='lat' dir='ltr'><strong>Praeerant</strong></span> <span class='ocrx_word' id='word_1_14' title='bbox 666 427 755 457; x_wconf 88' lang='lat' dir='ltr'><strong>euim</strong></span> <span class='ocrx_word' id='word_1_15' title='bbox 773 427 878 457; x_wconf 79' lang='lat' dir='ltr'><strong>curiae</strong></span> <span class='ocrx_word' id='word_1_16' title='bbox 905 431 940 457; x_wconf 92' lang='lat' dir='ltr'><strong>et</strong></span> <span class='ocrx_word' id='word_1_17' title='bbox 965 428 1077 457; x_wconf 82' lang='lat' dir='ltr'><strong>ordini</strong></span> <span class='ocrx_word' id='word_1_18' title='bbox 1095 434 1302 460; x_wconf 68' lang='lat' dir='ltr'><strong>senatorum.</strong></span> <span class='ocrx_word' id='word_1_19' title='bbox 1347 430 1500 461; x_wconf 80' lang='lat' dir='ltr'><strong>Quorum</strong></span> <span class='ocrx_word' id='word_1_20' title='bbox 1519 431 1577 459; x_wconf 89' lang='lat' dir='ltr'><strong>ad-</strong></span> 
     </span>
     <span class='ocr_line' id='line_1_4' title="bbox 161 477 1581 522; baseline 0.002 -14"><span class='ocrx_word' id='word_1_21' title='bbox 161 477 419 509; x_wconf 77' lang='lat' dir='ltr'><strong>ministrationis</strong></span> <span class='ocrx_word' id='word_1_22' title='bbox 438 483 591 517; x_wconf 83' lang='lat' dir='ltr'><strong>tempore</strong></span> <span class='ocrx_word' id='word_1_23' title='bbox 609 479 733 519; x_wconf 85' lang='lat' dir='ltr'><strong>siquid</strong></span> <span class='ocrx_word' id='word_1_24' title='bbox 751 480 927 519; x_wconf 78' lang='lat' dir='ltr'>agebatur,</span> <span class='ocrx_word' id='word_1_25' title='bbox 955 489 1020 510; x_wconf 89' lang='lat' dir='ltr'><strong>uon</strong></span> <span class='ocrx_word' id='word_1_26' title='bbox 1051 481 1157 511; x_wconf 78' lang='lat' dir='ltr'><strong>solum</strong></span> <span class='ocrx_word' id='word_1_27' title='bbox 1186 482 1219 511; x_wconf 89' lang='lat' dir='ltr'><strong>iu</strong></span> <span class='ocrx_word' id='word_1_28' title='bbox 1247 482 1399 512; x_wconf 83' lang='lat' dir='ltr'><strong>Romano</strong></span> <span class='ocrx_word' id='word_1_29' title='bbox 1426 483 1581 522; x_wconf 73' lang='lat' dir='ltr'><strong>imperio,</strong></span> 
     </span>
     <span class='ocr_line' id='line_1_5' title="bbox 163 531 1579 572; baseline 0.002 -10"><span class='ocrx_word' id='word_1_30' title='bbox 163 540 280 562; x_wconf 88' lang='lat' dir='ltr'><strong>verum</strong></span> <span class='ocrx_word' id='word_1_31' title='bbox 302 531 404 562; x_wconf 88' lang='lat' dir='ltr'><strong>etiam</strong></span> <span class='ocrx_word' id='word_1_32' title='bbox 432 531 465 562; x_wconf 90' lang='lat' dir='ltr'><strong>in</strong></span> <span class='ocrx_word' id='word_1_33' title='bbox 494 531 632 562; x_wconf 87' lang='lat' dir='ltr'><strong>Graecia</strong></span> <span class='ocrx_word' id='word_1_34' title='bbox 659 540 774 562; x_wconf 90' lang='lat' dir='ltr'><strong>eorum</strong></span> <span class='ocrx_word' id='word_1_35' title='bbox 798 532 935 562; x_wconf 83' lang='lat' dir='ltr'><strong>nomine</strong></span> <span class='ocrx_word' id='word_1_36' title='bbox 962 533 1157 572; x_wconf 80' lang='lat' dir='ltr'><strong>notabatur,</strong></span> <span class='ocrx_word' id='word_1_37' title='bbox 1178 534 1267 564; x_wconf 89' lang='lat' dir='ltr'><strong>sicut</strong></span> <span class='ocrx_word' id='word_1_38' title='bbox 1293 534 1347 564; x_wconf 87' lang='lat' dir='ltr'><strong>hic</strong></span> <span class='ocrx_word' id='word_1_39' title='bbox 1373 535 1579 566; x_wconf 71' lang='lat' dir='ltr'><strong>ostenditur.</strong></span> 
     </span>
     <span class='ocr_line' id='line_1_6' title="bbox 161 583 1579 624; baseline 0.003 -10"><span class='ocrx_word' id='word_1_40' title='bbox 161 584 255 615; x_wconf 87' lang='lat' dir='ltr'><strong>Dum</strong></span> <span class='ocrx_word' id='word_1_41' title='bbox 272 584 362 614; x_wconf 89' lang='lat' dir='ltr'><strong>enim</strong></span> <span class='ocrx_word' id='word_1_42' title='bbox 386 589 568 623; x_wconf 86' lang='lat' dir='ltr'><strong>agerentur</strong></span> <span class='ocrx_word' id='word_1_43' title='bbox 596 583 665 614; x_wconf 91' lang='lat' dir='ltr'><strong>ludi</strong></span> <span class='ocrx_word' id='word_1_44' title='bbox 690 584 780 624; x_wconf 84' lang='lat' dir='ltr'><strong>apud</strong></span> <span class='ocrx_word' id='word_1_45' title='bbox 804 585 974 624; x_wconf 79' lang='lat' dir='ltr'><strong>Megalem</strong></span> <span class='ocrx_word' id='word_1_46' title='bbox 1003 586 1177 617; x_wconf 80' lang='lat' dir='ltr'><strong>civitatem</strong></span> <span class='ocrx_word' id='word_1_47' title='bbox 1205 586 1349 618; x_wconf 81' lang='lat' dir='ltr'><strong>Graeciae</strong></span> <span class='ocrx_word' id='word_1_48' title='bbox 1369 588 1401 618; x_wconf 92' lang='lat' dir='ltr'><strong>in</strong></span> <span class='ocrx_word' id='word_1_49' title='bbox 1418 588 1579 619; x_wconf 82' lang='lat' dir='ltr'><strong>honorem</strong></span> 
     </span>
     <span class='ocr_line' id='line_1_7' title="bbox 167 637 1586 680; baseline 0.001 -10"><span class='ocrx_word' id='word_1_50' title='bbox 167 637 266 670; x_wconf 84' lang='lat' dir='ltr'><strong>Jovis</strong></span> <span class='ocrx_word' id='word_1_51' title='bbox 284 637 472 678; x_wconf 81' lang='lat' dir='ltr'><strong>Olympici,</strong></span> <span class='ocrx_word' id='word_1_52' title='bbox 489 642 670 678; x_wconf 74' lang='lat' dir='ltr'>essentque</span> <span class='ocrx_word' id='word_1_53' title='bbox 688 637 778 678; x_wconf 86' lang='lat' dir='ltr'><strong>apud</strong></span> <span class='ocrx_word' id='word_1_54' title='bbox 798 639 966 669; x_wconf 76' lang='lat' dir='ltr'><strong>Romanos</strong></span> <span class='ocrx_word' id='word_1_55' title='bbox 983 639 1101 670; x_wconf 75' lang='lat' dir='ltr'><strong>aediles</strong></span> <span class='ocrx_word' id='word_1_56' title='bbox 1126 641 1261 671; x_wconf 84' lang='lat' dir='ltr'><strong>curules</strong></span> <span class='ocrx_word' id='word_1_57' title='bbox 1287 641 1355 680; x_wconf 80' lang='lat' dir='ltr'><strong>isti,</strong></span> <span class='ocrx_word' id='word_1_58' title='bbox 1373 642 1518 672; x_wconf 86' lang='lat' dir='ltr'><strong>recitata</strong></span> <span class='ocrx_word' id='word_1_59' title='bbox 1535 648 1586 672; x_wconf 75' lang='lat' dir='ltr'><strong>est</strong></span> 
     </span>
     <span class='ocr_line' id='line_1_8' title="bbox 163 690 1581 732; baseline 0.003 -12"><span class='ocrx_word' id='word_1_60' title='bbox 163 690 286 721; x_wconf 83' lang='lat' dir='ltr'><strong>Graeca</strong></span> <span class='ocrx_word' id='word_1_61' title='bbox 304 690 434 721; x_wconf 83' lang='lat' dir='ltr'><strong>Fabula</strong></span> <span class='ocrx_word' id='word_1_62' title='bbox 449 690 631 721; x_wconf 85' lang='lat' dir='ltr'><strong>Menandri</strong></span> <span class='ocrx_word' id='word_1_63' title='bbox 646 690 737 730; x_wconf 87' lang='lat' dir='ltr'><strong>apud</strong></span> <span class='ocrx_word' id='word_1_64' title='bbox 755 691 937 730; x_wconf 76' lang='lat' dir='ltr'><strong>Megalem.</strong></span> <span class='ocrx_word' id='word_1_65' title='bbox 984 693 1110 732; x_wconf 82' lang='lat' dir='ltr'><strong>Egere,</strong></span> <span class='ocrx_word' id='word_1_66' title='bbox 1129 693 1161 723; x_wconf 92' lang='lat' dir='ltr'><strong>id</strong></span> <span class='ocrx_word' id='word_1_67' title='bbox 1179 699 1244 730; x_wconf 87' lang='lat' dir='ltr'><strong>est,</strong></span> <span class='ocrx_word' id='word_1_68' title='bbox 1261 692 1420 725; x_wconf 88' lang='lat' dir='ltr'><strong>fecerunt</strong></span> <span class='ocrx_word' id='word_1_69' title='bbox 1445 695 1499 725; x_wconf 90' lang='lat' dir='ltr'><strong>vel</strong></span> <span class='ocrx_word' id='word_1_70' title='bbox 1524 695 1581 724; x_wconf 85' lang='lat' dir='ltr'><strong>ad-</strong></span> 
     </span>
     <span class='ocr_line' id='line_1_9' title="bbox 161 743 1580 787; baseline 0.002 -13"><span class='ocrx_word' id='word_1_71' title='bbox 161 743 439 774; x_wconf 87' lang='lat' dir='ltr'><strong>ministraverunt</strong></span> <span class='ocrx_word' id='word_1_72' title='bbox 456 744 513 774; x_wconf 88' lang='lat' dir='ltr'><strong>hos</strong></span> <span class='ocrx_word' id='word_1_73' title='bbox 529 743 626 774; x_wconf 91' lang='lat' dir='ltr'><strong>ludos</strong></span> <span class='ocrx_word' id='word_1_74' title='bbox 643 744 862 784; x_wconf 85' lang='lat' dir='ltr'><strong>Megalenses</strong></span> <span class='ocrx_word' id='word_1_75' title='bbox 879 745 912 775; x_wconf 88' lang='lat' dir='ltr'><strong>iu</strong></span> <span class='ocrx_word' id='word_1_76' title='bbox 930 745 1080 785; x_wconf 75' lang='lat' dir='ltr'><strong>Graecia,</strong></span> <span class='ocrx_word' id='word_1_77' title='bbox 1105 746 1239 787; x_wconf 88' lang='lat' dir='ltr'><strong>quando</strong></span> <span class='ocrx_word' id='word_1_78' title='bbox 1257 747 1322 777; x_wconf 82' lang='lat' dir='ltr'><strong>ista</strong></span> <span class='ocrx_word' id='word_1_79' title='bbox 1338 747 1467 778; x_wconf 87' lang='lat' dir='ltr'><strong>Fabula</strong></span> <span class='ocrx_word' id='word_1_80' title='bbox 1484 748 1580 779; x_wconf 59' lang='lat' dir='ltr'><strong>Graa-</strong></span> 
     </span>
     <span class='ocr_line' id='line_1_10' title="bbox 160 797 1582 840; baseline 0.003 -12"><span class='ocrx_word' id='word_1_81' title='bbox 160 807 202 828; x_wconf 87' lang='lat' dir='ltr'><strong>ca</strong></span> <span class='ocrx_word' id='word_1_82' title='bbox 225 797 408 828; x_wconf 80' lang='lat' dir='ltr'><strong>Menandri</strong></span> <span class='ocrx_word' id='word_1_83' title='bbox 439 797 481 827; x_wconf 88' lang='lat' dir='ltr'><strong>de</strong></span> <span class='ocrx_word' id='word_1_84' title='bbox 508 797 663 828; x_wconf 90' lang='lat' dir='ltr'><strong>eunucho</strong></span> <span class='ocrx_word' id='word_1_85' title='bbox 687 797 831 828; x_wconf 81' lang='lat' dir='ltr'><strong>recitata</strong></span> <span class='ocrx_word' id='word_1_86' title='bbox 855 803 919 830; x_wconf 87' lang='lat' dir='ltr'><strong>est.</strong></span> <span class='ocrx_word' id='word_1_87' title='bbox 973 798 1152 830; x_wconf 87' lang='lat' dir='ltr'><strong>Ambivius</strong></span> <span class='ocrx_word' id='word_1_88' title='bbox 1177 800 1305 840; x_wconf 86' lang='lat' dir='ltr'><strong>Turpio</strong></span> <span class='ocrx_word' id='word_1_89' title='bbox 1330 800 1467 831; x_wconf 87' lang='lat' dir='ltr'><strong>Lucius.</strong></span> <span class='ocrx_word' id='word_1_90' title='bbox 1519 801 1582 832; x_wconf 78' lang='lat' dir='ltr'><strong>At-</strong></span> 
     </span>
     <span class='ocr_line' id='line_1_11' title="bbox 162 850 1581 894; baseline 0.004 -14"><span class='ocrx_word' id='word_1_91' title='bbox 162 850 265 881; x_wconf 75' lang='lat' dir='ltr'><strong>tilius.</strong></span> <span class='ocrx_word' id='word_1_92' title='bbox 326 850 563 882; x_wconf 60' lang='lat' dir='ltr'><strong>Praenestinus</strong></span> <span class='ocrx_word' id='word_1_93' title='bbox 602 851 728 882; x_wconf 74' lang='lat' dir='ltr'><strong>Graeca</strong></span> <span class='ocrx_word' id='word_1_94' title='bbox 757 851 954 883; x_wconf 83' lang='lat' dir='ltr'><strong>Menandri.</strong></span> <span class='ocrx_word' id='word_1_95' title='bbox 1021 853 1184 892; x_wconf 85' lang='lat' dir='ltr'><strong>Superius</strong></span> <span class='ocrx_word' id='word_1_96' title='bbox 1210 853 1435 894; x_wconf 84' lang='lat' dir='ltr'><strong>jungendum</strong></span> <span class='ocrx_word' id='word_1_97' title='bbox 1465 861 1517 885; x_wconf 82' lang='lat' dir='ltr'><strong>est</strong></span> <span class='ocrx_word' id='word_1_98' title='bbox 1542 855 1581 884; x_wconf 69' lang='lat' dir='ltr'><strong>is-</strong></span> 
     </span>
     <span class='ocr_line' id='line_1_12' title="bbox 162 903 1583 939; baseline 0.004 -5"><span class='ocrx_word' id='word_1_99' title='bbox 162 903 239 934; x_wconf 87' lang='lat' dir='ltr'><strong>tud.</strong></span> <span class='ocrx_word' id='word_1_100' title='bbox 299 904 426 935; x_wconf 85' lang='lat' dir='ltr'><strong>Graeca</strong></span> <span class='ocrx_word' id='word_1_101' title='bbox 458 904 663 935; x_wconf 83' lang='lat' dir='ltr'><strong>Menandri:</strong></span> <span class='ocrx_word' id='word_1_102' title='bbox 699 904 723 935; x_wconf 84' lang='lat' dir='ltr'><strong>i.</strong></span> <span class='ocrx_word' id='word_1_103' title='bbox 740 904 798 935; x_wconf 78' lang='lat' dir='ltr'><strong>,ita</strong></span> <span class='ocrx_word' id='word_1_104' title='bbox 825 909 881 935; x_wconf 88' lang='lat' dir='ltr'><strong>est</strong></span> <span class='ocrx_word' id='word_1_105' title='bbox 909 909 985 935; x_wconf 86' lang='lat' dir='ltr'><strong>acta</strong></span> <span class='ocrx_word' id='word_1_106' title='bbox 1016 905 1140 936; x_wconf 76' lang='lat' dir='ltr'><strong>Graeca</strong></span> <span class='ocrx_word' id='word_1_107' title='bbox 1171 907 1368 938; x_wconf 84' lang='lat' dir='ltr'><strong>Menandri.</strong></span> <span class='ocrx_word' id='word_1_108' title='bbox 1414 907 1503 939; x_wconf 84' lang='lat' dir='ltr'><strong>Acta</strong></span> <span class='ocrx_word' id='word_1_109' title='bbox 1532 919 1583 938; x_wconf 61' lang='lat' dir='ltr'><strong>=se-</strong></span> 
     </span>
     <span class='ocr_line' id='line_1_13' title="bbox 161 957 1580 1002; baseline 0.004 -15"><span class='ocrx_word' id='word_1_110' title='bbox 161 957 274 989; x_wconf 90' lang='lat' dir='ltr'><strong>cunda</strong></span> <span class='ocrx_word' id='word_1_111' title='bbox 298 958 347 989; x_wconf 82' lang='lat' dir='ltr'><strong>ita</strong></span> <span class='ocrx_word' id='word_1_112' title='bbox 372 962 425 989; x_wconf 87' lang='lat' dir='ltr'><strong>est</strong></span> <span class='ocrx_word' id='word_1_113' title='bbox 445 957 672 998; x_wconf 85' lang='lat' dir='ltr'><strong>jungendum.</strong></span> <span class='ocrx_word' id='word_1_114' title='bbox 718 957 876 988; x_wconf 89' lang='lat' dir='ltr'><strong>Secunda</strong></span> <span class='ocrx_word' id='word_1_115' title='bbox 896 958 1012 989; x_wconf 82' lang='lat' dir='ltr'><strong>fabula</strong></span> <span class='ocrx_word' id='word_1_116' title='bbox 1029 960 1172 990; x_wconf 81' lang='lat' dir='ltr'><strong>eunuchi</strong></span> <span class='ocrx_word' id='word_1_117' title='bbox 1200 961 1258 990; x_wconf 88' lang='lat' dir='ltr'><strong>illa</strong></span> <span class='ocrx_word' id='word_1_118' title='bbox 1281 960 1455 1002; x_wconf 81' lang='lat' dir='ltr'><strong>videlicet,</strong></span> <span class='ocrx_word' id='word_1_119' title='bbox 1481 973 1580 1002; x_wconf 81' lang='lat' dir='ltr'><strong>quant</strong></span> 
     </span>
     <span class='ocr_line' id='line_1_14' title="bbox 161 1007 1582 1052; baseline 0.006 -15"><span class='ocrx_word' id='word_1_120' title='bbox 161 1014 200 1044; x_wconf 69' lang='grc' dir='ltr'><strong>ιθ</strong></span> <span class='ocrx_word' id='word_1_121' title='bbox 214 1007 231 1023; x_wconf 85' lang='lat'><em>²</em></span> <span class='ocrx_word' id='word_1_122' title='bbox 254 1013 333 1048; x_wconf 90' lang='lat' dir='ltr'><strong>post</strong></span> <span class='ocrx_word' id='word_1_123' title='bbox 349 1009 578 1040; x_wconf 86' lang='lat' dir='ltr'><strong>Menandrum</strong></span> <span class='ocrx_word' id='word_1_124' title='bbox 591 1010 713 1041; x_wconf 88' lang='lat' dir='ltr'><strong>Latino</strong></span> <span class='ocrx_word' id='word_1_125' title='bbox 731 1019 885 1041; x_wconf 87' lang='lat' dir='ltr'><strong>sermone</strong></span> <span class='ocrx_word' id='word_1_126' title='bbox 903 1013 1105 1052; x_wconf 78' lang='lat' dir='ltr'><strong>composuit.</strong></span> <span class='ocrx_word' id='word_1_127' title='bbox 1150 1012 1242 1044; x_wconf 86' lang='lat' dir='ltr'><strong>Acta</strong></span> <span class='ocrx_word' id='word_1_128' title='bbox 1259 1019 1312 1045; x_wconf 88' lang='lat' dir='ltr'><strong>est</strong></span> <span class='ocrx_word' id='word_1_129' title='bbox 1338 1014 1359 1045; x_wconf 94' lang='lat' dir='ltr'><strong>i.</strong></span> <span class='ocrx_word' id='word_1_130' title='bbox 1378 1024 1409 1045; x_wconf 90' lang='lat' dir='ltr'><strong>e.</strong></span> <span class='ocrx_word' id='word_1_131' title='bbox 1436 1016 1582 1046; x_wconf 77' lang='lat' dir='ltr'><strong>recitata</strong></span> 
     </span>
     <span class='ocr_line' id='line_1_15' title="bbox 162 1062 1581 1106; baseline 0.005 -15"><span class='ocrx_word' id='word_1_132' title='bbox 162 1066 215 1091; x_wconf 88' lang='lat' dir='ltr'><strong>est</strong></span> <span class='ocrx_word' id='word_1_133' title='bbox 230 1062 365 1102; x_wconf 85' lang='lat' dir='ltr'><strong>Marco,</strong></span> <span class='ocrx_word' id='word_1_134' title='bbox 378 1063 530 1103; x_wconf 83' lang='lat' dir='ltr'><strong>Valerio,</strong></span> <span class='ocrx_word' id='word_1_135' title='bbox 556 1063 644 1095; x_wconf 89' lang='lat' dir='ltr'><strong>Gaio</strong></span> <span class='ocrx_word' id='word_1_136' title='bbox 661 1064 791 1094; x_wconf 89' lang='lat' dir='ltr'><strong>Fannio</strong></span> <span class='ocrx_word' id='word_1_137' title='bbox 814 1065 1022 1096; x_wconf 85' lang='lat' dir='ltr'><strong>consulibus.</strong></span> <span class='ocrx_word' id='word_1_138' title='bbox 1068 1065 1183 1106; x_wconf 81' lang='lat' dir='ltr'><strong>Ipsam</strong></span> <span class='ocrx_word' id='word_1_139' title='bbox 1201 1075 1280 1097; x_wconf 87' lang='lat' dir='ltr'><strong>vero</strong></span> <span class='ocrx_word' id='word_1_140' title='bbox 1299 1068 1452 1098; x_wconf 75' lang='lat' dir='ltr'><strong>Latinam</strong></span> <span class='ocrx_word' id='word_1_141' title='bbox 1470 1068 1581 1099; x_wconf 82' lang='lat' dir='ltr'><strong>Fabu-</strong></span> 
     </span>
     <span class='ocr_line' id='line_1_16' title="bbox 159 1114 1584 1161; baseline 0.005 -16"><span class='ocrx_word' id='word_1_142' title='bbox 159 1114 228 1145; x_wconf 85' lang='lat' dir='ltr'><strong>lam</strong></span> <span class='ocrx_word' id='word_1_143' title='bbox 245 1115 432 1147; x_wconf 83' lang='lat' dir='ltr'><strong>modulavit</strong></span> <span class='ocrx_word' id='word_1_144' title='bbox 449 1116 594 1147; x_wconf 87' lang='lat' dir='ltr'><strong>Flaccus</strong></span> <span class='ocrx_word' id='word_1_145' title='bbox 612 1116 819 1147; x_wconf 81' lang='lat' dir='ltr'><strong>clauditibiis</strong></span> <span class='ocrx_word' id='word_1_146' title='bbox 839 1117 970 1148; x_wconf 89' lang='lat' dir='ltr'><strong>duabus</strong></span> <span class='ocrx_word' id='word_1_147' title='bbox 997 1118 1138 1149; x_wconf 52' lang='lat' dir='ltr'><strong>dextris</strong></span> <span class='ocrx_word' id='word_1_148' title='bbox 1185 1119 1286 1151; x_wconf 83' lang='lat' dir='ltr'><strong>Quod</strong></span> <span class='ocrx_word' id='word_1_149' title='bbox 1305 1120 1497 1151; x_wconf 84' lang='lat' dir='ltr'><strong>Menander</strong></span> <span class='ocrx_word' id='word_1_150' title='bbox 1515 1123 1584 1161; x_wconf 84' lang='lat' dir='ltr'><strong>pri-</strong></span> 
     </span>
     <span class='ocr_line' id='line_1_17' title="bbox 163 1169 1582 1211; baseline 0.005 -13"><span class='ocrx_word' id='word_1_151' title='bbox 163 1176 254 1198; x_wconf 87' lang='lat' dir='ltr'><strong>mum</strong></span> <span class='ocrx_word' id='word_1_152' title='bbox 272 1170 465 1208; x_wconf 84' lang='lat' dir='ltr'><strong>composuit</strong></span> <span class='ocrx_word' id='word_1_153' title='bbox 482 1170 644 1200; x_wconf 87' lang='lat' dir='ltr'><strong>Fabulam</strong></span> <span class='ocrx_word' id='word_1_154' title='bbox 663 1169 802 1200; x_wconf 83' lang='lat' dir='ltr'><strong>Andriae</strong></span> <span class='ocrx_word' id='word_1_155' title='bbox 820 1170 943 1202; x_wconf 81' lang='lat' dir='ltr'><strong>Graeco</strong></span> <span class='ocrx_word' id='word_1_156' title='bbox 960 1181 1128 1209; x_wconf 76' lang='lat' dir='ltr'><strong>sermone,</strong></span> <span class='ocrx_word' id='word_1_157' title='bbox 1153 1171 1278 1203; x_wconf 88' lang='lat' dir='ltr'><strong>deinde</strong></span> <span class='ocrx_word' id='word_1_158' title='bbox 1294 1183 1374 1204; x_wconf 84' lang='lat' dir='ltr'><strong>vero</strong></span> <span class='ocrx_word' id='word_1_159' title='bbox 1402 1177 1440 1207; x_wconf 64' lang='grc' dir='ltr'><strong>ἐξ·</strong></span> <span class='ocrx_word' id='word_1_160' title='bbox 1467 1174 1582 1211; x_wconf 83' lang='lat' dir='ltr'><strong>latino,</strong></span> 
     </span>
     <span class='ocr_line' id='line_1_18' title="bbox 160 1213 1586 1266; baseline 0.006 -15"><span class='ocrx_word' id='word_1_161' title='bbox 160 1220 233 1260; x_wconf 86' lang='lat' dir='ltr'><strong>jam</strong></span> <span class='ocrx_word' id='word_1_162' title='bbox 246 1213 376 1253; x_wconf 81' lang='lat' dir='ltr'><strong>dictum&#39;</strong></span> <span class='ocrx_word' id='word_1_163' title='bbox 395 1228 460 1262; x_wconf 86' lang='lat' dir='ltr'><strong>est,</strong></span> <span class='ocrx_word' id='word_1_164' title='bbox 473 1227 510 1253; x_wconf 88' lang='lat' dir='ltr'><strong>et</strong></span> <span class='ocrx_word' id='word_1_165' title='bbox 525 1223 614 1263; x_wconf 91' lang='lat' dir='ltr'><strong>quod</strong></span> <span class='ocrx_word' id='word_1_166' title='bbox 632 1224 703 1264; x_wconf 87' lang='lat' dir='ltr'><strong>ejus</strong></span> <span class='ocrx_word' id='word_1_167' title='bbox 721 1224 886 1255; x_wconf 86' lang='lat' dir='ltr'><strong>recitator</strong></span> <span class='ocrx_word' id='word_1_168' title='bbox 901 1224 1006 1255; x_wconf 87' lang='lat' dir='ltr'><strong>fuerit</strong></span> <span class='ocrx_word' id='word_1_169' title='bbox 1024 1225 1223 1266; x_wconf 83' lang='lat' dir='ltr'><strong>Calliopius.</strong></span> <span class='ocrx_word' id='word_1_170' title='bbox 1270 1225 1317 1258; x_wconf 89' lang='lat' dir='ltr'><strong>At</strong></span> <span class='ocrx_word' id='word_1_171' title='bbox 1335 1236 1414 1258; x_wconf 88' lang='lat' dir='ltr'><strong>vero</strong></span> <span class='ocrx_word' id='word_1_172' title='bbox 1433 1227 1586 1259; x_wconf 86' lang='lat' dir='ltr'><strong>modula-</strong></span> 
     </span>
     <span class='ocr_line' id='line_1_19' title="bbox 165 1275 1585 1317; baseline 0.006 -13"><span class='ocrx_word' id='word_1_173' title='bbox 165 1278 218 1304; x_wconf 87' lang='lat' dir='ltr'><strong>tor</strong></span> <span class='ocrx_word' id='word_1_174' title='bbox 233 1275 307 1315; x_wconf 84' lang='lat' dir='ltr'><strong>ejus</strong></span> <span class='ocrx_word' id='word_1_175' title='bbox 322 1275 508 1307; x_wconf 83' lang='lat' dir='ltr'><strong>Comoediae</strong></span> <span class='ocrx_word' id='word_1_176' title='bbox 526 1275 593 1307; x_wconf 87' lang='lat' dir='ltr'><strong>fuit</strong></span> <span class='ocrx_word' id='word_1_177' title='bbox 609 1276 765 1316; x_wconf 84' lang='lat' dir='ltr'><strong>Flaccus,</strong></span> <span class='ocrx_word' id='word_1_178' title='bbox 779 1278 925 1317; x_wconf 89' lang='lat' dir='ltr'><strong>optimus</strong></span> <span class='ocrx_word' id='word_1_179' title='bbox 943 1278 1084 1317; x_wconf 82' lang='lat' dir='ltr'><strong>tibicen,</strong></span> <span class='ocrx_word' id='word_1_180' title='bbox 1100 1279 1188 1309; x_wconf 86' lang='lat' dir='ltr'><strong>unde</strong></span> <span class='ocrx_word' id='word_1_181' title='bbox 1205 1279 1258 1311; x_wconf 88' lang='lat' dir='ltr'><strong>hic</strong></span> <span class='ocrx_word' id='word_1_182' title='bbox 1276 1280 1402 1312; x_wconf 82' lang='lat' dir='ltr'><strong>dicitur</strong></span> <span class='ocrx_word' id='word_1_183' title='bbox 1417 1281 1502 1312; x_wconf 86' lang='lat' dir='ltr'><strong>hanc</strong></span> <span class='ocrx_word' id='word_1_184' title='bbox 1521 1283 1585 1312; x_wconf 85' lang='lat' dir='ltr'><strong>Fa-</strong></span> 
     </span>
     <span class='ocr_line' id='line_1_20' title="bbox 163 1327 1584 1374; baseline 0.006 -17"><span class='ocrx_word' id='word_1_185' title='bbox 163 1327 277 1358; x_wconf 86' lang='lat' dir='ltr'><strong>bulam</strong></span> <span class='ocrx_word' id='word_1_186' title='bbox 294 1328 485 1359; x_wconf 87' lang='lat' dir='ltr'><strong>modulasse</strong></span> <span class='ocrx_word' id='word_1_187' title='bbox 502 1329 630 1360; x_wconf 90' lang='lat' dir='ltr'><strong>duabus</strong></span> <span class='ocrx_word' id='word_1_188' title='bbox 645 1329 777 1360; x_wconf 83' lang='lat' dir='ltr'><strong>dextris</strong></span> <span class='ocrx_word' id='word_1_189' title='bbox 795 1330 886 1361; x_wconf 90' lang='lat' dir='ltr'><strong>tibiis</strong></span> <span class='ocrx_word' id='word_1_190' title='bbox 903 1331 1027 1361; x_wconf 87' lang='lat' dir='ltr'><strong>claudi.</strong></span> <span class='ocrx_word' id='word_1_191' title='bbox 1073 1331 1238 1363; x_wconf 82' lang='lat' dir='ltr'><strong>Claudum</strong></span> <span class='ocrx_word' id='word_1_192' title='bbox 1257 1339 1369 1364; x_wconf 88' lang='lat' dir='ltr'><strong>autem</strong></span> <span class='ocrx_word' id='word_1_193' title='bbox 1384 1343 1489 1374; x_wconf 85' lang='lat' dir='ltr'><strong>genus</strong></span> <span class='ocrx_word' id='word_1_194' title='bbox 1508 1335 1584 1365; x_wconf 82' lang='lat' dir='ltr'><strong>tihi·</strong></span> 
     </span>
     <span class='ocr_line' id='line_1_21' title="bbox 162 1381 1582 1430; baseline 0.006 -19"><span class='ocrx_word' id='word_1_195' title='bbox 162 1388 257 1412; x_wconf 84' lang='lat' dir='ltr'><strong>arum</strong></span> <span class='ocrx_word' id='word_1_196' title='bbox 274 1386 340 1422; x_wconf 89' lang='lat' dir='ltr'><strong>est,</strong></span> <span class='ocrx_word' id='word_1_197' title='bbox 364 1381 584 1423; x_wconf 81' lang='lat' dir='ltr'><strong>inaequalibus</strong></span> <span class='ocrx_word' id='word_1_198' title='bbox 599 1382 720 1413; x_wconf 89' lang='lat' dir='ltr'><strong>fistulis</strong></span> <span class='ocrx_word' id='word_1_199' title='bbox 738 1382 880 1422; x_wconf 84' lang='lat' dir='ltr'><strong>factum,</strong></span> <span class='ocrx_word' id='word_1_200' title='bbox 907 1383 995 1414; x_wconf 87' lang='lat' dir='ltr'><strong>uude</strong></span> <span class='ocrx_word' id='word_1_201' title='bbox 1013 1388 1049 1415; x_wconf 89' lang='lat' dir='ltr'><strong>et</strong></span> <span class='ocrx_word' id='word_1_202' title='bbox 1072 1384 1229 1416; x_wconf 85' lang='lat' dir='ltr'><strong>claudum</strong></span> <span class='ocrx_word' id='word_1_203' title='bbox 1254 1391 1408 1426; x_wconf 81' lang='lat' dir='ltr'><strong>vocatur,</strong></span> <span class='ocrx_word' id='word_1_204' title='bbox 1434 1398 1474 1419; x_wconf 87' lang='lat' dir='ltr'><strong>eo</strong></span> <span class='ocrx_word' id='word_1_205' title='bbox 1491 1390 1582 1430; x_wconf 89' lang='lat' dir='ltr'><strong>quod</strong></span> 
     </span>
     <span class='ocr_line' id='line_1_22' title="bbox 163 1432 1584 1474; baseline 0.006 -9"><span class='ocrx_word' id='word_1_206' title='bbox 163 1432 309 1466; x_wconf 88' lang='lat' dir='ltr'><strong>fistulam</strong></span> <span class='ocrx_word' id='word_1_207' title='bbox 334 1435 460 1466; x_wconf 87' lang='lat' dir='ltr'><strong>habeat</strong></span> <span class='ocrx_word' id='word_1_208' title='bbox 483 1435 675 1467; x_wconf 87' lang='lat' dir='ltr'><strong>breviorem</strong></span> <span class='ocrx_word' id='word_1_209' title='bbox 703 1437 736 1468; x_wconf 91' lang='lat' dir='ltr'><strong>in</strong></span> <span class='ocrx_word' id='word_1_210' title='bbox 762 1437 896 1468; x_wconf 87' lang='lat' dir='ltr'><strong>modum</strong></span> <span class='ocrx_word' id='word_1_211' title='bbox 926 1437 1052 1469; x_wconf 88' lang='lat' dir='ltr'><strong>claudi.</strong></span> <span class='ocrx_word' id='word_1_212' title='bbox 1113 1439 1257 1470; x_wconf 80' lang='lat' dir='ltr'><strong>Dextrae</strong></span> <span class='ocrx_word' id='word_1_213' title='bbox 1283 1445 1397 1472; x_wconf 86' lang='lat' dir='ltr'><strong>autem</strong></span> <span class='ocrx_word' id='word_1_214' title='bbox 1420 1442 1512 1473; x_wconf 86' lang='lat' dir='ltr'><strong>tibiae</strong></span> <span class='ocrx_word' id='word_1_215' title='bbox 1538 1444 1584 1474; x_wconf 84' lang='lat' dir='ltr'><strong>di-</strong></span> 
     </span>
     <span class='ocr_line' id='line_1_23' title="bbox 162 1489 1581 1533; baseline 0.006 -15"><span class='ocrx_word' id='word_1_216' title='bbox 162 1493 298 1529; x_wconf 87' lang='lat' dir='ltr'><strong>cuutur,</strong></span> <span class='ocrx_word' id='word_1_217' title='bbox 314 1489 473 1530; x_wconf 86' lang='lat' dir='ltr'><strong>quoniam</strong></span> <span class='ocrx_word' id='word_1_218' title='bbox 489 1499 530 1520; x_wconf 82' lang='lat' dir='ltr'><strong>ex</strong></span> <span class='ocrx_word' id='word_1_219' title='bbox 548 1489 672 1521; x_wconf 86' lang='lat' dir='ltr'><strong>dextro</strong></span> <span class='ocrx_word' id='word_1_220' title='bbox 690 1500 789 1522; x_wconf 85' lang='lat' dir='ltr'><strong>crure</strong></span> <span class='ocrx_word' id='word_1_221' title='bbox 812 1492 904 1531; x_wconf 86' lang='lat' dir='ltr'><strong>gruis</strong></span> <span class='ocrx_word' id='word_1_222' title='bbox 929 1492 1138 1533; x_wconf 86' lang='lat' dir='ltr'><strong>aliarumque</strong></span> <span class='ocrx_word' id='word_1_223' title='bbox 1163 1494 1273 1524; x_wconf 89' lang='lat' dir='ltr'><strong>avium</strong></span> <span class='ocrx_word' id='word_1_224' title='bbox 1300 1495 1457 1526; x_wconf 86' lang='lat' dir='ltr'><strong>meliores</strong></span> <span class='ocrx_word' id='word_1_225' title='bbox 1483 1495 1581 1527; x_wconf 86' lang='lat' dir='ltr'><strong>fiunt.</strong></span> 
     </span>
     <span class='ocr_line' id='line_1_24' title="bbox 162 1540 1582 1580; baseline 0.007 -9"><span class='ocrx_word' id='word_1_226' title='bbox 162 1540 297 1572; x_wconf 83' lang='lat' dir='ltr'><strong>Marco.</strong></span> <span class='ocrx_word' id='word_1_227' title='bbox 321 1542 460 1573; x_wconf 86' lang='lat' dir='ltr'><strong>valerio.</strong></span> <span class='ocrx_word' id='word_1_228' title='bbox 506 1543 594 1574; x_wconf 89' lang='lat' dir='ltr'><strong>Gaio</strong></span> <span class='ocrx_word' id='word_1_229' title='bbox 618 1543 794 1575; x_wconf 76' lang='lat' dir='ltr'><strong>nummio.3</strong></span> <span class='ocrx_word' id='word_1_230' title='bbox 819 1543 937 1575; x_wconf 87' lang='lat' dir='ltr'><strong>fannio</strong></span> <span class='ocrx_word' id='word_1_231' title='bbox 954 1546 1157 1577; x_wconf 80' lang='lat' dir='ltr'><strong>consulibus.</strong></span> <span class='ocrx_word' id='word_1_232' title='bbox 1204 1546 1269 1578; x_wconf 89' lang='lat' dir='ltr'><strong>Isti</strong></span> <span class='ocrx_word' id='word_1_233' title='bbox 1295 1548 1362 1579; x_wconf 89' lang='lat' dir='ltr'><strong>duo</strong></span> <span class='ocrx_word' id='word_1_234' title='bbox 1389 1552 1470 1580; x_wconf 91' lang='lat' dir='ltr'><strong>tunc</strong></span> <span class='ocrx_word' id='word_1_235' title='bbox 1500 1556 1582 1580; x_wconf 86' lang='lat' dir='ltr'><strong>tem-</strong></span> 
     </span>
     <span class='ocr_line' id='line_1_25' title="bbox 163 1592 1584 1639; baseline 0.006 -14"><span class='ocrx_word' id='word_1_236' title='bbox 163 1594 253 1634; x_wconf 88' lang='lat' dir='ltr'><strong>poris</strong></span> <span class='ocrx_word' id='word_1_237' title='bbox 277 1596 488 1627; x_wconf 88' lang='lat' dir='ltr'><strong>consulatum</strong></span> <span class='ocrx_word' id='word_1_238' title='bbox 515 1597 682 1637; x_wconf 84' lang='lat' dir='ltr'><strong>gerebant</strong></span> <span class='ocrx_word' id='word_1_239' title='bbox 706 1599 837 1637; x_wconf 73' lang='lat' dir='ltr'><strong>Romae,</strong></span> <span class='ocrx_word' id='word_1_240' title='bbox 865 1598 998 1639; x_wconf 85' lang='lat' dir='ltr'><strong>quando</strong></span> <span class='ocrx_word' id='word_1_241' title='bbox 1028 1605 1065 1635; x_wconf 62' lang='grc' dir='ltr'><strong>ει</strong></span> <span class='ocrx_word' id='word_1_242' title='bbox 1093 1599 1232 1630; x_wconf 73' lang='lat' dir='ltr'><strong>Fabulae</strong></span> <span class='ocrx_word' id='word_1_243' title='bbox 1262 1592 1412 1632; x_wconf 75' lang='lat' dir='ltr'><strong>recitatae</strong></span> <span class='ocrx_word' id='word_1_244' title='bbox 1442 1608 1521 1633; x_wconf 88' lang='lat' dir='ltr'><strong>sunt</strong></span> <span class='ocrx_word' id='word_1_245' title='bbox 1548 1608 1584 1634; x_wconf 92' lang='lat' dir='ltr'><strong>et</strong></span> 
     </span>
     <span class='ocr_line' id='line_1_26' title="bbox 162 1649 1582 1694; baseline 0.005 -15"><span class='ocrx_word' id='word_1_246' title='bbox 162 1653 244 1679; x_wconf 88' lang='lat' dir='ltr'><strong>nota</strong></span> <span class='ocrx_word' id='word_1_247' title='bbox 260 1659 291 1688; x_wconf 88' lang='lat' dir='ltr'><strong>p.</strong></span> <span class='ocrx_word' id='word_1_248' title='bbox 306 1649 358 1680; x_wconf 82' lang='lat' dir='ltr'><strong>c.4</strong></span> <span class='ocrx_word' id='word_1_249' title='bbox 401 1650 576 1681; x_wconf 89' lang='lat' dir='ltr'><strong>Comoedia</strong></span> <span class='ocrx_word' id='word_1_250' title='bbox 602 1651 667 1681; x_wconf 86' lang='lat' dir='ltr'><strong>ista</strong></span> <span class='ocrx_word' id='word_1_251' title='bbox 690 1652 875 1682; x_wconf 84' lang='lat' dir='ltr'><strong>Eunuchus</strong></span> <span class='ocrx_word' id='word_1_252' title='bbox 894 1653 1102 1693; x_wconf 84' lang='lat' dir='ltr'><strong>appellatur,</strong></span> <span class='ocrx_word' id='word_1_253' title='bbox 1129 1663 1169 1683; x_wconf 89' lang='lat' dir='ltr'><strong>eo</strong></span> <span class='ocrx_word' id='word_1_254' title='bbox 1188 1654 1277 1694; x_wconf 87' lang='lat' dir='ltr'><strong>quod</strong></span> <span class='ocrx_word' id='word_1_255' title='bbox 1304 1655 1479 1686; x_wconf 79' lang='lat' dir='ltr'><strong>contineat</strong></span> <span class='ocrx_word' id='word_1_256' title='bbox 1496 1657 1528 1686; x_wconf 93' lang='lat' dir='ltr'><strong>in</strong></span> <span class='ocrx_word' id='word_1_257' title='bbox 1546 1667 1582 1687; x_wconf 83' lang='lat' dir='ltr'><strong>se</strong></span> 
     </span>
     <span class='ocr_line' id='line_1_27' title="bbox 152 1701 1578 1748; baseline 0.006 -17"><span class='ocrx_word' id='word_1_258' title='bbox 152 1701 316 1732; x_wconf 83' lang='lat' dir='ltr'><strong>Fabulam</strong></span> <span class='ocrx_word' id='word_1_259' title='bbox 335 1703 493 1742; x_wconf 85' lang='lat' dir='ltr'><strong>eunuchi,</strong></span> <span class='ocrx_word' id='word_1_260' title='bbox 510 1704 599 1735; x_wconf 84' lang='lat' dir='ltr'><strong>unde</strong></span> <span class='ocrx_word' id='word_1_261' title='bbox 617 1708 652 1735; x_wconf 91' lang='lat' dir='ltr'><strong>et</strong></span> <span class='ocrx_word' id='word_1_262' title='bbox 670 1704 733 1735; x_wconf 87' lang='lat' dir='ltr'><strong>sub</strong></span> <span class='ocrx_word' id='word_1_263' title='bbox 750 1704 925 1736; x_wconf 79' lang='lat' dir='ltr'><strong>foeminino</strong></span> <span class='ocrx_word' id='word_1_264' title='bbox 944 1716 1068 1746; x_wconf 84' lang='lat' dir='ltr'><strong>genere</strong></span> <span class='ocrx_word' id='word_1_265' title='bbox 1087 1706 1277 1747; x_wconf 74' lang='lat' dir='ltr'><strong>profertur,</strong></span> <span class='ocrx_word' id='word_1_266' title='bbox 1302 1713 1393 1740; x_wconf 86' lang='lat' dir='ltr'><strong>teste</strong></span> <span class='ocrx_word' id='word_1_267' title='bbox 1410 1708 1578 1748; x_wconf 77' lang='lat' dir='ltr'><strong>Donato,5</strong></span> 
     </span>
     <span class='ocr_line' id='line_1_28' title="bbox 163 1755 773 1794; baseline 0.007 -10"><span class='ocrx_word' id='word_1_268' title='bbox 163 1755 319 1794; x_wconf 81' lang='lat' dir='ltr'><strong>quoniam</strong></span> <span class='ocrx_word' id='word_1_269' title='bbox 335 1755 376 1786; x_wconf 93' lang='lat' dir='ltr'><strong>ad</strong></span> <span class='ocrx_word' id='word_1_270' title='bbox 394 1756 592 1788; x_wconf 85' lang='lat' dir='ltr'><strong>comoediam</strong></span> <span class='ocrx_word' id='word_1_271' title='bbox 611 1757 773 1789; x_wconf 84' lang='lat' dir='ltr'><strong>refertur.</strong></span> 
     </span>
    </p>

    <p class='ocr_par' dir='ltr' id='par_1_3' title="bbox 120 1806 1584 2493">
     <span class='ocr_line' id='line_1_29' title="bbox 120 1806 1582 1856; baseline 0.009 -20"><span class='ocrx_word' id='word_1_272' title='bbox 120 1806 366 1847; x_wconf 82' lang='lat' dir='ltr'><strong>Argumentum</strong></span> <span class='ocrx_word' id='word_1_273' title='bbox 397 1813 511 1840; x_wconf 88' lang='lat' dir='ltr'><strong>autem</strong></span> <span class='ocrx_word' id='word_1_274' title='bbox 539 1812 713 1851; x_wconf 82' lang='lat' dir='ltr'><strong>sequentis</strong></span> <span class='ocrx_word' id='word_1_275' title='bbox 743 1811 882 1843; x_wconf 80' lang='lat' dir='ltr'><strong>Fabulae</strong></span> <span class='ocrx_word' id='word_1_276' title='bbox 905 1813 1121 1853; x_wconf 84' lang='lat' dir='ltr'><strong>perbreviter</strong></span> <span class='ocrx_word' id='word_1_277' title='bbox 1148 1814 1327 1845; x_wconf 89' lang='lat' dir='ltr'><strong>dicendum</strong></span> <span class='ocrx_word' id='word_1_278' title='bbox 1345 1820 1408 1855; x_wconf 86' lang='lat' dir='ltr'><strong>est,</strong></span> <span class='ocrx_word' id='word_1_279' title='bbox 1426 1816 1582 1856; x_wconf 87' lang='lat' dir='ltr'><strong>quoniam</strong></span> 
     </span>
     <span class='ocr_line' id='line_1_30' title="bbox 163 1860 1582 1910; baseline 0.008 -20"><span class='ocrx_word' id='word_1_280' title='bbox 163 1860 244 1890; x_wconf 76' lang='lat' dir='ltr'><strong>satis</strong></span> <span class='ocrx_word' id='word_1_281' title='bbox 273 1860 307 1891; x_wconf 91' lang='lat' dir='ltr'><strong>in</strong></span> <span class='ocrx_word' id='word_1_282' title='bbox 330 1861 405 1902; x_wconf 89' lang='lat' dir='ltr'><strong>ipso</strong></span> <span class='ocrx_word' id='word_1_283' title='bbox 430 1868 596 1893; x_wconf 84' lang='lat' dir='ltr'><strong>contextu</strong></span> <span class='ocrx_word' id='word_1_284' title='bbox 631 1864 815 1895; x_wconf 87' lang='lat' dir='ltr'><strong>videbitur.</strong></span> <span class='ocrx_word' id='word_1_285' title='bbox 873 1865 913 1895; x_wconf 91' lang='lat' dir='ltr'><strong>In</strong></span> <span class='ocrx_word' id='word_1_286' title='bbox 943 1866 1008 1897; x_wconf 88' lang='lat' dir='ltr'><strong>hac</strong></span> <span class='ocrx_word' id='word_1_287' title='bbox 1040 1867 1168 1897; x_wconf 85' lang='lat' dir='ltr'><strong>Fabula</strong></span> <span class='ocrx_word' id='word_1_288' title='bbox 1199 1869 1384 1900; x_wconf 84' lang='lat' dir='ltr'><strong>introducit</strong></span> <span class='ocrx_word' id='word_1_289' title='bbox 1416 1871 1582 1910; x_wconf 75' lang='lat' dir='ltr'><strong>quendam</strong></span> 
     </span>
     <span class='ocr_line' id='line_1_31' title="bbox 155 1913 1582 1963; baseline 0.008 -20"><span class='ocrx_word' id='word_1_290' title='bbox 155 1913 335 1953; x_wconf 85' lang='lat' dir='ltr'><strong>juvenem,</strong></span> <span class='ocrx_word' id='word_1_291' title='bbox 349 1915 483 1945; x_wconf 88' lang='lat' dir='ltr'><strong>nomine</strong></span> <span class='ocrx_word' id='word_1_292' title='bbox 498 1916 705 1956; x_wconf 75' lang='lat' dir='ltr'><strong>Phaedriam,</strong></span> <span class='ocrx_word' id='word_1_293' title='bbox 721 1917 826 1948; x_wconf 87' lang='lat' dir='ltr'><strong>filium</strong></span> <span class='ocrx_word' id='word_1_294' title='bbox 841 1918 942 1957; x_wconf 86' lang='lat' dir='ltr'><strong>senis,</strong></span> <span class='ocrx_word' id='word_1_295' title='bbox 959 1919 1015 1959; x_wconf 90' lang='lat' dir='ltr'><strong>qui</strong></span> <span class='ocrx_word' id='word_1_296' title='bbox 1033 1919 1220 1950; x_wconf 82' lang='lat' dir='ltr'><strong>vocabatur</strong></span> <span class='ocrx_word' id='word_1_297' title='bbox 1236 1921 1381 1953; x_wconf 83' lang='lat' dir='ltr'><strong>Laches.</strong></span> <span class='ocrx_word' id='word_1_298' title='bbox 1419 1923 1485 1954; x_wconf 87' lang='lat' dir='ltr'><strong>Hic</strong></span> <span class='ocrx_word' id='word_1_299' title='bbox 1502 1934 1582 1963; x_wconf 81' lang='lat' dir='ltr'><strong>ergo</strong></span> 
     </span>
     <span class='ocr_line' id='line_1_32' title="bbox 164 1966 1584 2013; baseline 0.008 -17"><span class='ocrx_word' id='word_1_300' title='bbox 164 1966 325 1997; x_wconf 86' lang='lat' dir='ltr'><strong>Phaedria</strong></span> <span class='ocrx_word' id='word_1_301' title='bbox 342 1977 417 1998; x_wconf 91' lang='lat' dir='ltr'><strong>cum</strong></span> <span class='ocrx_word' id='word_1_302' title='bbox 435 1973 565 2000; x_wconf 83' lang='lat' dir='ltr'><strong>amaret</strong></span> <span class='ocrx_word' id='word_1_303' title='bbox 589 1970 758 2010; x_wconf 86' lang='lat' dir='ltr'><strong>quandam</strong></span> <span class='ocrx_word' id='word_1_304' title='bbox 783 1971 1000 2002; x_wconf 72' lang='lat' dir='ltr'><strong>meretricem</strong></span> <span class='ocrx_word' id='word_1_305' title='bbox 1025 1972 1300 2013; x_wconf 87' lang='lat' dir='ltr'><strong>pulcherrimam,</strong></span> <span class='ocrx_word' id='word_1_306' title='bbox 1323 1974 1455 2007; x_wconf 87' lang='lat' dir='ltr'><strong>nomine</strong></span> <span class='ocrx_word' id='word_1_307' title='bbox 1479 1977 1584 2007; x_wconf 85' lang='lat' dir='ltr'><strong>Thai-</strong></span> 
     </span>
     <span class='ocr_line' id='line_1_33' title="bbox 164 2018 1581 2069; baseline 0.008 -21"><span class='ocrx_word' id='word_1_308' title='bbox 164 2018 255 2058; x_wconf 85' lang='lat' dir='ltr'><strong>dem,</strong></span> <span class='ocrx_word' id='word_1_309' title='bbox 271 2029 345 2059; x_wconf 81' lang='lat' dir='ltr'><strong>quae</strong></span> <span class='ocrx_word' id='word_1_310' title='bbox 370 2020 548 2052; x_wconf 87' lang='lat' dir='ltr'><strong>amabatur</strong></span> <span class='ocrx_word' id='word_1_311' title='bbox 571 2031 590 2052; x_wconf 87' lang='lat' dir='ltr'><strong>a</strong></span> <span class='ocrx_word' id='word_1_312' title='bbox 616 2022 761 2062; x_wconf 89' lang='lat' dir='ltr'><strong>quodam</strong></span> <span class='ocrx_word' id='word_1_313' title='bbox 781 2023 899 2063; x_wconf 85' lang='lat' dir='ltr'><strong>milite,</strong></span> <span class='ocrx_word' id='word_1_314' title='bbox 914 2025 970 2064; x_wconf 83' lang='lat' dir='ltr'><strong>qui</strong></span> <span class='ocrx_word' id='word_1_315' title='bbox 987 2024 1175 2055; x_wconf 86' lang='lat' dir='ltr'><strong>vocabatur</strong></span> <span class='ocrx_word' id='word_1_316' title='bbox 1191 2026 1330 2062; x_wconf 76' lang='lat' dir='ltr'><strong>Thraso,</strong></span> <span class='ocrx_word' id='word_1_317' title='bbox 1348 2027 1420 2068; x_wconf 62' lang='lat' dir='ltr'><strong>ipsa</strong></span> <span class='ocrx_word' id='word_1_318' title='bbox 1439 2036 1581 2069; x_wconf 82' lang='lat' dir='ltr'><strong>rogante</strong></span> 
     </span>
     <span class='ocr_line' id='line_1_34' title="bbox 164 2071 1581 2123; baseline 0.009 -22"><span class='ocrx_word' id='word_1_319' title='bbox 164 2071 248 2102; x_wconf 89' lang='lat' dir='ltr'><strong>emit</strong></span> <span class='ocrx_word' id='word_1_320' title='bbox 263 2072 294 2102; x_wconf 87' lang='lat' dir='ltr'><strong>ei</strong></span> <span class='ocrx_word' id='word_1_321' title='bbox 311 2073 502 2104; x_wconf 79' lang='lat' dir='ltr'><strong>eunuchum</strong></span> <span class='ocrx_word' id='word_1_322' title='bbox 514 2075 585 2115; x_wconf 86' lang='lat' dir='ltr'><strong>jam</strong></span> <span class='ocrx_word' id='word_1_323' title='bbox 600 2076 762 2116; x_wconf 84' lang='lat' dir='ltr'><strong>vetulum,</strong></span> <span class='ocrx_word' id='word_1_324' title='bbox 777 2086 837 2107; x_wconf 84' lang='lat' dir='ltr'><strong>nec</strong></span> <span class='ocrx_word' id='word_1_325' title='bbox 855 2086 919 2107; x_wconf 90' lang='lat' dir='ltr'><strong>non</strong></span> <span class='ocrx_word' id='word_1_326' title='bbox 935 2078 1081 2117; x_wconf 85' lang='lat' dir='ltr'><strong>puellam</strong></span> <span class='ocrx_word' id='word_1_327' title='bbox 1095 2079 1332 2119; x_wconf 84' lang='lat' dir='ltr'><strong>Ethiopissam.</strong></span> <span class='ocrx_word' id='word_1_328' title='bbox 1369 2081 1581 2123; x_wconf 85' lang='lat' dir='ltr'><strong>Factumque</strong></span> 
     </span>
     <span class='ocr_line' id='line_1_35' title="bbox 164 2126 1581 2171; baseline 0.009 -17"><span class='ocrx_word' id='word_1_329' title='bbox 164 2129 226 2161; x_wconf 85' lang='lat' dir='ltr'><strong>est,</strong></span> <span class='ocrx_word' id='word_1_330' title='bbox 241 2131 277 2154; x_wconf 89' lang='lat' dir='ltr'><strong>ut</strong></span> <span class='ocrx_word' id='word_1_331' title='bbox 295 2135 335 2156; x_wconf 88' lang='lat' dir='ltr'><strong>eo</strong></span> <span class='ocrx_word' id='word_1_332' title='bbox 352 2126 424 2166; x_wconf 84' lang='lat' dir='ltr'><strong>ipso</strong></span> <span class='ocrx_word' id='word_1_333' title='bbox 441 2127 508 2167; x_wconf 88' lang='lat' dir='ltr'><strong>die,</strong></span> <span class='ocrx_word' id='word_1_334' title='bbox 522 2138 587 2168; x_wconf 86' lang='lat' dir='ltr'><strong>quo</strong></span> <span class='ocrx_word' id='word_1_335' title='bbox 606 2128 679 2160; x_wconf 77' lang='lat' dir='ltr'><strong>haec</strong></span> <span class='ocrx_word' id='word_1_336' title='bbox 696 2139 836 2160; x_wconf 89' lang='lat' dir='ltr'><strong>munera</strong></span> <span class='ocrx_word' id='word_1_337' title='bbox 849 2130 940 2160; x_wconf 87' lang='lat' dir='ltr'><strong>misit</strong></span> <span class='ocrx_word' id='word_1_338' title='bbox 954 2130 1113 2161; x_wconf 86' lang='lat' dir='ltr'><strong>l&#39;haedria</strong></span> <span class='ocrx_word' id='word_1_339' title='bbox 1124 2131 1263 2171; x_wconf 84' lang='lat' dir='ltr'><strong>juvenis</strong></span> <span class='ocrx_word' id='word_1_340' title='bbox 1278 2136 1449 2165; x_wconf 87' lang='lat' dir='ltr'><strong>meretrici</strong></span> <span class='ocrx_word' id='word_1_341' title='bbox 1460 2137 1581 2168; x_wconf 82' lang='lat' dir='ltr'><strong>Thaidi</strong></span> 
     </span>
     <span class='ocr_line' id='line_1_36' title="bbox 165 2182 1581 2229; baseline 0.008 -22"><span class='ocrx_word' id='word_1_342' title='bbox 165 2186 226 2217; x_wconf 87' lang='lat' dir='ltr'><strong>per</strong></span> <span class='ocrx_word' id='word_1_343' title='bbox 244 2187 378 2209; x_wconf 83' lang='lat' dir='ltr'><strong>servum</strong></span> <span class='ocrx_word' id='word_1_344' title='bbox 395 2189 503 2220; x_wconf 89' lang='lat' dir='ltr'><strong>suum,</strong></span> <span class='ocrx_word' id='word_1_345' title='bbox 518 2182 651 2212; x_wconf 86' lang='lat' dir='ltr'><strong>nomine</strong></span> <span class='ocrx_word' id='word_1_346' title='bbox 668 2183 932 2222; x_wconf 87' lang='lat' dir='ltr'><strong>Parmenonem,</strong></span> <span class='ocrx_word' id='word_1_347' title='bbox 952 2184 1108 2215; x_wconf 89' lang='lat' dir='ltr'><strong>mitteret</strong></span> <span class='ocrx_word' id='word_1_348' title='bbox 1129 2185 1160 2216; x_wconf 85' lang='lat' dir='ltr'><strong>ei</strong></span> <span class='ocrx_word' id='word_1_349' title='bbox 1180 2190 1215 2216; x_wconf 86' lang='lat' dir='ltr'><strong>et</strong></span> <span class='ocrx_word' id='word_1_350' title='bbox 1231 2187 1327 2217; x_wconf 89' lang='lat' dir='ltr'><strong>miles</strong></span> <span class='ocrx_word' id='word_1_351' title='bbox 1343 2188 1469 2220; x_wconf 87' lang='lat' dir='ltr'><strong>Thraso</strong></span> <span class='ocrx_word' id='word_1_352' title='bbox 1488 2192 1581 2229; x_wconf 77' lang='lat' dir='ltr'><strong>puel-</strong></span> 
     </span>
     <span class='ocr_line' id='line_1_37' title="bbox 163 2230 1579 2281; baseline 0.01 -21"><span class='ocrx_word' id='word_1_353' title='bbox 163 2230 228 2261; x_wconf 84' lang='lat' dir='ltr'><strong>lam</strong></span> <span class='ocrx_word' id='word_1_354' title='bbox 257 2233 340 2263; x_wconf 79' lang='lat' dir='ltr'><strong>satis</strong></span> <span class='ocrx_word' id='word_1_355' title='bbox 365 2234 553 2273; x_wconf 84' lang='lat' dir='ltr'><strong>pulchram,</strong></span> <span class='ocrx_word' id='word_1_356' title='bbox 576 2245 650 2276; x_wconf 80' lang='lat' dir='ltr'><strong>quae</strong></span> <span class='ocrx_word' id='word_1_357' title='bbox 675 2237 865 2267; x_wconf 82' lang='lat' dir='ltr'><strong>vocabatur</strong></span> <span class='ocrx_word' id='word_1_358' title='bbox 889 2237 1081 2276; x_wconf 87' lang='lat' dir='ltr'><strong>Pamphila,</strong></span> <span class='ocrx_word' id='word_1_359' title='bbox 1106 2248 1167 2278; x_wconf 89' lang='lat' dir='ltr'><strong>per</strong></span> <span class='ocrx_word' id='word_1_360' title='bbox 1197 2240 1367 2280; x_wconf 88' lang='lat' dir='ltr'><strong>quendam</strong></span> <span class='ocrx_word' id='word_1_361' title='bbox 1394 2243 1579 2281; x_wconf 82' lang='lat' dir='ltr'><strong>parasitum</strong></span> 
     </span>
     <span class='ocr_line' id='line_1_38' title="bbox 163 2286 1581 2336; baseline 0.009 -23"><span class='ocrx_word' id='word_1_362' title='bbox 163 2294 271 2324; x_wconf 88' lang='lat' dir='ltr'><strong>suum,</strong></span> <span class='ocrx_word' id='word_1_363' title='bbox 299 2286 355 2326; x_wconf 84' lang='lat' dir='ltr'><strong>qui</strong></span> <span class='ocrx_word' id='word_1_364' title='bbox 383 2287 572 2319; x_wconf 84' lang='lat' dir='ltr'><strong>vocabatur</strong></span> <span class='ocrx_word' id='word_1_365' title='bbox 595 2289 722 2321; x_wconf 86' lang='lat' dir='ltr'><strong>Gnato.</strong></span> <span class='ocrx_word' id='word_1_366' title='bbox 767 2290 856 2320; x_wconf 87' lang='lat' dir='ltr'><strong>Dum</strong></span> <span class='ocrx_word' id='word_1_367' title='bbox 881 2300 961 2330; x_wconf 85' lang='lat' dir='ltr'><strong>ergo</strong></span> <span class='ocrx_word' id='word_1_368' title='bbox 979 2291 1094 2322; x_wconf 81' lang='lat' dir='ltr'><strong>Gnato</strong></span> <span class='ocrx_word' id='word_1_369' title='bbox 1112 2293 1278 2331; x_wconf 78' lang='lat' dir='ltr'><strong>parasitus</strong></span> <span class='ocrx_word' id='word_1_370' title='bbox 1296 2295 1452 2333; x_wconf 86' lang='lat' dir='ltr'><strong>puellam,</strong></span> <span class='ocrx_word' id='word_1_371' title='bbox 1471 2306 1544 2336; x_wconf 61' lang='lat' dir='ltr'><strong>qum</strong></span> <span class='ocrx_word' id='word_1_372' title='bbox 1563 2307 1581 2326; x_wconf 80' lang='lat' dir='ltr'><strong>a</strong></span> 
     </span>
     <span class='ocr_line' id='line_1_39' title="bbox 162 2338 1581 2389; baseline 0.008 -22"><span class='ocrx_word' id='word_1_373' title='bbox 162 2338 269 2369; x_wconf 87' lang='lat' dir='ltr'><strong>milite</strong></span> <span class='ocrx_word' id='word_1_374' title='bbox 287 2339 500 2377; x_wconf 83' lang='lat' dir='ltr'><strong>mittebatur,</strong></span> <span class='ocrx_word' id='word_1_375' title='bbox 518 2341 661 2373; x_wconf 83' lang='lat' dir='ltr'><strong>duceret</strong></span> <span class='ocrx_word' id='word_1_376' title='bbox 676 2343 808 2382; x_wconf 82' lang='lat' dir='ltr'><strong>Thaidi,</strong></span> <span class='ocrx_word' id='word_1_377' title='bbox 822 2343 906 2374; x_wconf 90' lang='lat' dir='ltr'><strong>vidit</strong></span> <span class='ocrx_word' id='word_1_378' title='bbox 921 2344 1010 2374; x_wconf 84' lang='lat' dir='ltr'><strong>illam</strong></span> <span class='ocrx_word' id='word_1_379' title='bbox 1027 2344 1137 2375; x_wconf 87' lang='lat' dir='ltr'><strong>minor</strong></span> <span class='ocrx_word' id='word_1_380' title='bbox 1151 2344 1258 2376; x_wconf 84' lang='lat' dir='ltr'><strong>frater</strong></span> <span class='ocrx_word' id='word_1_381' title='bbox 1269 2346 1438 2378; x_wconf 66' lang='lat' dir='ltr'><strong>Phaedria»</strong></span> <span class='ocrx_word' id='word_1_382' title='bbox 1452 2349 1507 2389; x_wconf 87' lang='lat' dir='ltr'><strong>qni</strong></span> <span class='ocrx_word' id='word_1_383' title='bbox 1525 2359 1536 2378; x_wconf 67' lang='lat' dir='ltr'>x</span> <span class='ocrx_word' id='word_1_384' title='bbox 1547 2360 1581 2380; x_wconf 91' lang='lat'><strong>0-</strong></span> 
     </span>
     <span class='ocr_line' id='line_1_40' title="bbox 163 2391 1580 2440; baseline 0.009 -20"><span class='ocrx_word' id='word_1_385' title='bbox 163 2391 302 2422; x_wconf 84' lang='lat' dir='ltr'><strong>cabatur</strong></span> <span class='ocrx_word' id='word_1_386' title='bbox 319 2392 463 2432; x_wconf 88' lang='lat' dir='ltr'><strong>Cherea‚</strong></span> <span class='ocrx_word' id='word_1_387' title='bbox 479 2394 557 2425; x_wconf 90' lang='lat' dir='ltr'><strong>dum</strong></span> <span class='ocrx_word' id='word_1_388' title='bbox 576 2401 693 2440; x_wconf 73' lang='lat' dir='ltr'><strong>ageret</strong></span> <span class='ocrx_word' id='word_1_389' title='bbox 711 2406 752 2427; x_wconf 86' lang='lat' dir='ltr'><strong>ex</strong></span> <span class='ocrx_word' id='word_1_390' title='bbox 770 2397 952 2428; x_wconf 85' lang='lat' dir='ltr'><strong>collatione</strong></span> <span class='ocrx_word' id='word_1_391' title='bbox 971 2398 1149 2437; x_wconf 86' lang='lat' dir='ltr'><strong>prandium</strong></span> <span class='ocrx_word' id='word_1_392' title='bbox 1168 2408 1243 2429; x_wconf 88' lang='lat' dir='ltr'><strong>cum</strong></span> <span class='ocrx_word' id='word_1_393' title='bbox 1265 2400 1339 2429; x_wconf 85' lang='lat' dir='ltr'><strong>aliis</strong></span> <span class='ocrx_word' id='word_1_394' title='bbox 1357 2400 1580 2433; x_wconf 85' lang='lat' dir='ltr'><strong>adolescenti-</strong></span> 
     </span>
     <span class='ocr_line' id='line_1_41' title="bbox 159 2442 1578 2493; baseline 0.008 -19"><span class='ocrx_word' id='word_1_395' title='bbox 159 2442 220 2474; x_wconf 90' lang='lat' dir='ltr'><strong>bus</strong></span> <span class='ocrx_word' id='word_1_396' title='bbox 237 2444 269 2474; x_wconf 89' lang='lat' dir='ltr'><strong>in</strong></span> <span class='ocrx_word' id='word_1_397' title='bbox 288 2447 444 2486; x_wconf 84' lang='lat' dir='ltr'><strong>proximo</strong></span> <span class='ocrx_word' id='word_1_398' title='bbox 465 2448 552 2488; x_wconf 86' lang='lat' dir='ltr'><strong>loco,</strong></span> <span class='ocrx_word' id='word_1_399' title='bbox 569 2449 664 2490; x_wconf 87' lang='lat' dir='ltr'><strong>cujus</strong></span> <span class='ocrx_word' id='word_1_400' title='bbox 683 2459 806 2481; x_wconf 90' lang='lat' dir='ltr'><strong>nomen</strong></span> <span class='ocrx_word' id='word_1_401' title='bbox 825 2454 900 2482; x_wconf 88' lang='lat' dir='ltr'><strong>erat</strong></span> <span class='ocrx_word' id='word_1_402' title='bbox 916 2450 1051 2491; x_wconf 73' lang='lat' dir='ltr'><strong>Pirous,</strong></span> <span class='ocrx_word' id='word_1_403' title='bbox 1067 2457 1230 2493; x_wconf 86' lang='lat' dir='ltr'><strong>tantoque</strong></span> <span class='ocrx_word' id='word_1_404' title='bbox 1248 2453 1372 2484; x_wconf 84' lang='lat' dir='ltr'><strong>amoris</strong></span> <span class='ocrx_word' id='word_1_405' title='bbox 1399 2454 1521 2486; x_wconf 85' lang='lat' dir='ltr'><strong>ardore</strong></span> <span class='ocrx_word' id='word_1_406' title='bbox 1547 2456 1578 2487; x_wconf 88' lang='lat' dir='ltr'><strong>iu</strong></span> 
     </span>
    </p>
   </div>
   <div class='ocr_carea' id='block_1_3' title="bbox 164 2529 1578 2580">
    <p class='ocr_par' dir='ltr' id='par_1_4' title="bbox 164 2529 1578 2580">
     <span class='ocr_line' id='line_1_42' title="bbox 164 2529 1578 2580; baseline 0.008 -21"><span class='ocrx_word' id='word_1_407' title='bbox 164 2531 183 2559; x_wconf 82' lang='lat'><strong>2</strong></span> <span class='ocrx_word' id='word_1_408' title='bbox 209 2529 456 2570; x_wconf 89' lang='lat' dir='ltr'><strong>Compendium</strong></span> <span class='ocrx_word' id='word_1_409' title='bbox 474 2532 645 2565; x_wconf 86' lang='lat' dir='ltr'><strong>scribendi</strong></span> <span class='ocrx_word' id='word_1_410' title='bbox 662 2544 735 2576; x_wconf 79' lang='lat' dir='ltr'><strong>pro,</strong></span> <span class='ocrx_word' id='word_1_411' title='bbox 755 2536 820 2567; x_wconf 85' lang='lat' dir='ltr'><strong>Te·</strong></span> <span class='ocrx_word' id='word_1_412' title='bbox 920 2539 938 2566; x_wconf 90' lang='lat'>5</span> <span class='ocrx_word' id='word_1_413' title='bbox 958 2536 1116 2567; x_wconf 86' lang='lat' dir='ltr'><strong>Donatus</strong></span> <span class='ocrx_word' id='word_1_414' title='bbox 1129 2537 1578 2580; x_wconf 86' lang='lat' dir='ltr'><strong>enim,quanquaminPro-</strong></span> 
     </span>
    </p>
   </div>
   <div class='ocr_carea' id='block_1_4' title="bbox 122 2579 1579 2681">
    <p class='ocr_par' dir='ltr' id='par_1_5' title="bbox 122 2579 1579 2681">
     <span class='ocr_line' id='line_1_43' title="bbox 122 2579 1579 2632; baseline 0.01 -24"><span class='ocrx_word' id='word_1_415' title='bbox 122 2579 261 2611; x_wconf 86' lang='lat' dir='ltr'><strong>rentius.</strong></span> <span class='ocrx_word' id='word_1_416' title='bbox 286 2580 405 2612; x_wconf 78' lang='lat' dir='ltr'><strong>Bruns.</strong></span> <span class='ocrx_word' id='word_1_417' title='bbox 877 2587 954 2627; x_wconf 87' lang='lat' dir='ltr'><strong>logo</strong></span> <span class='ocrx_word' id='word_1_418' title='bbox 973 2588 1021 2618; x_wconf 91' lang='lat' dir='ltr'><strong>ait</strong></span> <span class='ocrx_word' id='word_1_419' title='bbox 1035 2590 1083 2628; x_wconf 86' lang='lat' dir='ltr'><strong>(v.</strong></span> <span class='ocrx_word' id='word_1_420' title='bbox 1102 2588 1183 2619; x_wconf 89' lang='lat' dir='ltr'><strong>edit.</strong></span> <span class='ocrx_word' id='word_1_421' title='bbox 1200 2589 1306 2621; x_wconf 81' lang='lat' dir='ltr'><strong>Zeuu.</strong></span> <span class='ocrx_word' id='word_1_422' title='bbox 1320 2600 1350 2629; x_wconf 87' lang='lat' dir='ltr'><strong>p.</strong></span> <span class='ocrx_word' id='word_1_423' title='bbox 1364 2591 1579 2632; x_wconf 77' lang='lat' dir='ltr'><strong>257.)‘11anc</strong></span> 
     </span>
     <span class='ocr_line' id='line_1_44' title="bbox 163 2630 1579 2681; baseline 0.009 -22"><span class='ocrx_word' id='word_1_424' title='bbox 163 2632 182 2660; x_wconf 79' lang='lat'><strong>3</strong></span> <span class='ocrx_word' id='word_1_425' title='bbox 206 2630 406 2662; x_wconf 84' lang='lat' dir='ltr'><strong>Tollendum</strong></span> <span class='ocrx_word' id='word_1_426' title='bbox 425 2636 478 2663; x_wconf 88' lang='lat' dir='ltr'><strong>est</strong></span> <span class='ocrx_word' id='word_1_427' title='bbox 502 2632 633 2673; x_wconf 85' lang='lat' dir='ltr'><strong>signum</strong></span> <span class='ocrx_word' id='word_1_428' title='bbox 651 2633 821 2665; x_wconf 81' lang='lat' dir='ltr'><strong>distincti·</strong></span> <span class='ocrx_word' id='word_1_429' title='bbox 876 2636 1052 2667; x_wconf 86' lang='lat' dir='ltr'><strong>masculini</strong></span> <span class='ocrx_word' id='word_1_430' title='bbox 1080 2639 1214 2675; x_wconf 81' lang='lat' dir='ltr'><strong>generis</strong></span> <span class='ocrx_word' id='word_1_431' title='bbox 1241 2640 1376 2670; x_wconf 88' lang='lat' dir='ltr'><strong>nomine</strong></span> <span class='ocrx_word' id='word_1_432' title='bbox 1404 2650 1579 2681; x_wconf 80' lang='lat' dir='ltr'><strong>nuncupa·</strong></span> 
     </span>
    </p>
   </div>
   <div class='ocr_carea' id='block_1_5' title="bbox 121 2680 1580 2774">
    <p class='ocr_par' dir='ltr' id='par_1_6' title="bbox 121 2680 1580 2774">
     <span class='ocr_line' id='line_1_45' title="bbox 121 2680 1580 2731; baseline 0.01 -22"><span class='ocrx_word' id='word_1_433' title='bbox 121 2680 194 2710; x_wconf 90' lang='lat' dir='ltr'><strong>onis</strong></span> <span class='ocrx_word' id='word_1_434' title='bbox 212 2686 290 2721; x_wconf 88' lang='lat' dir='ltr'><strong>post</strong></span> <span class='ocrx_word' id='word_1_435' title='bbox 307 2682 454 2721; x_wconf 91' lang='lat' dir='ltr'><strong>nomina,</strong></span> <span class='ocrx_word' id='word_1_436' title='bbox 479 2683 589 2714; x_wconf 79' lang='lat' dir='ltr'><strong>Marco</strong></span> <span class='ocrx_word' id='word_1_437' title='bbox 606 2688 642 2714; x_wconf 86' lang='lat' dir='ltr'><strong>et</strong></span> <span class='ocrx_word' id='word_1_438' title='bbox 660 2685 819 2725; x_wconf 83' lang='lat' dir='ltr'><strong>Nummio,</strong></span> <span class='ocrx_word' id='word_1_439' title='bbox 876 2692 944 2718; x_wconf 86' lang='lat' dir='ltr'><strong>tam</strong></span> <span class='ocrx_word' id='word_1_440' title='bbox 961 2698 1033 2719; x_wconf 82' lang='lat' dir='ltr'><strong>esse</strong></span> <span class='ocrx_word' id='word_1_441' title='bbox 1050 2689 1239 2731; x_wconf 80' lang='lat' dir='ltr'><strong>Fabulam‚’</strong></span> <span class='ocrx_word' id='word_1_442' title='bbox 1264 2696 1377 2722; x_wconf 86' lang='lat' dir='ltr'><strong>tamen</strong></span> <span class='ocrx_word' id='word_1_443' title='bbox 1396 2692 1427 2723; x_wconf 89' lang='lat' dir='ltr'><strong>in</strong></span> <span class='ocrx_word' id='word_1_444' title='bbox 1445 2693 1512 2724; x_wconf 85' lang='lat' dir='ltr'><strong>fine</strong></span> <span class='ocrx_word' id='word_1_445' title='bbox 1530 2694 1580 2724; x_wconf 89' lang='lat' dir='ltr'><strong>di-</strong></span> 
     </span>
     <span class='ocr_line' id='line_1_46' title="bbox 121 2733 1578 2774; baseline 0.01 -13"><span class='ocrx_word' id='word_1_446' title='bbox 121 2739 184 2771; x_wconf 90' lang='lat' dir='ltr'><strong>pro</strong></span> <span class='ocrx_word' id='word_1_447' title='bbox 218 2741 284 2772; x_wconf 87' lang='lat' dir='ltr'><strong>quo</strong></span> <span class='ocrx_word' id='word_1_448' title='bbox 322 2733 536 2764; x_wconf 88' lang='lat' dir='ltr'><strong>scribendum</strong></span> <span class='ocrx_word' id='word_1_449' title='bbox 571 2738 623 2765; x_wconf 86' lang='lat' dir='ltr'><strong>est</strong></span> <span class='ocrx_word' id='word_1_450' title='bbox 655 2735 819 2767; x_wconf 82' lang='lat' dir='ltr'><strong>Mummio.</strong></span> <span class='ocrx_word' id='word_1_451' title='bbox 876 2739 945 2769; x_wconf 91' lang='lat' dir='ltr'><strong>cit:</strong></span> <span class='ocrx_word' id='word_1_452' title='bbox 990 2741 998 2755; x_wconf 90' lang='lat'>‘</span> <span class='ocrx_word' id='word_1_453' title='bbox 1023 2739 1110 2771; x_wconf 82' lang='lat' dir='ltr'><strong>Haee</strong></span> <span class='ocrx_word' id='word_1_454' title='bbox 1150 2741 1332 2773; x_wconf 85' lang='lat' dir='ltr'><strong>Eunuchus</strong></span> <span class='ocrx_word' id='word_1_455' title='bbox 1370 2743 1578 2774; x_wconf 78' lang='lat' dir='ltr'><strong>Terentiana</strong></span> 
     </span>
    </p>
   </div>
   <div class='ocr_carea' id='block_1_6' title="bbox 126 2780 1579 2876">
    <p class='ocr_par' dir='ltr' id='par_1_7' title="bbox 126 2780 1579 2876">
     <span class='ocr_line' id='line_1_47' title="bbox 126 2780 1579 2833; baseline 0.008 -21"><span class='ocrx_word' id='word_1_456' title='bbox 126 2780 179 2812; x_wconf 89' lang='lat' dir='ltr'><strong>Id.</strong></span> <span class='ocrx_word' id='word_1_457' title='bbox 876 2788 1006 2830; x_wconf 73' lang='lat' dir='ltr'><strong>scripta</strong></span> <span class='ocrx_word' id='word_1_458' title='bbox 1023 2795 1072 2821; x_wconf 83' lang='lat' dir='ltr'><strong>est</strong></span> <span class='ocrx_word' id='word_1_459' title='bbox 1089 2790 1183 2832; x_wconf 74' lang='lat' dir='ltr'><strong>;&#39;quo</strong></span> <span class='ocrx_word' id='word_1_460' title='bbox 1201 2793 1349 2833; x_wconf 73' lang='lat' dir='ltr'><strong>respexit</strong></span> <span class='ocrx_word' id='word_1_461' title='bbox 1368 2800 1487 2824; x_wconf 83' lang='lat' dir='ltr'><strong>auctor</strong></span> <span class='ocrx_word' id='word_1_462' title='bbox 1504 2803 1579 2824; x_wconf 69' lang='lat' dir='ltr'><strong>uos·-</strong></span> 
     </span>
     <span class='ocr_line' id='line_1_48' title="bbox 166 2833 1013 2876; baseline 0.009 -13"><span class='ocrx_word' id='word_1_463' title='bbox 166 2835 185 2863; x_wconf 70' lang='lat'>4</span> <span class='ocrx_word' id='word_1_464' title='bbox 210 2833 366 2874; x_wconf 85' lang='lat' dir='ltr'><strong>Explico,</strong></span> <span class='ocrx_word' id='word_1_465' title='bbox 383 2844 444 2875; x_wconf 89' lang='lat' dir='ltr'><strong>per</strong></span> <span class='ocrx_word' id='word_1_466' title='bbox 461 2836 708 2876; x_wconf 89' lang='lat' dir='ltr'><strong>compendium.</strong></span> <span class='ocrx_word' id='word_1_467' title='bbox 735 2838 784 2868; x_wconf 83' lang='lat' dir='ltr'><strong>Id.</strong></span> <span class='ocrx_word' id='word_1_468' title='bbox 875 2842 939 2870; x_wconf 85' lang='lat' dir='ltr'><strong>ter.</strong></span> <span class='ocrx_word' id='word_1_469' title='bbox 967 2840 1013 2872; x_wconf 82' lang='lat' dir='ltr'><strong>Id.</strong></span> 
     </span>
    </p>
   </div>
  </div>
 </body>
</html>
