1945 3296
350 205 408 245 94
660 210 899 243 DANiEms
932 208 1124 241 HEinsu
1161 208 1506 240 mssnnrATlo.

354 309 454 348 Vere
476 310 676 348 scenicum
694 315 733 346 et
752 307 871 346 illud:

461 395 512 433 Et
531 401 741 446 postremo,
762 393 836 430 nisi
857 405 917 430 me
939 389 1154 437 auscultas,
1175 398 1292 441 atque
1310 389 1399 436 hoe,
1420 395 1464 428 ut
1483 388 1585 436 dico,
1603 389 1714 436 facis,

459 460 557 497 Tute
578 470 679 509 pone
708 464 744 495 te
766 456 907 494 latebis
928 454 1058 499 facile,
1078 467 1128 492 ne
1147 454 1320 492 inveniat
1339 460 1377 491 te
1395 452 1532 491 honor.

357 557 407 594 Et
426 554 512 607 quis
534 554 629 592 illud
651 560 759 591 extra
780 565 937 590 scenam
957 563 1145 601 usurpare
1166 548 1298 587 ausit?

460 649 675 688 Benefacta
693 646 909 686 benefactis
931 644 1016 682 aliis
1035 644 1243 696 pertegito,
1262 657 1311 683 ne
1327 644 1546 697 perpluant.

355 759 484 802 Quare
502 767 701 806 nunquam
722 751 910 802 effugient
928 750 1020 800 quin
1042 749 1120 787 sint
1138 750 1271 801 inepti,
1292 750 1359 800 qui
1377 748 1464 787 haec
1479 754 1518 786 et
1536 748 1613 787 alia
1631 747 1670 786 id
1687 761 1811 799 genus

356 821 404 859 ad
426 821 565 859 serium
587 816 742 856 dicendi
762 828 885 866 genus
916 813 1168 851 transferunt.
1227 813 1534 864 Consequuntur
1564 812 1680 858 enim,
1706 811 1812 863 quod

355 898 433 923 non
455 884 601 929 vident,
636 889 679 919 ut
707 880 816 918 inviti
851 879 968 916 risum
1001 885 1207 921 moveant;
1251 876 1357 928 quod
1378 889 1455 915 non
1477 876 1592 927 pauci
1625 875 1742 913 hodie
1772 876 1811 911 in

356 948 508 1000 scriptis
530 946 697 984 maximo
718 943 914 982 molimine
945 955 968 979 a
988 941 1149 979 Lectore
1174 941 1394 992 impetrant.
1453 939 1636 989 Sequitur
1655 939 1695 977 τὸ
1716 937 1811 983 ἦθος,

355 1013 474 1065 quod,
495 1018 540 1049 ut
560 1010 674 1048 docet
693 1006 939 1052 Aristoteles,
973 1005 1012 1042 in
1033 1006 1220 1050 oratione,
1255 1003 1561 1055 uniuscujusque
1593 1003 1811 1041 institutum

354 1077 504 1115 indicat
537 1081 576 1113 et
596 1073 849 1112 voluntatem.
908 1068 1024 1112 Quod
1056 1069 1095 1106 in
1133 1068 1297 1119 singulis
1329 1074 1621 1119 repraesentare,
1651 1066 1727 1104 nisi
1745 1065 1815 1104 viri

357 1148 424 1179 aut
452 1138 655 1191 prudentis
691 1142 759 1173 aut
778 1133 1020 1183 Philosophi,
1053 1132 1198 1169 nullius
1221 1139 1293 1169 est.
1352 1132 1452 1174 Nam
1484 1112 1814 1182 quemadmodum

357 1219 377 1244 e
394 1203 559 1256 singulis
581 1200 837 1252 experientia,
862 1198 916 1235 ita
936 1210 1049 1234 nemo
1072 1196 1314 1248 singulorum
1333 1208 1459 1233 mores
1488 1195 1572 1232 sine
1590 1193 1667 1232 hac
1687 1193 1816 1244 expri-

356 1270 437 1308 mit.
479 1269 608 1312 Quare
628 1264 798 1303 omnium
821 1261 1110 1300 accuratissime
1139 1269 1177 1300 et
1198 1262 1355 1311 optime,
1373 1259 1466 1310 quid
1488 1259 1538 1297 sit
1556 1258 1684 1296 facere
1702 1264 1746 1295 ut
1767 1257 1818 1295 sit

355 1335 459 1379 ἠθικὴ
481 1331 617 1375 oratio,
638 1326 902 1377 Philosophus
924 1325 1108 1363 ostendit.
1168 1324 1286 1369 Quod
1315 1324 1377 1361 vel
1408 1322 1532 1360 solum
1559 1320 1659 1358 tanti
1680 1326 1753 1366 est,
1774 1326 1818 1357 ut

357 1396 452 1434 nihil
472 1395 599 1433 minus
620 1391 810 1437 nonnulli,
832 1390 897 1441 qui
920 1389 970 1426 ad
1003 1389 1300 1427 Rhetoricarum
1327 1399 1482 1425 suarum
1514 1385 1620 1436 leges
1653 1396 1816 1435 magno-

357 1475 440 1499 rum
469 1472 624 1511 quoque
658 1464 697 1494 et
727 1454 945 1493 sublimium
975 1453 1219 1503 ingeniorum
1252 1450 1447 1490 orationes
1470 1450 1626 1500 exigere
1657 1447 1816 1493 audent,

356 1526 430 1563 hac
451 1525 488 1561 in
510 1530 619 1574 parte
637 1521 819 1560 videant:
863 1517 899 1554 in
929 1529 1020 1567 qua,
1051 1516 1100 1553 ad
1122 1516 1242 1567 ipsius
1274 1527 1430 1566 quoque
1462 1512 1704 1563 antiquitatis
1734 1519 1815 1548 stu-

357 1602 505 1641 porem,
526 1587 618 1625 Afer
637 1587 710 1623 iste
730 1590 883 1634 regnat.
936 1584 1059 1620 Recte
1077 1595 1168 1631 ergo
1190 1581 1313 1618 Varro
1332 1592 1340 1617 :
1376 1579 1446 1616 ‘In
1467 1575 1706 1628 argumentis
1727 1575 1818 1612 Cae-

356 1653 466 1692 cilius
500 1650 631 1703 poscit
665 1649 849 1700 palmam,
890 1648 928 1685 in
964 1646 1115 1684 ethesin
1153 1642 1384 1682 Terentius.’
1458 1640 1662 1692 Significat
1700 1638 1817 1684 enim,

360 1716 562 1755 Caecilium
579 1713 773 1763 εὖρετικὸν,
795 1710 1003 1761 autpotius
1019 1710 1299 1758 εὐοικονόμητον
1315 1706 1436 1744 fuisse
1453 1718 1464 1742 ε
1486 1701 1815 1755 quemadmodum

360 1783 638 1831 ἀνοικονόμητος
667 1788 960 1826 ηοῐιῐιιιῐιειιωῐῐ]Δ
985 1787 1065 1824 prae
1091 1772 1248 1822 reliquis
1278 1770 1429 1807 videtur
1449 1769 1627 1814 Plautus,
1648 1766 1711 1806 cui
1739 1779 1818 1804 ser-

359 1846 484 1883 monis
504 1844 607 1882 idem
628 1841 844 1892 assignavit
862 1838 1031 1876 laudem.
1091 1835 1222 1881 Quod,
1244 1836 1273 1872 si
1307 1835 1515 1885 quicquam
1537 1831 1724 1884 sapimus,
1743 1831 1817 1868 Te-

359 1909 524 1948 rentium
547 1915 607 1946 est
627 1906 768 1944 Plauto
788 1903 983 1955 praeferre.
1044 1902 1096 1938 Ut
1117 1913 1204 1938 cum
1225 1912 1327 1943 eum,
1344 1898 1410 1948 qui
1430 1895 1588 1936 excellit
1604 1896 1644 1933 in
1669 1894 1819 1945 majori,

359 1973 485 2024 magis
504 1984 622 2023 quam
642 1970 707 2022 qui
735 1970 773 2007 in
808 1967 959 2010 minori,
998 1965 1159 2002 dicimus
1191 1962 1392 2000 excellere.
1449 1961 1588 2011 Neque
1608 1971 1728 1997 causa
1747 1958 1821 1996 fuit

361 2038 448 2084 alia,
465 2049 599 2088 quare,
609 2034 715 2086 quod
733 2036 942 2072 observant
954 2032 1128 2075 Veteres,
1145 2027 1246 2065 idem
1258 2027 1395 2072 Varro,
1409 2025 1524 2062 etiam
1538 2021 1819 2068 Menandro,in

362 2100 594 2152 quibusdam
606 2097 821 2149 praetulerit
835 2095 1071 2140 Terentium,
1089 2092 1255 2142 exempli
1268 2103 1401 2135 causa,
1415 2087 1682 2138 Adelphorum
1696 2086 1819 2124 initio.

364 2166 503 2215 Neque
524 2163 724 2201 immerito·
767 2160 930 2198 Mirifice
952 2158 1068 2203 enim,
1090 2169 1178 2194 cum
1200 2154 1304 2199 alibi,
1323 2161 1405 2191 tum
1426 2151 1476 2189 ibi
1503 2156 1643 2202 regnat
1661 2149 1701 2187 τὸ
1720 2148 1819 2195 ἦθος.

364 2229 473 2267 Idem
494 2227 631 2272 Varro,
652 2238 740 2264 cum
755 2222 989 2273 Tragoediae,
1013 2219 1239 2264 Comoediae‚
1261 2230 1305 2255 ac
1327 2216 1465 2254 Satirae
1481 2215 1644 2264 effingat
1661 2213 1820 2258 formas,

365 2292 459 2343 quid
480 2291 529 2329 de
551 2287 859 2340 nostrojudicet,
880 2285 1024 2322 diserte
1055 2283 1262 2336 expressit.
1320 2281 1545 2318 Ubertatem
1566 2278 1668 2316 enim
1688 2277 1823 2314 tribuit

365 2356 595 2407 Tragoediae,
616 2366 731 2404 quam
764 2351 832 2388 dat
852 2349 1048 2387 Pacuvio:
1080 2347 1336 2399 gracilitatem
1372 2344 1524 2389 Satirae,
1553 2354 1668 2392 quam
1689 2340 1822 2378 tribuit

368 2419 539 2458 Lucilio:
569 2416 876 2455 mediocritatem
896 2427 1001 2458 vcro,
1037 2410 1265 2455 Comoediae,
1300 2420 1415 2460 quam
1436 2406 1505 2444 dat
1523 2404 1715 2444 Terentio.
1770 2405 1822 2441 Ut

367 2484 399 2522 si
420 2483 506 2534 quis
538 2480 728 2519 uberrimo
749 2478 936 2516 sermonis
972 2489 1111 2526 genere
1142 2473 1341 2511 heroicum
1375 2468 1535 2508 definiat
1564 2468 1752 2511 Po'etam;
1783 2475 1822 2506 et

367 2547 442 2584 hoc
462 2546 604 2584 tribuat
623 2542 802 2592 Virgilio.
858 2540 982 2577 Aulus
1008 2538 1158 2576 Gellius
1189 2537 1257 2575 lib.
1274 2548 1356 2573 vn.
1388 2545 1474 2584 cap.
1497 2533 1556 2570 13.
1603 2536 1612 2552 ‘
1630 2531 1732 2569 Vera
1753 2544 1822 2569 au-

368 2618 446 2647 tem
466 2616 505 2647 et
523 2607 677 2659 propria
694 2604 915 2656 hujusmodi
946 2604 1152 2640 formarum
1173 2599 1363 2650 exempla,
1380 2597 1418 2634 in
1437 2597 1571 2647 lingua
1592 2595 1741 2641 Latina,
1763 2594 1820 2631 M.

369 2673 492 2711 Varro
509 2684 595 2711 esse
616 2670 722 2715 dicit,
744 2669 930 2706 ubertatis
953 2668 1181 2711 Pacuvium,
1202 2661 1430 2715 gracilitatis
1453 2659 1654 2705 Lucilium,
1674 2648 1821 2696 medio-

367 2736 514 2775 critatis
545 2732 793 2774 Terentium!
850 2732 947 2775 Qua*
980 2737 1039 2768 est
1074 2729 1121 2767 de
1158 2725 1387 2772 Comoediae,
1421 2721 1748 2775 quemadmodum
1780 2722 1820 2759 in
