1903 3306
344 496 745 556 ELOGIA
814 492 1326 552 VETERUM

509 670 593 712 DE
622 669 764 711 PUB.
795 667 1162 710 TERENTIO.†

331 972 491 1025 Varro,
512 973 809 1023 Parmenone3
842 970 1020 1012 Nonius
1041 971 1101 1019 in,
1121 969 1332 1010 Poscere.

105 1030 174 1088 IN
217 1048 487 1101 argumentis
520 1045 728 1087 Caecilius
760 1045 905 1098 poscit
936 1044 1155 1097 palmam;
1194 1044 1237 1084 in
1268 1042 1436 1084 ethesin
1469 1042 1560 1083 Te-

104 1115 294 1168 rentius3
325 1116 368 1156 in
389 1114 662 1156 sermonibus
686 1111 896 1152 Plautus.

147 1242 160 1271 †
183 1236 222 1268 In
236 1237 436 1278 hisjudiciis
452 1236 606 1278 quaedam
623 1244 666 1266 ne
684 1234 802 1266 absur-

103 1287 211 1318 ditate
221 1287 358 1329 quidem
374 1291 513 1319 carent:
539 1286 637 1328 quale
655 1285 801 1316 Volcatii

101 1337 247 1378 Sedigiti
277 1337 412 1378 pridem
448 1337 558 1368 doctis
592 1336 701 1367 visum
739 1340 802 1366 est.

101 1387 111 1404 ‘
128 1387 312 1429 Elegantia
342 1387 532 1427 sermonis,'
573 1390 609 1417 et
645 1386 654 1402 ‘
667 1385 802 1425 mores,'

102 1447 267 1469 consensu
291 1438 506 1470 tribuuntur:
531 1437 635 1469 etiam
663 1441 672 1454 ⁴
687 1446 740 1467 ars
767 1440 803 1467 et

101 1488 204 1519 metri
238 1487 434 1529 diligentia?
478 1487 517 1518 In
549 1487 559 1504 ‘
576 1485 801 1527 argumentis'

102 1539 184 1580 quid
202 1539 315 1571 valeat
327 1538 470 1571 subinde
484 1537 687 1570 videbimus.
714 1537 802 1569 Dix-

100 1589 186 1621 imus
203 1595 317 1622 autem
333 1594 447 1629 antea,
467 1589 559 1621 aliud
580 1588 684 1629 vulgi,
711 1588 802 1620 aliud

101 1639 311 1672 eruditorum
332 1641 376 1672 de
396 1640 514 1672 Poetis
535 1638 703 1681 judicium
718 1648 802 1671 esse.

101 1691 220 1731 Certe,
247 1691 275 1723 si
290 1691 364 1733 quis
379 1691 549 1731 attendat,
565 1690 704 1722 Horatii
728 1699 802 1721 ver-

100 1749 154 1772 sus
170 1741 278 1781 allati,
303 1741 396 1783 vulgi
417 1740 634 1780 sententiam,
657 1750 724 1771 non
751 1740 802 1781 ip-

101 1791 182 1831 sius,
210 1791 331 1823 summi
352 1801 433 1824 sane
455 1791 803 1832 Critici,exprimunt.

101 1840 192 1874 Quid
213 1842 305 1873 enim
327 1842 402 1883 ipse
417 1842 645 1874 admiraretur
659 1842 691 1872 in
709 1842 799 1882 prin-

99 1892 177 1932 cipe
193 1892 419 1930 Comicorum‚
435 1893 545 1924 noluit
561 1892 719 1933 cuiquam
741 1902 798 1923 oc-

99 1943 229 1974 cultum
244 1952 330 1975 esse.
374 1943 448 1984 Ipsi
461 1943 589 1974 eruditi
605 1947 736 1974 tantum
749 1943 799 1974 in-

101 1997 156 2024 ter
171 2003 208 2025 se
222 2003 287 2025 non
307 1994 501 2035 discrepare
526 1993 750 2034 videbuntur,
773 1995 799 2025 si

100 2044 247 2085 singulos
258 2044 461 2085 intueamur,
477 2045 557 2086 quin
573 2044 671 2076 unius
696 2049 731 2075 et
753 2045 799 2075 al-

101 2094 209 2126 terins
238 2094 410 2126 sententia
437 2099 628 2126 ceterorum
651 2094 799 2125 auctori-

101 2149 175 2176 tate
199 2144 297 2176 obrui
325 2152 440 2187 queat.
483 2145 536 2175 De
558 2144 705 2175 Horatio
730 2144 798 2175 dic-

99 2200 169 2226 tum
185 2199 251 2226 est:
271 2205 369 2236 quem
380 2205 445 2226 non
462 2195 560 2235 legit,
574 2194 797 2226 multominus

97 2245 323 2277 Terentianas
343 2245 379 2276 in
401 2255 442 2277 eo
457 2245 665 2276 imitationes
686 2245 798 2276 obser-

99 2295 204 2335 vavit,
219 2295 276 2336 qui
291 2294 333 2326 ad
350 2295 560 2336 interpretes
576 2294 641 2326 sibi
650 2294 702 2325 hic
718 2304 799 2326 eun-

99 2346 178 2377 dum
190 2345 376 2377 existimat.
392 2345 505 2377 Servii
522 2345 709 2377 auctoritas
726 2352 799 2377 tan-

97 2397 125 2428 ti
150 2405 219 2428 non
242 2400 308 2436 est,
330 2400 369 2427 ut
393 2397 468 2427 loco
492 2396 633 2427 rationis
649 2405 721 2427 esse
743 2396 799 2428 de-

97 2447 190 2479 beat.
235 2447 359 2479 Nonne
384 2447 474 2478 enim
495 2446 603 2477 multa
619 2451 707 2486 sunt,
724 2456 800 2487 quae

99 2497 298 2530 eruditionis
311 2497 436 2538 potius,
448 2507 546 2539 quam
558 2496 683 2537 judicii
694 2496 799 2528 facul-

99 2552 207 2580 tatem
226 2548 262 2579 in
288 2558 329 2580 eo
354 2548 590 2581 Grammatico
603 2549 798 2579 testantur?

99 2599 224 2630 Fabius
242 2599 474 2632 Quintilianus
491 2599 592 2640 pleno
607 2598 724 2629 laudat
739 2608 796 2629 ore

99 2650 320 2690 Terentium3
336 2650 401 2681 nisi
418 2649 509 2692 quod
527 2649 665 2680 incaute
681 2648 723 2679 de
739 2648 797 2680 tri·

98 2700 216 2731 metris
225 2700 338 2732 addit:
351 2699 518 2732 refutatus
530 2699 651 2730 merito
663 2708 682 2730 a
691 2698 798 2730 Geor-

99 2750 154 2790 gio
180 2750 347 2783 Fabricio.
392 2751 568 2790 Ceterum,
593 2749 649 2790 qui
666 2749 798 2790 paucis-

858 1233 959 1264 simos
970 1236 1139 1263 accuratae
1155 1231 1283 1263 criticae
1297 1241 1453 1263 successu
1468 1230 1560 1262 omni

857 1292 930 1314 aevo
958 1283 1159 1324 praestitisse
1197 1283 1345 1322 ignorat,
1368 1282 1461 1313 illum
1490 1282 1560 1322 ple-

857 1343 962 1374 raque
989 1333 1159 1364 interioris
1198 1331 1363 1363 doctrinae
1398 1330 1562 1372 mysteria

856 1381 989 1423 fugiant
1005 1392 1142 1414 necesse
1158 1386 1221 1414 est.
1252 1382 1332 1412 Non
1349 1380 1472 1412 sufficit
1484 1391 1560 1412 eru-

857 1433 953 1470 ditio,
968 1444 1043 1475 quae
1060 1432 1301 1464 confidentiam
1323 1441 1477 1473 persaepe
1502 1441 1560 1472 ge-

857 1491 976 1524 nerat;
1003 1492 1041 1517 ut
1057 1486 1131 1526 plus
1159 1485 1242 1516 satis
1270 1485 1394 1525 promti
1413 1484 1494 1523 sint,
1516 1484 1560 1514 ad

857 1537 1157 1578 pronuntiandum,
1173 1537 1230 1577 qui
1246 1535 1406 1566 Auctoris
1422 1536 1561 1575 genium

857 1588 1006 1619 nondum
1033 1587 1309 1628 perdidicerunt:
1335 1596 1377 1617 ne
1394 1586 1503 1616 dicam
1517 1586 1561 1616 de

858 1638 1067 1678 pervulgatis
1097 1637 1327 1679 opinionibus,
1354 1646 1430 1678 qnae
1468 1637 1560 1668 haud

858 1699 935 1721 raro
959 1689 1101 1720 eximias
1120 1698 1253 1730 quoque
1285 1692 1417 1720 mentes
1438 1688 1559 1719 dever-

860 1744 963 1771 tunt:
993 1750 1070 1771 cum
1097 1739 1302 1780 praesertim,
1332 1738 1423 1780 quod
1455 1738 1560 1779 probe

858 1790 1058 1830 notandum,
1079 1789 1122 1821 de
1149 1789 1250 1821 Nova
1275 1789 1448 1820 Comoedia
1467 1790 1561 1830 judi-

856 1841 993 1881 caturis,
1023 1845 1202 1881 respectus
1240 1840 1380 1871 Veteris
1415 1841 1560 1872 subinde

854 1891 1023 1931 obstaret,
1053 1891 1268 1932 animumque
1292 1891 1425 1922 divorse
1446 1893 1560 1923 trahe-

854 1946 920 1973 ret.
950 1941 1076 1973 Dicam
1093 1941 1216 1972 iterum
1234 1952 1242 1972 ε
1267 1940 1424 1972 Accedat
1444 1942 1494 1973 vir
1509 1944 1560 1974 in-

854 1993 952 2033 genio
970 1996 1006 2024 et
1021 1992 1178 2024 doctrina
1194 1993 1498 2033 praestantissimus
1515 1994 1559 2025 ad

854 2041 1029 2073 ferendam
1046 2043 1146 2083 paulo
1163 2042 1367 2083 explicatius
1381 2043 1424 2074 de
1437 2053 1559 2083 magno

854 2093 967 2134 aliquo
980 2097 1015 2124 et
1029 2091 1184 2133 perfecto
1197 2102 1239 2123 ex
1251 2093 1437 2124 Veteribus
1448 2094 1560 2126 Poeta

854 2142 1082 2174 sententiam:
1121 2142 1185 2173 nisi
1214 2142 1339 2174 iterum
1366 2143 1558 2185 iterumque

854 2192 1027 2233 relegerit,
1035 2192 1098 2223 nisi
1108 2192 1314 2233 cogitaverit
1325 2192 1560 2234 subtilissime,

855 2254 895 2276 ac
911 2245 1066 2286 exegerit
1091 2244 1225 2285 singula
1244 2244 1486 2284 attentissime,
1508 2245 1558 2276 fa-

854 2296 919 2327 cile
947 2296 1036 2327 linea
1067 2295 1217 2326 excidet.
1263 2295 1480 2326 Documenta
1496 2305 1556 2327 no-

854 2347 963 2378 lumus
983 2346 1057 2386 jam
1084 2345 1149 2376 nisi
1173 2355 1216 2376 ex
1243 2345 1397 2385 proximo
1425 2349 1556 2385 petere.

855 2399 953 2430 Sicut
970 2397 1127 2429 acerrimi
1150 2396 1335 2437 viringenii
1354 2397 1556 2429 Franciscus

856 2449 1004 2481 Guietus
1021 2456 1131 2488 nuper
1148 2446 1343 2485 admodum,
1367 2447 1555 2478 rectissime

854 2503 889 2530 et
902 2497 1097 2530 felicissime
1123 2497 1299 2537 amplexus
1322 2496 1457 2528 Afranii
1478 2507 1553 2529 sen—

853 2548 1011 2586 tentiam,
1025 2548 1034 2564 ‘
1049 2556 1163 2578 omnes
1179 2546 1325 2577 omnium
1339 2547 1554 2578 Comicorum

851 2598 885 2629 in
896 2608 962 2629 uno
977 2597 1139 2628 Terentio
1154 2596 1304 2627 eminere
1323 2596 1554 2637 virtutes,’ju-

851 2648 1001 2687 dicavit;
1027 2647 1075 2678 ita
1092 2647 1271 2688 superiore
1289 2647 1428 2685 saeculo,
1448 2647 1553 2678 nolle-

852 2708 925 2730 mus
950 2707 1079 2730 summo
1108 2697 1193 2737 viro,
1218 2701 1254 2728 et
1275 2697 1365 2738 quod
1382 2701 1485 2737 caput
1503 2698 1553 2727 rei

854 2754 916 2787 est,
944 2746 1160 2790 κριτικωτάτῳ,
1184 2748 1275 2780 Julio
1307 2747 1483 2786 scaligero
1511 2756 1551 2777 ea
