1903 3306
492 245 555 274 DE
589 243 772 274 METRls
804 241 1158 272 TEREN'rrANis.
1467 233 1549 273 251

102 351 173 378 suo
194 338 410 390 assignant,
429 349 555 388 pauca
575 336 691 374 etiam
709 335 904 374 Terentio.
962 335 1046 372 Nos
1066 347 1192 386 pauca
1212 335 1277 371 illa
1288 334 1370 385 jam
1390 335 1552 386 ejuravi-

100 416 212 446 1nus;
243 402 292 440 de
323 401 532 440 innumeris
565 400 657 438 olim
689 400 856 437 fortasse
889 398 1097 437 curabitur.
1170 399 1337 444 Interea,
1366 399 1459 449 quid
1492 400 1552 436 hic

101 467 230 505 Plauti
247 467 359 505 locus
380 466 451 504 sibi
473 465 657 517 postulet,
678 465 901 508 videamus3

208 558 308 602 Quae
328 555 455 607 neque
474 557 610 595 futura
630 556 820 608 necsacta
839 560 945 602 sunt,
974 561 1105 593 tamen
1125 553 1180 592 illi
1198 554 1340 592 sciunt.

104 645 180 682 Hic
199 644 287 682 duae
309 643 438 693 longae
459 642 739 694 corripiuntur;
771 640 848 679 duo
868 640 1001 679 cretici
1020 640 1192 687 veniunt,
1222 653 1299 691 quo
1320 653 1368 677 ne
1390 640 1556 692 dactylis

104 707 276 760 quidem,
307 708 338 745 si
367 720 496 745 aurern
526 707 729 753 habemus,
760 706 889 743 venire
918 705 978 742 fas
1008 711 1082 743 est.
1140 704 1275 742 Hosne
1308 717 1486 742 numeros
1514 715 1556 743 ut

102 772 349 810 laudaverint
367 771 554 809 Pisonum
574 770 735 822 proavi?
760 770 846 821 quis
866 769 1068 808 comoedus
1089 775 1210 814 actor,
1230 781 1278 806 ne
1298 768 1379 818 ipse
1400 769 1556 818 quidem

105 836 243 884 Pellio,
273 836 334 874 vel
353 835 477 887 pretio
497 835 661 874 voluerit
681 847 834 878 emere3
864 835 926 872 vel
956 834 1147 871 blaterare
1177 832 1262 869 haec
1284 832 1332 868 ad
1354 832 1486 869 tibiam
1518 833 1556 868 in

105 913 224 939 scena
243 912 361 938 ausus
381 898 525 938 fuerit?
554 912 632 936 non
666 912 757 937 suas
785 899 915 950 potius
936 897 1008 935 sibi
1028 910 1087 936 res
1107 897 1261 948 poetam
1281 896 1398 934 talem
1418 896 1558 933 habere

98 963 289 1017 jusserit?
318 964 359 1001 Si
378 962 580 1002 licentiarii
603 963 724 1001 nostri
746 962 795 1000 de
816 962 1088 1000 emendatione
1110 961 1391 1011 desperarunt;
1422 960 1557 997 huma-

106 1030 191 1066 nius
213 1035 342 1066 tamen
362 1035 457 1074 erat,
488 1027 537 1065 de
568 1028 710 1066 mendo
742 1028 872 1079 potius
903 1026 1089 1072 confiteri,
1118 1038 1235 1076 quam
1258 1025 1413 1075 poetam
1432 1024 1561 1075 ipsum

105 1092 358 1144 proscribere.
414 1091 516 1129 Vide
535 1098 680 1138 tamen,
708 1104 825 1142 quam
844 1090 967 1128 facilis
989 1103 1035 1128 ea
1055 1103 1102 1128 ne
1122 1089 1384 1140 quaerentibus
1405 1087 1561 1139 quidem

106 1169 149 1194 se
169 1156 319 1195 offerat.
368 1155 479 1193 Tolle
499 1155 597 1193 illud
607 1156 751 1206 facicm
771 1162 810 1193 et
830 1154 1057 1201 trimetrum,
1077 1153 1212 1205 quales
1232 1152 1295 1190 hic
1315 1152 1433 1190 ceteri
1454 1158 1559 1197 sunt,

107 1220 425 1259 rotundissimum
445 1219 567 1257 habes
584 1232 593 1257 z

215 1305 314 1348 Quae
334 1304 462 1355 neque
482 1304 625 1351 futura,
645 1303 772 1354 neque
795 1311 900 1349 sunt,
927 1310 1056 1341 tamen
1078 1302 1133 1340 illi
1155 1303 1296 1341 sciunt.

107 1386 211 1431 Quin
230 1393 270 1424 et
287 1385 362 1423 hoc
383 1398 522 1423 sensus
544 1384 642 1435 ipse,
671 1398 750 1422 non
770 1393 935 1422 metrum
957 1383 1094 1429 solum,
1121 1383 1335 1434 efflagitat:
1366 1396 1454 1420 nam
1474 1396 1561 1434 quae

106 1451 250 1495 futura,
279 1459 319 1487 et
347 1462 436 1500 quae
467 1454 572 1494 sunt,
600 1448 639 1485 in
670 1447 808 1486 eodem
828 1461 971 1500 genere
992 1454 1084 1485 sunt
1103 1447 1306 1498 opposita:
1337 1459 1413 1484 non
1435 1446 1562 1485 futura

109 1521 149 1553 et
163 1514 282 1552 facta.
339 1513 380 1550 Si
396 1512 494 1551 illud
511 1518 522 1534 ‘
536 1513 641 1550 facta
661 1511 765 1550 sunt'
784 1525 806 1550 a
826 1513 942 1564 poeta
961 1518 1078 1557 esset,
1107 1511 1269 1549 dixisset
1298 1511 1445 1561 utique,
1474 1525 1562 1561 quae

107 1590 234 1628 neque
253 1577 348 1614 fient
367 1589 493 1626 neque
512 1576 617 1614 facta
637 1582 756 1619 sunt;
786 1582 904 1626 atque
937 1575 1096 1625 insuper
1130 1574 1178 1613 de
1208 1575 1361 1612 duobus
1388 1576 1561 1626 peccatis

107 1654 228 1680 unum
250 1640 423 1679 lucratus
444 1647 563 1678 esset.

587 1759 690 1797 ARS
729 1757 1093 1796 TERENTIANA.

164 1852 306 1889 Restat
316 1851 413 1902 jam,
433 1856 477 1888 ut
497 1849 546 1888 de
566 1856 648 1888 arte
667 1850 915 1896 Terentiana,
931 1862 1020 1900 quae
1036 1855 1238 1899 tantopere
1258 1848 1350 1886 olim
1369 1847 1562 1885 celebrata

110 1920 182 1961 est,
201 1927 329 1966 pauca
348 1914 580 1953 delibemus.
636 1914 837 1960 Horatius,
857 1914 982 1965 Epist.
1006 1927 1058 1951 11.
1083 1915 1116 1951 1.

269 2001 489 2051 Ambigitur
509 1999 689 2051 quotiens
709 2006 795 2037 uter
813 2005 900 2036 utro
921 1999 971 2036 sit
989 1999 1111 2049 prior3
1143 1997 1266 2035 aufert

270 2064 466 2103 Pacuvius
487 2064 592 2102 docti
611 2064 754 2101 famam
776 2062 894 2108 senis,
916 2062 1060 2100 Accius
1083 2062 1151 2099 alti
1169 2075 1177 2098 ε

272 2128 426 2166 Dicitur
445 2128 582 2165 Afrani
601 2135 696 2178 toga
715 2127 944 2166 convenisse
966 2125 1186 2163 Menandro
1204 2138 1212 2161 :

271 2191 436 2229 Plautus
457 2191 504 2228 ad
527 2191 746 2241 exemplum
767 2190 886 2228 Siculi
903 2202 1109 2241 properare
1130 2187 1373 2239 Epicharmi:

266 2254 431 2293 Vincere
452 2255 636 2292 Caecilius
658 2254 859 2305 gravitate,
879 2254 1134 2292 TERENTIUS
1152 2264 1280 2289 ARTE.

115 2337 191 2376 Ubi
209 2338 369 2377 dubium
390 2346 463 2386 est,
485 2347 657 2378 artemne
677 2337 876 2378 metricam
896 2340 1001 2386 velit,
1024 2353 1072 2377 an
1093 2339 1296 2377 comicam.
1355 2336 1564 2386 Utramque

114 2403 274 2453 opinor;
305 2416 395 2441 nam
415 2403 454 2441 in
475 2411 638 2455 utraque
659 2404 775 2442 laude
797 2405 955 2450 Noster,
978 2412 1056 2442 tam
1079 2415 1257 2440 versuum
1278 2399 1566 2445 concinnitatis,

111 2478 230 2516 quam
248 2466 390 2505 lucidae
409 2481 534 2506 rerum
555 2467 834 2519 dispositionis,
863 2469 1007 2519 primas
1027 2467 1196 2504 tenebat.

167 2530 271 2568 Illud
291 2542 383 2569 sane
404 2531 442 2568 in
463 2531 599 2582 lingua
630 2532 768 2569 Latina
798 2531 981 2577 notabile,
1010 2543 1059 2568 ne
1090 2542 1208 2568 unum
1230 2527 1388 2579 quidem
1409 2527 1566 2563 verbum

114 2602 254 2644 praeter
272 2595 540 2647 monosyllaba
561 2603 696 2633 tonum
715 2596 754 2632 in
775 2596 911 2632 ultima
930 2594 1128 2632 habuisse.
1187 2591 1329 2637 Deum,
1350 2591 1479 2642 igitur,
1510 2589 1567 2627 vi-

115 2670 213 2703 rum,
232 2657 373 2704 meum,
393 2659 518 2705 tuum,
550 2660 674 2710 priore
695 2660 784 2697 licet
803 2658 907 2697 brevi
928 2658 1244 2710 pronuntiabant,
1273 2667 1473 2706 nunquam
1494 2654 1566 2690 nisi

1532 2718 1549 2734 Γ

115 2721 153 2758 in
174 2733 298 2768 versu,
329 2721 469 2768 Defim,
500 2723 636 2767 virum,
669 2723 810 2768 meum,
843 2723 966 2760 tuum.
1024 2720 1303 2764 Quintilianus,
1326 2718 1451 2756 Instit.
1476 2729 1503 2753 1.
1527 2730 1564 2752 ο,

117 2787 128 2804 ⁶
146 2783 216 2822 Est
232 2791 358 2823 autem
379 2786 417 2823 in
435 2786 538 2824 omni
558 2799 653 2825 voce
673 2786 803 2836 utique
819 2792 934 2824 acuta
951 2784 1115 2836 syllaba,
1133 2798 1204 2822 nec
1223 2783 1357 2821 ultima
1374 2791 1564 2830 unquam:
