1945 3296
313 228 370 269 60
763 239 944 269 vm'ron
979 239 1041 268 DE
1075 237 1334 268 COMOEDIA.

306 334 496 384 juvenum
516 331 656 369 choros
676 331 864 368 institutis
884 329 1052 381 populus
1084 329 1191 368 abuti
1224 329 1530 379 prohibebatur:
1558 332 1665 383 quod
1688 345 1775 384 par-

312 396 504 435 ticulatim
536 407 559 433 a
593 395 775 433 Platonio
808 395 973 446 legimus
1002 393 1258 444 disputatum.
1317 394 1360 431 Id
1381 395 1510 446 itaque
1531 396 1774 435 animadver-

314 466 441 499 tentes
471 460 611 511 poiitae,
641 458 970 510 quemadmodum
1005 457 1084 495 lata
1117 457 1203 508 lege
1235 457 1283 495 de
1314 471 1392 496 non
1424 459 1621 509 carpendo
1652 460 1776 497 nomi-

314 525 449 570 natim,
486 523 645 562 materia
667 524 902 568 mutabatur,
936 523 990 559 ita
1011 522 1125 559 etiam
1155 522 1360 560 cantilenis
1393 524 1587 561 abstinere
1618 524 1774 575 penitus

314 588 598 626 decreverunt:
643 586 829 637 quodque
863 585 1075 636 sapientes,
1113 597 1203 623 cum
1240 587 1402 636 tempori
1442 586 1662 625 cedendum
1701 596 1776 634 est,

313 652 465 690 efficere
486 651 627 695 solent,
647 663 734 700 quae
755 656 838 687 erat
859 649 1091 695 necessitas,
1112 649 1150 686 in
1175 649 1355 686 virtutem
1386 650 1582 700 egregiam
1602 659 1776 688 transtu-

314 716 405 753 lere.
463 715 564 752 Nam
585 722 695 752 actus
716 713 878 751 Fabulae
895 714 950 751 sic
971 713 1143 764 agebant
1159 713 1382 763 colligatos,
1401 721 1444 751 ut
1464 726 1530 763 per
1557 714 1775 760 intervalla,

313 793 402 831 quae
422 779 580 830 quidem
600 786 711 817 erant
742 778 915 824 minima,
951 778 1090 816 saltem
1111 791 1212 815 unus
1233 777 1366 815 histrio
1387 767 1679 828 relinqueretur,
1709 784 1777 815 aut

312 843 553 894 frequentius
587 842 808 894 complures
847 842 1008 881 alternis
1056 842 1156 880 inter
1195 855 1236 879 se
1273 840 1477 879 versiculis
1525 841 1774 879 disserentes.

315 908 496 957 Deinque
513 907 608 944 nihil
628 907 773 945 vetusti
794 906 900 945 chori
915 906 1113 959 proprium
1133 906 1423 943 observabant:
1444 904 1774 956 quemadmodum

313 972 353 1008 in
370 970 643 1022 Aristophanis
665 970 782 1009 Pluto
800 971 952 1009 Fabula
971 977 1053 1009 tute
1069 969 1301 1022 jampridem
1322 968 1468 1007 vidisti.
1521 968 1566 1007 Id
1586 967 1773 1007 Horatius

312 1034 367 1072 ita
385 1034 528 1073 cecinit
546 1047 554 1072 :

689 1133 767 1172 Lex
790 1139 853 1172 est
872 1138 1058 1183 accepta:
1088 1131 1308 1181 chorusque

527 1197 707 1249 Turpiter
728 1195 903 1243 obticuit,
925 1195 1079 1234 sublato
1093 1194 1180 1246 jure
1201 1192 1382 1233 nocendi.

315 1293 438 1331 Miror
473 1299 617 1340 autem,
650 1293 763 1344 quasi
793 1298 1009 1331 monstrum
1040 1290 1306 1342 conspicatus,
1334 1289 1456 1335 illum,
1487 1288 1600 1338 eujus
1631 1286 1776 1338 scripta

315 1359 388 1395 sub
408 1358 573 1396 Acronis
605 1358 761 1395 nomine
788 1357 1123 1403 circumferuntur,
1153 1354 1224 1393 vel.
1237 1355 1269 1393 si
1289 1360 1350 1392 est
1371 1353 1455 1405 ipse
1476 1354 1596 1397 Acro,
1628 1351 1774 1389 dixisse

314 1422 353 1459 id
388 1422 475 1472 lege
509 1428 667 1460 cautum
689 1421 761 1459 sub
782 1421 977 1472 Augusto.
1035 1420 1196 1458 Poterat
1229 1417 1500 1457 mediusfidius
1527 1415 1776 1467 perspexisse

312 1485 449 1535 (modo
469 1485 652 1523 Plautum
688 1492 758 1523 aut
776 1485 1000 1522 Terentium
1018 1482 1174 1534 legerit)
1213 1495 1262 1520 an
1297 1488 1388 1519 ante
1421 1481 1643 1531 Augustum
1676 1485 1775 1517 actae

315 1550 477 1588 Fabulae
497 1562 721 1601 quenquam
742 1548 1058 1586 momordissent.
1101 1548 1135 1585 O
1158 1559 1277 1598 quam
1299 1545 1455 1597 egregie
1477 1550 1632 1582 vetusta
1650 1542 1776 1589 novis,

315 1616 529 1666 Latinaque
545 1614 697 1653 Graecis
719 1627 795 1652 non
817 1613 880 1652 hic
901 1612 1032 1659 modo,
1054 1625 1185 1650 verum
1207 1618 1247 1650 et
1267 1611 1332 1649 alii
1351 1611 1506 1647 fortuna
1526 1606 1669 1646 similes
1681 1619 1775 1645 con-

313 1680 511 1718 fuderunt.
568 1679 722 1730 Quippe
755 1677 829 1716 hoc
861 1677 1025 1716 Athenis
1061 1675 1259 1714 decretum
1294 1672 1447 1726 patricii
1480 1670 1774 1723 promulgavere

314 1744 377 1781 vix
408 1756 511 1782 anno
543 1743 660 1781 Urbis
682 1742 819 1780 Romae
853 1739 1156 1792 quadragesimo
1179 1738 1344 1791 septimo
1375 1748 1493 1788 supra
1523 1742 1582 1773 ter
1604 1740 1774 1780 centum,

313 1808 497 1846 videlicet
510 1821 600 1846 cum
620 1806 762 1845 tribuni
782 1805 969 1844 militares
991 1804 1150 1856 imperio
1169 1802 1364 1842 consulari
1385 1806 1620 1840 crearentur.
1640 1845 1643 1848 Α

369 1871 611 1910 Comoediam
632 1872 764 1921 itaque
783 1877 937 1921 tempus
958 1875 998 1907 et
1015 1867 1191 1914 materia,
1213 1868 1313 1905 sicut
1333 1865 1517 1912 diximus,
1550 1863 1586 1901 in
1615 1862 1689 1901 tria
1708 1875 1775 1913 ge-

315 1948 410 1974 nera
429 1935 620 1981 dividunt,
640 1935 844 1985 antiquum
871 1932 1034 1978 scilicet,
1061 1939 1101 1970 et
1133 1943 1292 1977 novum,
1329 1936 1369 1968 et
1401 1927 1583 1967 medium.
1640 1926 1774 1978 Stylus

314 2000 594 2047 vero‚numeri,
605 2006 644 2037 et
657 2003 866 2049 apparatus
880 1995 1026 2048 duplici
1041 2001 1194 2033 tantum
1211 1994 1382 2032 sectione
1398 1990 1636 2043 partiuntur:
1653 1989 1777 2028 diver-

317 2076 362 2102 sa
387 2070 516 2102 tamen
548 2064 720 2101 ratione:
751 2061 936 2113 quoniam
957 2060 1081 2111 stylus
1101 2065 1140 2098 et
1158 2058 1308 2096 numeri
1328 2055 1542 2095 vetustiora
1561 2054 1639 2092 duo
1660 2052 1775 2092 simul

315 2134 571 2178 componunt,
592 2140 679 2177 quae
700 2125 750 2164 ad
774 2124 1038 2162 Alexandrum
1057 2135 1183 2174 usque
1202 2133 1412 2174 pervenere
1433 2132 1442 2158 ε
1473 2119 1543 2157 sed
1564 2123 1774 2169 apparatus

316 2191 485 2230 medium
507 2190 602 2228 illud
623 2190 799 2229 annectit
817 2188 1036 2227 recentiori.
1091 2188 1192 2225 Nam
1213 2186 1251 2224 in
1267 2192 1433 2235 utroque
1451 2184 1500 2233 (si
1515 2181 1775 2234 grammaticis

316 2254 555 2293 credendum
575 2254 651 2301 est)
667 2252 775 2290 nulla
795 2252 901 2290 chori
920 2251 1215 2289 modulamenta
1233 2248 1489 2300 reperiuntur.

372 2318 462 2356 Non
483 2324 611 2356 autem
632 2329 720 2354 esse
737 2316 901 2354 arbitror
919 2315 1088 2352 alienum
1117 2314 1156 2352 in
1176 2312 1384 2365 praesentia
1404 2309 1586 2362 quaedam
1605 2308 1776 2360 partica«

317 2382 445 2420 lariter
465 2380 725 2428 considerare,
746 2393 835 2431 quae
854 2379 1029 2431 profecto
1048 2378 1170 2417 multa
1189 2390 1267 2415 non
1287 2382 1424 2414 erunt:
1455 2373 1638 2425 quoniam
1658 2371 1772 2410 facile

317 2445 471 2483 videtur
503 2457 550 2482 ex
579 2444 771 2482 hactenus
807 2443 923 2481 dictis
950 2443 1029 2481 fere
1049 2455 1187 2482 omnes
1208 2449 1289 2479 tum
1310 2440 1485 2485 Graecas,
1511 2443 1594 2475 tum
1615 2436 1773 2474 Latinas

317 2509 441 2547 metiri
461 2505 696 2554 Comoedias,
729 2508 763 2545 si
796 2514 1014 2558 temporum
1048 2505 1262 2558 praesertim
1290 2504 1411 2542 ullam
1442 2501 1586 2539 habere
1607 2499 1773 2538 volueris

318 2571 532 2610 rationem:
562 2570 721 2621 quando
749 2571 900 2609 seilicet
932 2570 970 2607 in
1005 2582 1124 2608 scena
1153 2567 1326 2606 floruerit
1352 2564 1621 2616 unusquisque
1643 2563 1772 2601 Fabu-

317 2635 441 2673 larum
462 2635 591 2685 poeta.
649 2633 818 2671 Primam
837 2633 952 2684 igitur
972 2633 1111 2671 Romae
1131 2632 1320 2670 Fabulam
1347 2629 1439 2668 dare
1468 2628 1609 2666 Lucius
1643 2627 1771 2665 Livius

318 2697 472 2748 occepit
501 2696 652 2735 decimo
686 2709 802 2747 supra
832 2696 1186 2747 quingentesimum
1209 2694 1323 2732 Urbis
1355 2704 1482 2731 anno:
1511 2691 1577 2743 qui
1600 2690 1771 2742 quidem,

319 2760 450 2800 Gellio
470 2767 584 2808 teste,
619 2760 964 2812 quinquagesimus
992 2759 1190 2800 secundus
1214 2760 1262 2797 ab
1281 2758 1388 2796 obitu
1409 2754 1617 2795 Menandri
1638 2766 1771 2792 nume-
