1903 3306
522 235 750 269 EUNUCHI
784 235 893 266 Aor.
917 234 993 265 111.
1025 234 1092 265 sc.
1119 235 1159 264 v.
1481 223 1566 266 467

113 333 299 390 Egomet
336 347 515 389 quoque
552 333 599 376 id
629 336 834 388 spectare
875 332 1014 386 coepi,
1055 336 1116 382 et,
1150 331 1255 386 quia
1296 330 1571 373 consimilem

288 403 454 444 luserat

110 469 214 512 Jam
254 470 357 511 olim
396 470 473 510 ille
514 469 682 518 ludum,
722 467 944 522 impendio
974 467 1116 520 magis
1150 467 1322 507 animus
1353 465 1574 519 gaudebat

287 537 420 589 mihi;

115 605 262 648 Deum
287 618 386 646 sese
418 605 464 645 in
484 604 705 645 hominem
728 603 1021 654 convertisse,
1049 606 1180 656 atque
1199 603 1243 642 in
1264 601 1428 642 alienas
1450 606 1574 654 tegu-

284 674 355 714 las
1519 670 1576 710 40

111 738 300 782 Venisse
321 740 572 781 clanculum
593 752 669 792 per
689 738 967 791 impluvium,
983 738 1134 778 fucum
1156 736 1325 777 factum
1346 736 1532 776 mulieri.

113 807 178 849 At
197 820 328 861 quem
350 808 528 849 Deum?
558 806 634 860 qui
654 806 821 859 templa
842 805 945 847 coeli
981 817 1151 846 summa
1184 803 1333 844 sonitu
1363 803 1577 845 concutit.

111 933 236 956 auream
247 925 386 966 pluvium
398 924 433 956 in
446 924 550 956 sinum
566 923 706 955 Danae's.
742 924 875 964 Egomet
893 934 1009 965 quoque
1024 924 1058 954 id
1073 923 1292 963 contemplatus
1308 931 1386 953 sum.
1432 921 1490 960 Et,
1506 920 1580 961 quia

111 968 266 999 consimili
287 969 357 999 ludo
383 978 414 999 se
436 968 652 1007 oblectaverat,
674 967 769 997 multo
795 967 898 1006 magis
914 969 1016 998 animo
1037 967 1222 1005 gaudebam,
1246 966 1351 996 videns
1370 965 1475 995 Deum
1497 964 1579 995 sein

112 1010 264 1042 hominem
278 1011 523 1050 transformasse,
548 1013 640 1050 atque
656 1010 688 1040 in
707 1013 787 1040 tecta
813 1011 914 1041 aliena
928 1010 1047 1049 furtim
1059 1019 1115 1050 per
1130 1008 1312 1049 impluvium
1328 1007 1529 1045 descendisse,
1543 1009 1580 1037 ut

112 1054 271 1087 mulierem
275 1055 414 1094 falleret.
459 1054 507 1085 At
521 1063 610 1094 quem
633 1053 761 1084 Deum?
786 1054 869 1085 Eum
891 1063 1010 1095 nempe,
1035 1053 1088 1093 qui
1110 1053 1219 1083 coelum
1234 1051 1354 1082 tonitru
1368 1053 1532 1082 commovet
1548 1053 1580 1080 et

716 1147 795 1159 «xe-N
798 1148 958 1160 ‘venem

115 1214 191 1236 cum
207 1204 252 1237 G.
266 1205 303 1236 F.
317 1205 458 1236 nina-isse
473 1203 576 1241 tueri,
598 1203 658 1235 vel
676 1214 752 1235 eum
771 1203 944 1235 Palmerio
960 1202 1071 1235 m’sz‘sse
1087 1207 1145 1234 aut
1170 1201 1311 1233 ninsisse.
1338 1201 1443 1232 West.
1487 1201 1578 1232 Dan-

113 1258 184 1279 nem
199 1248 307 1279 iniisse
323 1247 403 1279 Hel.
422 1249 443 1280 i.
457 1257 488 1278 e.
504 1249 538 1278 ni
553 1247 667 1288 fallor,
689 1247 808 1277 Danaae
822 1246 969 1285 immisse,
987 1250 1134 1277 vetuste.
1181 1245 1309 1276 Dana'e's
1326 1244 1402 1274 dedi
1420 1253 1461 1274 ex
1478 1243 1520 1282 B,
1538 1244 1579 1283 C,

116 1300 193 1322 cum
219 1291 319 1331 vulgo
348 1291 494 1332 pessime
522 1291 656 1330 legatur
682 1289 807 1327 Danae,
833 1289 885 1319 vel
913 1289 1099 1320 secundum
1116 1289 1311 1319 Bentleium
1328 1288 1462 1326 Danaa»,
1487 1287 1580 1327 quod

116 1332 200 1365 ferri
218 1339 345 1374 potest.
386 1334 413 1364 C
430 1333 533 1364 etiam
550 1343 580 1363 se
598 1333 730 1373 praebet
748 1336 825 1373 post
840 1332 972 1363 misisse.
1017 1331 1173 1362 Rothius.
1214 1331 1254 1365 Q.
1275 1341 1306 1370 p.
1325 1331 1447 1361 Danuae
1470 1329 1579 1370 [nam‚

117 1375 209 1418 quod
227 1377 324 1408 estin
343 1376 380 1407 Z.
404 1377 520 1414 Danae,
538 1375 674 1406 videtui·
691 1385 763 1406 esse
781 1385 877 1405 error
893 1375 1045 1415 typotl1.]
1067 1373 1205 1413 misisse]
1235 1374 1288 1405 Ita
1319 1383 1433 1403 omnes
1457 1373 1578 1411 scripti

117 1429 157 1450 ac
174 1419 304 1460 vulgati
319 1419 403 1450 libb.
420 1429 483 1450 nec
504 1419 603 1449 aliter
620 1419 661 1449 ab
679 1417 872 1458 Augustino
890 1417 1070 1448 adducitur
1083 1418 1136 1447 bic
1163 1418 1265 1456 locum,
1290 1425 1356 1447 vu.
1372 1418 1403 1446 2.
1431 1416 1485 1446 De
1503 1416 1578 1447 Civ.

117 1462 196 1494 Dei.
213 1462 306 1494 Lind.
352 1463 455 1493 Danae
472 1462 529 1492 ΒΓ.
547 1461 587 1492 Z.
625 1463 697 1492 Dat
709 1461 813 1491 Both.
828 1461 896 1496 Quo
912 1460 1043 1491 Danaes
1056 1464 1146 1500 pacto
1162 1460 1195 1490 in
1204 1470 1304 1498 grem.
1318 1459 1428 1499 quond.
1446 1458 1580 1490 immisse

116 1504 190 1536 imb.
212 1505 301 1536 aiunt
326 1507 481 1535 auru—39
502 1504 628 1535 Theod.
646 1504 825 1535 Marcilius
844 1503 885 1533 ad
910 1503 1035 1534 Catuli.
1054 1504 1173 1543 Epigr.
1192 1511 1266 1533 Lix.
1285 1503 1317 1532 in
1338 1503 1465 1532 Nostro
1482 1501 1581 1541 legit,

116 1547 273 1588 impendio
287 1548 390 1586 magis
404 1547 572 1587 magisque.
594 1548 802 1578 West.—40.
819 1549 858 1577 41
877 1546 943 1577 Ms.
964 1546 1056 1586 Lips.
1073 1549 1102 1577 et
1115 1556 1174 1586 per
1188 1545 1305 1576 alienas
1321 1545 1452 1584 tegulas.
1492 1544 1581 1585 Guy.

117 1590 292 1631 placebat,
317 1593 348 1621 et
375 1600 432 1630 per
457 1591 570 1621 ahenas
597 1591 729 1629 tegulas.
776 1589 897 1620 Omnis
915 1599 997 1620 vero
1021 1590 1069 1619 vis
1093 1594 1146 1620 est
1166 1589 1199 1618 in
1221 1589 1266 1629 τῷ
1284 1589 1410 1618 alienas.
1456 1587 1582 1618 Durior

117 1633 258 1674 Guyeto
275 1633 411 1664 videtur
428 1633 591 1673 repetitio
605 1634 660 1663 τοῦ
674 1642 742 1672 per,
766 1632 793 1662 si
810 1632 920 1672 legas,
941 1641 996 1671 per
1012 1632 1146 1670 tegulas,
1167 1641 1224 1672 per
1241 1630 1432 1671 impluvium.
1478 1630 1581 1670 Legit

117 1675 233 1716 igitur,
256 1676 291 1706 in
313 1675 508 1716 impluvium,
531 1676 684 1717 citatque
707 1675 880 1706 Plautum.
928 1675 1001 1715 Ego
1019 1684 1098 1705 vero
1115 1675 1273 1705 Plautum
1293 1674 1416 1704 Plauto
1433 1682 1581 1713 oppono.

120 1719 218 1751 luem.
262 1719 328 1750 Per
354 1719 472 1749 alienas
499 1719 619 1758 tegulas
646 1719 689 1750 G.
713 1718 782 1749 ET.
800 1718 880 1748 EM.
905 1717 956 1748 Id.
974 1718 1006 1747 z‘n
1021 1717 1104 1748 Add.
1156 1717 1278 1748 Venisse
1293 1715 1478 1755 clanculum]
1505 1715 1581 1747 Nisi

117 1761 211 1802 legas
227 1761 318 1799 clam,
337 1766 480 1792 metrum
498 1771 565 1792 non
582 1765 731 1793 constat.
756 1761 817 1791 Er.
864 1761 914 1791 Ex
933 1761 1030 1791 Bem.
1044 1765 1080 1791 et
1097 1759 1150 1791 Vi.
1162 1760 1252 1799 lego,
1266 1762 1356 1799 atque
1368 1759 1400 1789 in
1413 1759 1502 1789 alias.
1519 1759 1580 1790 Fa.

104 1804 280 1845 Scripsit,
304 1804 436 1845 opinor,
458 1803 590 1835 Auctor
617 1805 670 1835 vel
701 1805 805 1834 Deum
830 1813 895 1834 sese
919 1803 952 1833 in
979 1812 1103 1841 aurum,
1126 1803 1180 1833 vel
1204 1803 1237 1833 in
1259 1802 1428 1840 metallum,
1454 1802 1520 1840 vel,
1544 1806 1584 1832 ut

119 1847 276 1885 Flaccus,
296 1847 330 1877 in
345 1849 492 1888 pretium.
539 1846 648 1878 Porro
666 1846 731 1877 duo
749 1846 826 1877 libri
845 1846 966 1876 Fa'erni
985 1855 1061 1876 cum
1075 1847 1226 1883 Donato,
1249 1848 1341 1885 atque
1357 1844 1389 1875 in
1405 1844 1524 1875 alienas
1539 1848 1586 1875 te·

117 1890 209 1929 gulas
221 1900 232 1921 .-
257 1890 377 1921 Nostri
394 1899 474 1920 vero
490 1892 520 1920 et
533 1899 590 1930 per·
610 1890 727 1920 alienas
741 1890 875 1928 tegulas.
921 1888 1071 1919 Omnino
1086 1889 1215 1920 melius.
1261 1889 1389 1918 Locum
1407 1892 1515 1918 totum
1534 1887 1583 1919 sic

121 1932 313 1964 constituo:
339 1933 443 1963 Deum
458 1941 524 1963 sese
537 1932 570 1963 in
583 1932 719 1972 pretium
739 1933 938 1970 convertisse,
956 1935 985 1962 et
1008 1941 1065 1972 per
1079 1932 1195 1962 alienas
1209 1932 1331 1969 tegulas
1353 1930 1479 1962 Venisse
1499 1931 1583 1961 clun-

120 1975 241 2006 culum.-
260 1985 318 2015 per
341 1975 481 2014 pluviam
497 1974 608 2013 fucum
623 1975 748 2013 sactum
773 1975 906 2006 mulieri.
932 1975 1036 2005 Bent.
1085 1975 1129 2004 Et
1154 1974 1186 2004 in
1202 1975 1320 2004 alienas
1337 1974 1377 2003 R.
1403 1973 1498 2005 Lind.
1544 1973 1585 2004 In

121 2017 289 2057 hominem]
314 2016 422 2058 Atqui
438 2018 579 2058 Jupiter
606 2027 672 2048 non
691 2018 777 2049 sein
794 2017 962 2048 hominen]
981 2018 1164 2055 convertit,
1186 2017 1244 2047 sed
1266 2017 1300 2047 in
1329 2026 1457 2046 aurum.
1481 2016 1583 2047 Bent.

121 2061 228 2101 igitur
244 2060 365 2091 audaci
380 2060 579 2101 conjectura
596 2060 701 2099 legit:
724 2061 757 2091 in
772 2061 918 2100 pretium.
963 2060 1031 2091 Sed
1059 2060 1286 2098 Oudendorp.
1313 2058 1354 2089 ad
1380 2059 1477 2090 Suet.
1494 2059 1583 2091 Caes.

122 2113 154 2135 c.
172 2106 203 2135 1.
220 2104 392 2144 vulgatam
409 2104 488 2134 lect.
507 2103 556 2134 sic
572 2102 738 2142 defendit,
761 2108 798 2133 ut
811 2103 980 2133 hominem
997 2103 1110 2142 capiat
1127 2112 1200 2143 pro,
1214 2101 1374 2134 affectum
1391 2102 1585 2132 humanum.

123 2146 202 2177 Hoc
218 2155 318 2177 sensu
342 2146 483 2187 Jupiter
503 2146 683 2177 humanum
700 2146 872 2185 ingenium
890 2145 954 2176 sibi
972 2145 1093 2176 induit.
1137 2145 1193 2176 Sic
1209 2147 1217 2161 ⁴
1233 2144 1350 2184 pater’
1375 2144 1500 2175 dicitur
1522 2154 1585 2184 pro

122 2189 234 2220 animo
251 2193 405 2230 paterno,
429 2191 437 2205 ‘
456 2189 584 2220 mater'
610 2198 670 2230 pro
689 2193 854 2220 materno.
877 2188 920 2220 R.
940 2189 985 2219 D.
1034 2189 1132 2220 Bent.
1149 2188 1318 2223 licentius,
1342 2192 1380 2218 ut
1397 2188 1496 2226 solet,
1508 2188 1583 2218 haec

122 2235 244 2263 mutat.
291 2232 355 2262 Per
370 2232 410 2263 al.
427 2235 490 2271 leg.
509 2232 617 2262 minus
634 2236 750 2272 aptum
777 2231 925 2271 videtur,
945 2231 1006 2261 nisi
1033 2241 1093 2271 pro
1123 2236 1214 2262 tecto
1243 2241 1269 2261 s.
1294 2230 1395 2261 domo
1424 2231 1584 2270 accipiaS.

123 2275 201 2316 Rip.
251 2275 291 2306 Et
307 2284 365 2315 per·
379 2275 421 2307 al.
446 2275 507 2306 Br.
523 2275 624 2306 Both.
641 2275 699 2316 qui
716 2274 776 2306 dat
790 2284 822 2305 se
843 2283 905 2315 pro
920 2277 1081 2307 sese—42
1104 2273 1230 2306 Summo
1258 2273 1330 2306 ΕΡ.
1360 2272 1461 2304 lVest.
1506 2273 1585 2305 Nou

788 2360 930 2392 NOTAE

123 2425 237 2469 posita
251 2430 318 2467 est,
330 2430 368 2458 ut
384 2429 633 2458 monstraretur
647 2425 727 2457 nihil
742 2435 830 2466 esse,
929 2426 1046 2457 Fucum
1054 2425 1177 2465 factum
1189 2423 1329 2464 mulieri]
1344 2423 1453 2454 Fucus
1465 2428 1516 2454 est
1529 2432 1586 2463 ge·

125 2476 216 2518 quod
232 2486 314 2508 auro
330 2482 365 2507 et
391 2476 537 2517 pecunia
556 2476 746 2516 expugnari
763 2486 830 2507 non
883 2485 947 2506 nus
963 2476 1078 2507 herbae
1091 2474 1262 2514 tingendis
1275 2474 1360 2504 lauis
1376 2473 1478 2504 utile:
1495 2473 1586 2503 unde

127 2529 246 2570 possit.
291 2528 453 2559 Meminit
497 2527 651 2569 ejusdem
687 2527 831 2558 Ovidius
886 2536 948 2567 pro
979 2525 1161 2557 artificioso
1189 2530 1224 2555 et
1251 2523 1446 2554 adulterino
1476 2523 1588 2554 colore

124 2580 186 2611 lib.
213 2589 264 2611 lv.
297 2579 638 2618 Metamorphoseon,
661 2582 696 2609 et
720 2577 830 2608 Hora·
885 2577 1039 2607 sumitur.
1083 2576 1211 2607 Fucum
1240 2574 1368 2613 facere,
1398 2577 1451 2604 est
1483 2572 1589 2603 artifi-

126 2630 194 2661 tius
211 2629 291 2661 Ode
309 2632 360 2660 16.
376 2628 452 2659 libri
469 2628 574 2659 tertii.
886 2628 980 2659 ciosa
996 2626 1264 2658 dissimulatione
1280 2624 1444 2656 deludere
1468 2628 1502 2654 et
1526 2621 1589 2654 fal-

169 2682 210 2712 41
241 2680 368 2712 Venisse
383 2679 553 2710 clanculum
568 2689 622 2718 per
635 2677 832 2718 impluvium]
885 2679 969 2710 lere.

128 2732 335 2773 Impluvium
362 2730 426 2762 fuit
449 2740 529 2762 area
554 2730 626 2761 sine
645 2734 748 2769 tecto,
765 2740 831 2771 quo
927 2732 969 2760 42
995 2728 1059 2764 Qui
1089 2728 1203 2768 templa
1230 2724 1316 2766 coeli]
1352 2725 1480 2756 Versus
1509 2727 1589 2756 sunt

127 2784 294 2825 impluere
310 2783 418 2814 imber
430 2782 465 2814 in
481 2782 618 2814 domum
636 2785 765 2822 posset.
886 2779 997 2812 Ennii.
