1945 3296
421 214 662 246 DANIELIS
695 213 887 245 HEINSII
923 213 1270 249 DISSERTATIO.
1519 215 1575 255 99

120 307 213 345 driae
234 321 280 346 ac
301 308 477 347 Chaereae
495 309 752 360 exposuisset,
773 315 910 348 contra
930 316 1059 349 autem
1079 311 1134 350 illi
1154 314 1424 364 persuasisset,
1441 319 1573 369 etjam

119 372 264 422 gratias
283 372 438 424 ineptus
457 373 575 411 homo
592 386 637 411 ac
656 373 844 412 ridiculus
863 374 1048 414 haberet:

439 455 546 494 Bene
565 456 713 494 fecisti:
744 458 905 507 gratiam
924 458 1050 497 habeo
1071 460 1291 498 maximam.
1529 510 1534 514 .

226 517 437 569 Nunquam
470 520 587 557 etiam
618 520 673 558 fui
705 533 884 571 usquam,
912 522 1006 574 quin
1038 536 1099 562 me
1134 537 1268 564 omnes
1294 536 1467 565 amarent
1487 528 1571 578 plu«

328 583 484 621 rimum.

115 665 327 717 respondet
346 667 395 705 ad
417 674 624 720 utrumque
644 681 858 707 conversus
878 682 886 706 :

223 752 355 791 Dixin'
374 766 448 805 ego
468 755 506 792 in
527 755 601 794 hoc
620 756 750 795 inesse
771 756 880 794 vobis
903 757 1073 796 Atticam
1094 759 1327 810 elegantiam
1345 760 1359 796 ἲ

113 836 228 875 Certe
261 844 345 876 tota
375 839 503 878 Scena
536 840 651 878 tertia
683 840 783 879 tertii
805 841 928 879 Actus
963 842 1001 880 in
1023 842 1227 896 Adelphis,
1263 847 1301 882 in
1329 858 1407 896 qua
1425 846 1569 886 luditur

112 913 135 938 a
155 901 251 952 Syro
272 902 435 951 Demea,
457 903 588 943 divina
605 910 677 943 est.
735 904 877 948 Qualia
897 906 998 943 enim
1016 905 1110 943 illa?

430 988 530 1028 Mihi
548 990 705 1041 quidem
725 1003 802 1029 non
827 991 999 1041 placent,

218 1052 269 1092 Et
286 1053 414 1092 clamo
434 1067 563 1106 saepe:
593 1054 840 1094 Salsamenta
858 1054 958 1102 haec,
980 1054 1209 1107 Stephanio,

217 1117 248 1154 F
251 1129 297 1156 ac
316 1125 560 1157 macerentur
579 1118 754 1170 pulchre.

108 1203 232 1242 Plane
251 1203 355 1241 enim
384 1210 525 1254 praeter
559 1204 870 1255 expectationem
902 1204 1045 1242 omnia.
1101 1204 1190 1243 Jam
1221 1219 1310 1244 cum
1346 1208 1466 1247 Vetus
1489 1210 1567 1248 Co-

105 1267 249 1306 moedia
267 1267 362 1306 nihil
381 1281 493 1319 aeque
513 1280 560 1306 ac
579 1267 771 1320 παρῳδίαν
791 1275 906 1313 amet,
922 1281 1010 1320 quae
1031 1267 1259 1321 plerumque
1276 1279 1314 1309 et
1331 1274 1472 1311 acerba
1492 1281 1566 1321 est,

106 1338 146 1369 et
165 1337 275 1370 extra
304 1333 472 1371 Scenam
505 1333 704 1383 quaeritur,
739 1333 1021 1372 urbanissimus
1045 1333 1218 1372 virorum
1252 1336 1456 1384 rationem,
1488 1351 1566 1389 qua

106 1408 154 1433 ex
174 1396 328 1435 actione
361 1396 459 1448 ipsa,
489 1397 708 1447 parodiam,
749 1397 921 1449 lepidam
952 1409 1046 1436 sane
1082 1404 1122 1437 et
1153 1407 1370 1449 venustam,
1404 1408 1566 1454 peteret,

103 1459 264 1499 invenit.
322 1460 437 1509 Nam,
458 1475 545 1500 cum
567 1462 718 1501 Demea
738 1462 914 1510 dixisset,

641 1538 705 1576 Fit
723 1538 875 1586 sedulo,

210 1601 316 1639 Nihil
335 1603 600 1652 praetermitto,
622 1602 871 1640 consuefacio
889 1615 898 1640 :
929 1602 1113 1655 denique,

210 1666 422 1717 Inspicere,
442 1673 630 1718 tanquam
650 1667 690 1703 in
712 1667 928 1717 speculum,
949 1668 988 1706 in
1004 1670 1104 1706 vitas
1126 1669 1296 1707 omnium

206 1729 358 1768 Jubeo:
388 1737 507 1781 atque
526 1743 573 1769 ex
594 1730 679 1769 aliis
702 1743 852 1768 sumere
873 1733 1094 1784 exemplum
1115 1733 1203 1771 sibi.

208 1794 297 1831 Hoc
320 1793 451 1832 facito.

100 1875 140 1906 et
159 1881 247 1919 quae
268 1875 508 1920 sequuntur:
537 1868 749 1920 respondet
769 1870 889 1921 Syrus
908 1884 915 1907 :

207 1942 415 1982 Conservis
432 1943 482 1981 ad
503 1943 672 1982 eundem
692 1944 822 1982 istunc
852 1946 1036 1997 praecipio
1056 1945 1239 1989 modum;

203 2007 292 2045 Hoc
312 2007 459 2046 salsum
489 2008 551 2053 'st,
572 2008 646 2046 hoc
668 2008 854 2046 adustum
877 2010 940 2057 'st,
961 2010 1035 2048 hoc
1055 2010 1202 2048 lautum
1223 2012 1272 2048 ’st
1293 2023 1440 2062 parum.

202 2070 307 2109 Illud
327 2078 431 2111 recte
449 2086 458 2110 :
489 2073 642 2119 iterum,
664 2073 719 2111 sic
741 2081 949 2112 memento.
1000 2074 1147 2112 Sedulo

203 2134 364 2182 Moneo,
384 2148 472 2186 quae
493 2149 667 2187 possum,
687 2149 757 2188 pro
777 2150 865 2174 mea
885 2138 1088 2189 sapientia.

203 2197 421 2246 Postremo,
438 2207 626 2251 tanquam
645 2201 684 2238 in
707 2201 920 2252 speculum,
941 2202 978 2239 in
1000 2204 1167 2253 patinas,
1189 2203 1352 2253 Demea,
1380 2244 1381 2247 ,

204 2261 400 2314 Inspicere
415 2264 536 2314 jubeo
554 2277 563 2301 ε
593 2270 633 2302 et
651 2276 806 2310 moneo,
825 2265 918 2316 quid
938 2266 1043 2305 facto
1063 2280 1158 2305 usus
1181 2267 1243 2305 sit.

96 2348 158 2385 Ita
186 2360 281 2386 sane
313 2355 354 2387 et
384 2349 513 2395 Plato,
543 2356 582 2387 et
615 2351 852 2402 Xenophon,
882 2364 1096 2403 omnesque
1135 2353 1325 2391 Socratici
1358 2352 1555 2403 jocantur.

96 2411 308 2464 Nunquam
327 2413 481 2465 frigide,
513 2428 713 2465 nunquam
732 2415 930 2461 obscoene,
961 2429 1161 2468 nunquam
1182 2417 1325 2467 inepte,
1352 2429 1555 2467 nunquam

93 2476 245 2527 putide.
302 2477 515 2516 Videamus
544 2480 626 2530 jam
662 2478 844 2518 Plautina
872 2480 1066 2531 quaedam.
1125 2482 1181 2518 Ac
1215 2481 1448 2518 Plutarchus
1469 2481 1556 2531 qui-

95 2539 183 2578 dem
204 2540 302 2579 illud
332 2550 518 2594 tanquam
549 2543 733 2593 frigidum
753 2556 801 2581 ex
836 2544 1109 2596 Aristophanis
1143 2545 1554 2598 Thesmophoriazusis

94 2605 143 2643 de
166 2603 362 2655 Euripidis
382 2612 505 2644 matre
525 2606 709 2644 adducit:

186 2682 335 2731 ”Α·γρια
356 2684 430 2731 γὰρ
448 2684 557 2732 ἡμᾶς,
578 2680 605 2719 ὧ
624 2687 809 2730 γυναῖκες,
830 2681 898 2732 δρᾷ
919 2686 1022 2729 κακὰ,

190 2746 278 2784 '‘Ar'
297 2748 338 2784 ἐν
357 2748 524 2797 ἀγρίοισι
542 2747 724 2798 λαχάνοις
744 2747 849 2785 αὐτὸς
869 2751 1026 2798 τραφείς.
