1903 3306
536 231 741 262 ANDRIAE
776 231 882 261 Ac'r.
918 231 947 259 1.
983 230 1048 259 sc.
1085 230 1134 259 11.
1483 223 1567 263 239

110 329 349 382 Sperantes
365 326 474 380 jam,
491 330 640 367 amoto
654 331 800 377 metu3
822 326 987 367 interea
1003 325 1246 365 oscitantes
1263 327 1450 379 opprimi
1468 340 1478 377 ;
1512 328 1566 368 10

109 396 183 437 Ne
204 399 323 436 esset
345 394 540 446 spatium
564 393 789 445 cogitandi
812 393 867 433 ad
888 391 1202 433 disturbandas
1224 394 1420 446 nuptiaS.

108 461 293 503 Astute!
364 460 433 501 S1.
466 458 703 510 Carn'ufex,
739 473 840 514 quae
868 460 1086 514 loquitur!
1158 460 1252 501 DA.
1298 460 1449 501 Herus
1484 466 1564 512 est,

277 541 417 581 neque
438 528 728 581 provideram.

110 597 176 637 Si.
208 596 349 636 Dave.
420 595 510 635 DA.
545 595 678 645 Hem,
721 595 826 649 quid
859 596 954 636 est?
1027 595 1095 636 Si.
1141 594 1344 635 Ehodum
1385 596 1440 636 ad
1481 610 1563 638 me.

280 660 527 714 DA.1Quid
564 662 637 703 hic
658 664 781 704 volt?
843 663 907 703 Si.
941 662 1061 713 Quid
1084 664 1182 704 ais?
1244 663 1339 704 DA.
1373 663 1476 713 Qua
1507 666 1561 706 de

278 729 358 770 re'?
420 730 487 770 Si.
523 729 709 783 Rogas?

109 797 274 882 Meurig
285 800 462 850 gnatum
485 811 633 839 rumor
668 802 736 839 est
772 811 935 839 amare.
997 798 1089 838 DA.
1123 797 1176 838 Id
1207 797 1403 852 populus
1426 803 1563 847 curat,

278 865 475 906 scilicet!

104 1002 275 1042 insolitam,
297 1006 328 1033 et
354 1006 453 1034 amoto
469 1007 551 1034 metu
576 1003 767 1044 nuptiarum,
789 1002 861 1032 bene
884 1005 1055 1042 sperantes,
1082 1006 1111 1033 et
1126 1003 1300 1033 desidentes
1322 1002 1486 1039 incuriose,
1510 1012 1565 1033 nos

102 1046 287 1085 prcevenire,
303 1055 341 1076 ne
352 1045 439 1076 uobis
452 1046 547 1077 ullum
561 1047 708 1086 temporis
722 1046 855 1085 spatium
871 1048 950 1075 esset
965 1045 1124 1084 cogitandi
1137 1045 1269 1085 aliquid,
1284 1046 1324 1076 ad
1347 1045 1566 1076 disturbandas

105 1088 241 1126 nuptias.
283 1087 423 1119 Astute!
467 1088 519 1120 S1.
548 1088 701 1126 Carnifex
713 1098 779 1128 quoe
804 1085 965 1127 loquitur?
1010 1088 1077 1119 DA.
1103 1088 1210 1118 Herus
1230 1091 1287 1127 est,
1314 1097 1407 1128 neque
1421 1087 1563 1118 animad-

105 1133 267 1161 verteram.
323 1132 371 1161 Sl.
393 1131 493 1162 Dave.
540 1132 612 1162 DA.
636 1131 732 1168 Hem,
756 1130 831 1170 quid
856 1133 923 1160 est?
973 1129 1022 1161 SI.
1050 1131 1190 1161 Ehodum
1215 1132 1256 1161 ud
1279 1141 1338 1161 me.
1384 1131 1453 1161 DA.
1479 1130 1565 1165 Quid

105 1171 155 1201 hic
171 1172 263 1205 vult?
305 1173 355 1204 St.
383 1173 467 1208 Quid
483 1171 553 1205 ais?
600 1174 668 1204 DA.
704 1173 775 1208 Qua
798 1174 836 1203 ‹Ie
861 1182 896 1203 re
920 1172 1060 1212 quceris?
1103 1174 1154 1203 Si.
1179 1171 1310 1212 Rogas?
1333 1174 1420 1213 quasi
1436 1173 1567 1204 nescias.

106 1214 226 1245 Rumor
249 1219 294 1247 est
309 1215 417 1257 filium
433 1226 534 1247 meum
556 1226 669 1248 amare.
714 1217 785 1247 DA.
813 1214 913 1251 Quasi
939 1225 1009 1246 vero
1036 1225 1072 1247 eu
1092 1226 1166 1248 cura
1191 1217 1302 1255 vulgus
1321 1216 1467 1247 solicitet.
1512 1215 1563 1246 St.

718 1333 754 1344 ee
761 1332 872 1344 'tecet
879 1332 954 1343 aare

105 1401 250 1434 audierat
264 1402 350 1444 filio,
378 1403 514 1434 Uxorem
539 1413 599 1435 non
625 1405 695 1435 dari
722 1414 787 1442 suo,
813 1404 922 1444 Nunq.
943 1406 1082 1444 ‹Sym—10
1106 1404 1282 1445 Integrum
1300 1405 1390 1436 hunc
1422 1415 1566 1444 versum,

106 1449 144 1475 ut
166 1446 319 1485 nothum,
334 1446 443 1486 rejicit
459 1446 549 1487 Guy.
567 1447 655 1477 haud
673 1449 841 1485 cogitans,
857 1457 922 1477 non
938 1447 1112 1478 cohaerere
1130 1448 1191 1485 ita,
1205 1457 1278 1488 quae
1295 1453 1495 1487 sequuntur,
1514 1449 1565 1479 Ne

107 1490 186 1518 esset
202 1488 336 1528 spatium
358 1489 517 1527 cogitandi
532 1491 574 1520 ad
600 1490 821 1520 disturbandas
836 1489 976 1530 nuptias.
1021 1490 1109 1520 Sane
1126 1490 1227 1529 enim,
1245 1490 1272 1520 si
1288 1491 1565 1530 opprimerentur

104 1531 351 1570 necopinantes
369 1531 572 1571 Pamphilus
590 1537 624 1562 et
643 1533 772 1571 Davus,
790 1542 878 1563 omne
899 1532 1035 1572 spatium
1057 1533 1217 1571 cogitandi
1231 1532 1351 1563 eadem
1377 1542 1481 1573 opera
1500 1534 1565 1564 illis

106 1571 324 1604 adimeretur.
369 1573 520 1604 Distinxi
539 1579 665 1613 autem,
683 1575 939 1615 Sperantesjam,
951 1579 1052 1605 amoto
1068 1578 1174 1612 metu‚·
1197 1580 1316 1606 contra
1340 1585 1379 1607 ac
1396 1577 1495 1615 vulgo
1511 1576 1563 1607 fit.

104 1615 217 1656 Vulgo
233 1615 302 1646 ita:
327 1616 510 1656 Sperantes,
528 1617 599 1655 jam
624 1622 726 1648 amoto
749 1621 845 1648 metu.
892 1617 961 1648 Sed
989 1618 1099 1648 minus
1124 1622 1216 1658 apte.
1246 1618 1346 1650 West.
1393 1618 1460 1649 Alii
1482 1619 1566 1649 inter

105 1667 167 1689 osc.
212 1658 328 1700 Atque
344 1660 393 1690 ita
409 1659 495 1691 Pau.
509 1669 626 1691 omnes
644 1671 651 1690 :
676 1670 785 1701 neque
804 1661 903 1691 aliter
916 1659 1052 1691 videtur
1069 1661 1102 1691 in
1129 1670 1217 1691 omn.
1235 1660 1337 1692 codd.
1354 1663 1420 1692 suis
1440 1662 1564 1701 legisse

104 1700 363 1742 Palmataeque
391 1702 446 1733 Fr.
476 1702 582 1734 Hare.
628 1703 684 1734 Ita
712 1710 746 1734 et
764 1702 838 1734 EA.
885 1703 934 1733 Id.
952 1703 985 1732 in
1003 1703 1087 1734 Add.
1128 1702 1309 1742 Sperantes,
1330 1704 1400 1742 jam
1425 1714 1485 1734 am.
1503 1704 1562 1735 Br.

103 1741 252 1782 Speri-ma,
277 1744 428 1783 'z'am‚am.
453 1745 557 1776 Both.
603 1745 827 1777 lutei-Guelf.
851 1748 882 1776 2.
909 1746 918 1762 ‘
940 1746 1030 1786 Lege
1059 1746 1190 1777 interea.
1237 1747 1326 1777 Nam
1342 1747 1424 1777 inter
1442 1756 1564 1786 repug-

104 1790 165 1816 nat
178 1786 373 1818 menoribus
388 1787 489 1819 codd.
511 1793 611 1819 nocet
627 1794 750 1828 metro,
768 1793 804 1818 et
820 1788 938 1819 turbat
961 1797 1095 1819 sensum
1114 1792 1313 1828 propterea,
1327 1790 1416 1830 quod
1437 1794 1565 1830 praeter

104 1828 240 1859 Davum
256 1834 293 1860 et
305 1829 520 1870 Pamphilum
537 1841 603 1862 non
626 1836 724 1862 erant
751 1837 820 1861 tum
850 1831 918 1868 alii,
936 1832 991 1871 qui
1018 1830 1229 1862 oscitarent.'
1254 1832 1438 1862 Bent.—ll
1467 1832 1510 1863 Ut
1526 1842 1565 1863 ne

103 1870 178 1910 ese]
205 1871 289 1903 Mss.
307 1872 444 1913 quidam
464 1874 513 1904 Ne
528 1883 586 1904 ess.
614 1874 721 1905 West.
765 1873 806 1903 Τὸ
825 1873 868 1904 Ut
885 1873 1029 1913 requirit
1052 1874 1227 1905 iambicus.
1250 1874 1300 1904 Id.
1328 1875 1361 1904 in
1383 1875 1469 1906 Adii.
1519 1875 1564 1906 Ut

102 1923 142 1944 ne
158 1914 229 1944 vult
245 1920 281 1945 et
296 1914 398 1948 Bent.
429 1916 537 1956 Neque
552 1926 617 1947 esse
630 1926 675 1957 sp.
702 1917 803 1947 Both.
818 1917 874 1955 qui
891 1921 1010 1946 notat:
1034 1916 1042 1933 ‘
1058 1917 1087 1946 P.
1103 1922 1196 1947 recte
1212 1917 1279 1946 Nec
1294 1916 1467 1948 esse.'—-l2
1481 1916 1566 1948 Qui-

105 1955 182 1986 dam
196 1957 280 1988 Mss.
291 1957 386 1989 Libri
404 1963 439 1990 et
454 1959 551 1995 editi,
564 1960 780 1998 pii-cecideram.
824 1959 881 1989 Sic
899 1964 934 1989 et
957 1959 1025 1989 ΜΞ.
1041 1959 1179 1990 Donati.
1201 1959 1297 1989 West.
1344 1959 1564 1999 Providernm]

103 1998 151 2029 H.
168 2008 199 2030 e.
212 2008 314 2039 porro
330 2001 500 2040 videram3
528 2001 654 2032 habent
670 2006 705 2032 et
722 2001 843 2032 Faerni
871 2001 948 2031 libri
976 2011 1104 2039 omnes,
1123 2006 1158 2032 et
1181 2002 1302 2041 nostri,
1317 2011 1383 2033 uno
1401 2008 1564 2042 excepto,

104 2041 159 2082 qui
174 2041 257 2082 legit
269 2043 486 2082 praevideram.
511 2045 701 2075 Bent.—-l3
729 2044 833 2074 Hunc
852 2044 884 2074 in
909 2044 992 2073 duos
1016 2054 1082 2074 vss.
1099 2043 1219 2075 dividit
1239 2045 1297 2075 ΒΓ.
1319 2046 1504 2075 secundnm
1521 2046 1564 2076 ab

103 2087 112 2099 ‘
129 2083 197 2115 Hic
236 2085 324 2116 volt’
359 2086 548 2126 incipiens:
589 2086 648 2117 sed
688 2096 845 2116 versuum
871 2096 1029 2116 numeros
1066 2087 1098 2117 in
1128 2087 1188 2117 ΒΥ.
1215 2096 1281 2117 non
1305 2092 1415 2118 mutat
1441 2089 1565 2119 Bruns.

105 2125 114 2142 ‘
131 2125 221 2158 Pall.
238 2127 281 2160 al.
301 2128 394 2168 agis:
416 2130 459 2161 al.
485 2138 561 2161 cum
578 2130 625 2170 gl.
652 2129 754 2161 dicis.-
775 2129 835 2159 sed
852 2129 899 2159 ais
928 2134 962 2159 ct
981 2128 1051 2168 agis
1065 2130 1098 2160 in
1114 2130 1252 2161 Terent.
1272 2130 1415 2162 comoed.
1431 2131 1565 2162 centies

769 2224 914 2257 NOTAE

151 2302 189 2331 10
215 2299 406 2340 Oscitantes]
431 2301 605 2341 oscitare,
627 2301 698 2332 sive
722 2300 806 2331 osci·
863 2299 938 2331 fra:
966 2300 975 2318 ‘
994 2300 1079 2340 Eho,
1106 2310 1148 2331 an
1180 2304 1254 2332 tute
1279 2300 1478 2333 intellexisti
1499 2302 1564 2334 hoc

106 2350 186 2390 tari,
202 2354 255 2381 est
269 2350 370 2391 hiare,
388 2361 426 2382 os
450 2352 598 2392 aperire.
639 2351 808 2383 Oscitatio
864 2350 1136 2381 assimularier?’

106 2400 351 2440 negligentiam
368 2402 490 2441 arguit.
906 2403 947 2431 14
970 2400 1010 2430 Id
1024 2400 1154 2440 populus
1170 2401 1413 2441 curat‚scilicet]
1438 2403 1566 2442 Expul-

151 2449 311 2490 Opprimz']
335 2450 539 2492 Praeveniri,
552 2453 725 2494 occupari.
749 2453 807 2483 Vi·
863 2450 912 2482 sio
928 2451 1071 2489 ironica,
1090 2460 1154 2491 qua
1177 2450 1285 2482 eludit
1302 2451 1418 2482 Davus
1435 2452 1566 2484 dictum

107 2499 209 2531 detur
237 2501 439 2531 translatum
471 2511 545 2532 esse
581 2502 624 2533 ab
656 2502 807 2534 aedificiis
864 2500 1021 2540 Simonis,
1048 2501 1097 2531 ita
1123 2501 1308 2541 colligens:
1345 2501 1386 2531 Id
1418 2504 1565 2542 populus

105 2551 200 2582 ruina
215 2551 370 2581 incautos
384 2551 668 2591 opprimentibus.
860 2561 927 2583 non
953 2556 1061 2582 curat.
1110 2550 1226 2582 Ironia
1252 2556 1303 2583 est
1328 2552 1475 2593 Tropus,
1498 2564 1566 2594 quo

148 2604 189 2633 12
211 2601 340 2642 Astute]
365 2601 441 2632 Hoc
458 2608 558 2643 gestu
570 2607 605 2634 et
618 2603 806 2643 agitatione
862 2602 1068 2642 intelligitur
1084 2601 1290 2632 couti-arium
1305 2602 1392 2642 ejus,
1411 2604 1498 2644 quod
1517 2605 1566 2635 di-

108 2651 231 2693 capitis
246 2652 364 2682 Davus
381 2651 479 2683 dixit.
863 2652 965 2690 citur,
986 2652 1029 2682 ab
1052 2652 1132 2693 εἴρω,
1157 2652 1245 2693 quod
1274 2657 1337 2693 est,
1355 2653 1454 2693 dico;
1477 2655 1565 2685 unde

151 2704 191 2733 13
213 2701 371 2741 Ehodum]
396 2702 459 2733 Est
480 2702 678 2743 interjectio
703 2703 743 2733 ad
772 2712 807 2734 se
862 2702 947 2742 εἴρων
976 2702 1217 2744 dissimulator,
1247 2704 1304 2745 qni
1342 2704 1442 2736 aliter
1472 2705 1565 2746 dicit,

107 2752 273 2791 vocantis,
292 2751 462 2783 interdum
480 2753 690 2794 admirantis,
708 2759 744 2784 ut
758 2754 807 2784 in-
863 2763 902 2784 ac
919 2753 1038 2785 sentit.

194 2804 307 2845 Delph.
321 2809 350 2836 et
371 2805 444 2837 ναν.
459 2806 544 2836 Clas.
801 2806 927 2839 Terent.
1452 2808 1479 2838 T
