<?xml version="1.0" encoding="UTF-8"?>
<!DOCTYPE html PUBLIC "-//W3C//DTD XHTML 1.0 Transitional//EN"
    "http://www.w3.org/TR/xhtml1/DTD/xhtml1-transitional.dtd">
<html xmlns="http://www.w3.org/1999/xhtml" xml:lang="en" lang="en">
 <head>
  <title>
</title>
<meta http-equiv="Content-Type" content="text/html;charset=utf-8" />
  <meta name='ocr-system' content='tesseract 3.04.00' />
  <meta name='ocr-capabilities' content='ocr_page ocr_carea ocr_par ocr_line ocrx_word'/>
</head>
<body>
  <div class='ocr_page' id='page_1' title='image "./pubterentiiafric01tereuoft/pubterentiiafric01tereuoft_0400.png"; bbox 0 0 1903 3306; ppageno 0'>
   <div class='ocr_carea' id='block_1_1' title="bbox 341 220 1308 262">
    <p class='ocr_par' dir='ltr' id='par_1_1' title="bbox 341 220 1308 262">
     <span class='ocr_line' id='line_1_1' title="bbox 341 220 1308 262; baseline -0.007 0"><span class='ocrx_word' id='word_1_1' title='bbox 341 220 426 262; x_wconf 79' lang='lat'>390</span> <span class='ocrx_word' id='word_1_2' title='bbox 837 230 878 259; x_wconf 83' lang='lat' dir='ltr'>P.</span> <span class='ocrx_word' id='word_1_3' title='bbox 913 227 1155 258; x_wconf 75' lang='lat' dir='ltr'>&#39;rEREN&#39;rii</span> <span class='ocrx_word' id='word_1_4' title='bbox 1192 226 1308 256; x_wconf 62' lang='grc' dir='ltr'>ΛΡΜ</span> 
     </span>
    </p>
   </div>
   <div class='ocr_carea' id='block_1_2' title="bbox 342 319 1799 440">
    <p class='ocr_par' dir='ltr' id='par_1_2' title="bbox 342 319 1799 440">
     <span class='ocr_line' id='line_1_2' title="bbox 342 319 1799 376; baseline -0.001 -14"><span class='ocrx_word' id='word_1_5' title='bbox 342 322 424 373; x_wconf 86' lang='lat' dir='ltr'>Ea,</span> <span class='ocrx_word' id='word_1_6' title='bbox 447 336 548 376; x_wconf 85' lang='lat' dir='ltr'>quae</span> <span class='ocrx_word' id='word_1_7' title='bbox 572 323 755 376; x_wconf 74' lang='lat' dir='ltr'>vigilans</span> <span class='ocrx_word' id='word_1_8' title='bbox 778 322 952 364; x_wconf 68' lang='lat' dir='ltr'>voluit?</span> <span class='ocrx_word' id='word_1_9' title='bbox 1002 323 1089 362; x_wconf 67' lang='grc' dir='ltr'>ΡΑ.</span> <span class='ocrx_word' id='word_1_10' title='bbox 1111 320 1224 361; x_wconf 86' lang='lat' dir='ltr'>Tum</span> <span class='ocrx_word' id='word_1_11' title='bbox 1247 320 1299 360; x_wconf 84' lang='lat' dir='ltr'>de</span> <span class='ocrx_word' id='word_1_12' title='bbox 1320 332 1473 372; x_wconf 85' lang='lat' dir='ltr'>puero,</span> <span class='ocrx_word' id='word_1_13' title='bbox 1496 319 1654 361; x_wconf 71' lang='lat' dir='ltr'>Dave?</span> <span class='ocrx_word' id='word_1_14' title='bbox 1706 320 1799 361; x_wconf 76' lang='lat' dir='ltr'>DA.</span> 
     </span>
     <span class='ocr_line' id='line_1_3' title="bbox 516 389 791 440; baseline 0 -10"><span class='ocrx_word' id='word_1_15' title='bbox 516 389 602 440; x_wconf 84' lang='lat' dir='ltr'>Ah,</span> <span class='ocrx_word' id='word_1_16' title='bbox 627 390 791 431; x_wconf 83' lang='lat' dir='ltr'>desine.</span> 
     </span>
    </p>
   </div>
   <div class='ocr_carea' id='block_1_3' title="bbox 288 454 1802 566">
    <p class='ocr_par' dir='ltr' id='par_1_3' title="bbox 288 454 1802 566">
     <span class='ocr_line' id='line_1_4' title="bbox 288 454 1802 511; baseline -0.003 -12"><span class='ocrx_word' id='word_1_17' title='bbox 288 471 292 481; x_wconf 74' lang='lat'><strong>²</strong></span> <span class='ocrx_word' id='word_1_18' title='bbox 347 458 482 499; x_wconf 84' lang='lat' dir='ltr'>Solus</span> <span class='ocrx_word' id='word_1_19' title='bbox 503 462 583 507; x_wconf 88' lang='lat' dir='ltr'>est,</span> <span class='ocrx_word' id='word_1_20' title='bbox 606 471 735 511; x_wconf 90' lang='lat' dir='ltr'>quem</span> <span class='ocrx_word' id='word_1_21' title='bbox 757 457 943 510; x_wconf 86' lang='lat' dir='ltr'>diligunt</span> <span class='ocrx_word' id='word_1_22' title='bbox 959 456 1034 498; x_wconf 93' lang='lat' dir='ltr'>Di.</span> <span class='ocrx_word' id='word_1_23' title='bbox 1095 454 1183 496; x_wconf 85' lang='lat' dir='ltr'>CH.</span> <span class='ocrx_word' id='word_1_24' title='bbox 1215 454 1377 496; x_wconf 85' lang='lat' dir='ltr'>Salvos</span> <span class='ocrx_word' id='word_1_25' title='bbox 1397 467 1510 506; x_wconf 84' lang='lat' dir='ltr'>sum,</span> <span class='ocrx_word' id='word_1_26' title='bbox 1532 455 1680 496; x_wconf 85' lang='lat' dir='ltr'>sihaec</span> <span class='ocrx_word' id='word_1_27' title='bbox 1701 467 1802 496; x_wconf 85' lang='lat' dir='ltr'>vera</span> 
     </span>
     <span class='ocr_line' id='line_1_5' title="bbox 518 530 631 566; baseline 0.009 -1"><span class='ocrx_word' id='word_1_28' title='bbox 518 530 631 566; x_wconf 85' lang='lat' dir='ltr'>sunt.</span> 
     </span>
    </p>
   </div>
   <div class='ocr_carea' id='block_1_4' title="bbox 345 588 1807 970">
    <p class='ocr_par' dir='ltr' id='par_1_4' title="bbox 345 588 1805 712">
     <span class='ocr_line' id='line_1_6' title="bbox 345 588 1804 646; baseline -0.002 -13"><span class='ocrx_word' id='word_1_29' title='bbox 345 591 601 646; x_wconf 85' lang='lat' dir='ltr'>Colloquar.</span> <span class='ocrx_word' id='word_1_30' title='bbox 661 591 750 632; x_wconf 86' lang='lat' dir='ltr'>PA.</span> <span class='ocrx_word' id='word_1_31' title='bbox 784 590 900 641; x_wconf 80' lang='lat' dir='ltr'>Quis</span> <span class='ocrx_word' id='word_1_32' title='bbox 928 590 1060 631; x_wconf 89' lang='lat' dir='ltr'>homo</span> <span class='ocrx_word' id='word_1_33' title='bbox 1091 588 1178 631; x_wconf 67' lang='lat' dir='ltr'>&#39;stT</span> <span class='ocrx_word' id='word_1_34' title='bbox 1241 590 1280 630; x_wconf 91' lang='grc' dir='ltr'>Ο</span> <span class='ocrx_word' id='word_1_35' title='bbox 1313 590 1519 640; x_wconf 83' lang='lat' dir='ltr'>Charine,</span> <span class='ocrx_word' id='word_1_36' title='bbox 1542 590 1586 631; x_wconf 90' lang='lat' dir='ltr'>in</span> <span class='ocrx_word' id='word_1_37' title='bbox 1605 595 1804 644; x_wconf 80' lang='lat' dir='ltr'>tempore</span> 
     </span>
     <span class='ocr_line' id='line_1_7' title="bbox 518 658 1805 712; baseline -0.002 -12"><span class='ocrx_word' id='word_1_38' title='bbox 518 660 620 712; x_wconf 85' lang='lat' dir='ltr'>ipso</span> <span class='ocrx_word' id='word_1_39' title='bbox 642 659 750 699; x_wconf 86' lang='lat' dir='ltr'>mihi</span> <span class='ocrx_word' id='word_1_40' title='bbox 773 658 967 700; x_wconf 80' lang='lat' dir='ltr'>advenis.</span> <span class='ocrx_word' id='word_1_41' title='bbox 1749 658 1805 697; x_wconf 89' lang='grc'>10</span> 
     </span>
    </p>

    <p class='ocr_par' dir='ltr' id='par_1_5' title="bbox 349 723 1804 846">
     <span class='ocr_line' id='line_1_8' title="bbox 349 723 1804 778; baseline -0.003 -10"><span class='ocrx_word' id='word_1_42' title='bbox 349 727 437 768; x_wconf 75' lang='lat' dir='ltr'>CH.</span> <span class='ocrx_word' id='word_1_43' title='bbox 469 727 591 768; x_wconf 84' lang='lat' dir='ltr'><strong>Bene</strong></span> <span class='ocrx_word' id='word_1_44' title='bbox 611 727 793 768; x_wconf 83' lang='lat' dir='ltr'>factum.</span> <span class='ocrx_word' id='word_1_45' title='bbox 854 726 943 767; x_wconf 84' lang='lat' dir='ltr'>PA.</span> <span class='ocrx_word' id='word_1_46' title='bbox 964 725 1218 767; x_wconf 73' lang='lat' dir='ltr'>Audistin&#39;?</span> <span class='ocrx_word' id='word_1_47' title='bbox 1281 724 1368 766; x_wconf 84' lang='lat' dir='ltr'>CH.</span> <span class='ocrx_word' id='word_1_48' title='bbox 1401 724 1574 766; x_wconf 85' lang='lat' dir='ltr'>Omnia.</span> <span class='ocrx_word' id='word_1_49' title='bbox 1606 723 1720 778; x_wconf 84' lang='lat' dir='ltr'>Age,</span> <span class='ocrx_word' id='word_1_50' title='bbox 1735 737 1804 765; x_wconf 86' lang='lat' dir='ltr'>me</span> 
     </span>
     <span class='ocr_line' id='line_1_9' title="bbox 521 793 1111 846; baseline -0.003 -12"><span class='ocrx_word' id='word_1_51' title='bbox 521 795 566 834; x_wconf 87' lang='lat' dir='ltr'>in</span> <span class='ocrx_word' id='word_1_52' title='bbox 587 795 674 835; x_wconf 85' lang='lat' dir='ltr'>tuis</span> <span class='ocrx_word' id='word_1_53' title='bbox 696 794 904 834; x_wconf 82' lang='lat' dir='ltr'>secundis</span> <span class='ocrx_word' id='word_1_54' title='bbox 925 793 1111 846; x_wconf 79' lang='lat' dir='ltr'>respice.</span> 
     </span>
    </p>

    <p class='ocr_par' dir='ltr' id='par_1_6' title="bbox 350 860 1807 970">
     <span class='ocr_line' id='line_1_10' title="bbox 350 860 1807 914; baseline -0.001 -12"><span class='ocrx_word' id='word_1_55' title='bbox 350 861 476 902; x_wconf 87' lang='lat' dir='ltr'>Tuus</span> <span class='ocrx_word' id='word_1_56' title='bbox 507 865 575 902; x_wconf 78' lang='lat' dir='ltr'>est</span> <span class='ocrx_word' id='word_1_57' title='bbox 604 875 718 902; x_wconf 88' lang='lat' dir='ltr'>nuuc</span> <span class='ocrx_word' id='word_1_58' title='bbox 751 861 985 902; x_wconf 81' lang='lat' dir='ltr'>Chremes:</span> <span class='ocrx_word' id='word_1_59' title='bbox 1018 862 1235 902; x_wconf 69' lang='lat' dir='ltr'>facturum</span> <span class='ocrx_word' id='word_1_60' title='bbox 1271 873 1374 914; x_wconf 88' lang='lat' dir='ltr'>quae</span> <span class='ocrx_word' id='word_1_61' title='bbox 1408 860 1544 910; x_wconf 83' lang='lat' dir='ltr'>voles,</span> <span class='ocrx_word' id='word_1_62' title='bbox 1575 860 1671 901; x_wconf 83' lang='lat' dir='ltr'>scio</span> <span class='ocrx_word' id='word_1_63' title='bbox 1708 872 1807 900; x_wconf 83' lang='lat' dir='ltr'>esse</span> 
     </span>
     <span class='ocr_line' id='line_1_11' title="bbox 525 942 685 970; baseline -0.006 0"><span class='ocrx_word' id='word_1_64' title='bbox 525 942 685 970; x_wconf 79' lang='lat' dir='ltr'>omnia.</span> 
     </span>
    </p>
   </div>
   <div class='ocr_carea' id='block_1_5' title="bbox 352 1071 1815 1370">
    <p class='ocr_par' dir='ltr' id='par_1_7' title="bbox 352 1071 1815 1370">
     <span class='ocr_line' id='line_1_12' title="bbox 353 1071 1812 1115; baseline -0.001 -13"><span class='ocrx_word' id='word_1_65' title='bbox 353 1072 489 1112; x_wconf 74' lang='lat' dir='ltr'>rigilans</span> <span class='ocrx_word' id='word_1_66' title='bbox 504 1072 683 1115; x_wconf 70' lang='lat' dir='ltr'><em>expetivit?</em></span> <span class='ocrx_word' id='word_1_67' title='bbox 728 1073 794 1105; x_wconf 80' lang='grc' dir='ltr'>ΡΑ.</span> <span class='ocrx_word' id='word_1_68' title='bbox 825 1075 969 1105; x_wconf 76' lang='lat' dir='ltr'>Ceterum</span> <span class='ocrx_word' id='word_1_69' title='bbox 986 1075 1022 1104; x_wconf 80' lang='lat' dir='ltr'>de</span> <span class='ocrx_word' id='word_1_70' title='bbox 1035 1084 1142 1114; x_wconf 69' lang='lat' dir='ltr'>puers»,</span> <span class='ocrx_word' id='word_1_71' title='bbox 1158 1074 1258 1112; x_wconf 76' lang='lat' dir='ltr'>Dare,</span> <span class='ocrx_word' id='word_1_72' title='bbox 1271 1077 1305 1104; x_wconf 79' lang='lat' dir='ltr'>ut</span> <span class='ocrx_word' id='word_1_73' title='bbox 1321 1083 1353 1103; x_wconf 85' lang='lat' dir='ltr'>se</span> <span class='ocrx_word' id='word_1_74' title='bbox 1376 1072 1490 1104; x_wconf 82' lang='lat' dir='ltr'>habet?</span> <span class='ocrx_word' id='word_1_75' title='bbox 1534 1073 1607 1104; x_wconf 80' lang='lat' dir='ltr'>DA.</span> <span class='ocrx_word' id='word_1_76' title='bbox 1632 1071 1694 1110; x_wconf 81' lang='lat' dir='ltr'>Ah,</span> <span class='ocrx_word' id='word_1_77' title='bbox 1707 1071 1812 1102; x_wconf 83' lang='lat' dir='ltr'>desine</span> 
     </span>
     <span class='ocr_line' id='line_1_13' title="bbox 354 1114 1810 1158; baseline -0.001 -13"><span class='ocrx_word' id='word_1_78' title='bbox 354 1117 391 1146; x_wconf 76' lang='lat' dir='ltr'>de</span> <span class='ocrx_word' id='word_1_79' title='bbox 407 1117 459 1147; x_wconf 81' lang='lat' dir='ltr'>illo</span> <span class='ocrx_word' id='word_1_80' title='bbox 472 1117 563 1157; x_wconf 77' lang='lat' dir='ltr'><em>plura</em></span> <span class='ocrx_word' id='word_1_81' title='bbox 578 1127 724 1158; x_wconf 64' lang='lat' dir='ltr'>quaerere.</span> <span class='ocrx_word' id='word_1_82' title='bbox 771 1118 829 1148; x_wconf 85' lang='lat' dir='ltr'>Ille</span> <span class='ocrx_word' id='word_1_83' title='bbox 854 1119 935 1148; x_wconf 82' lang='lat' dir='ltr'>solus</span> <span class='ocrx_word' id='word_1_84' title='bbox 959 1120 1005 1147; x_wconf 83' lang='lat' dir='ltr'>est</span> <span class='ocrx_word' id='word_1_85' title='bbox 1029 1127 1069 1147; x_wconf 81' lang='lat' dir='ltr'>ex</span> <span class='ocrx_word' id='word_1_86' title='bbox 1095 1117 1232 1147; x_wconf 80' lang='lat' dir='ltr'>omnibus</span> <span class='ocrx_word' id='word_1_87' title='bbox 1254 1116 1374 1156; x_wconf 78' lang='lat' dir='ltr'>pueris,</span> <span class='ocrx_word' id='word_1_88' title='bbox 1397 1125 1485 1156; x_wconf 78' lang='lat' dir='ltr'>quem</span> <span class='ocrx_word' id='word_1_89' title='bbox 1501 1115 1561 1146; x_wconf 79' lang='lat' dir='ltr'>Dii</span> <span class='ocrx_word' id='word_1_90' title='bbox 1576 1117 1609 1145; x_wconf 74' lang='lat' dir='ltr'>in</span> <span class='ocrx_word' id='word_1_91' title='bbox 1620 1114 1742 1145; x_wconf 72' lang='lat' dir='ltr'>deliciis</span> <span class='ocrx_word' id='word_1_92' title='bbox 1756 1114 1810 1144; x_wconf 80' lang='grc' dir='ltr'><em>Ιιιι-</em></span> 
     </span>
     <span class='ocr_line' id='line_1_14' title="bbox 355 1156 1811 1199; baseline -0.001 -11"><span class='ocrx_word' id='word_1_93' title='bbox 355 1158 439 1198; x_wconf 77' lang='lat' dir='ltr'>bene,</span> <span class='ocrx_word' id='word_1_94' title='bbox 456 1161 531 1190; x_wconf 78' lang='lat' dir='ltr'>etin</span> <span class='ocrx_word' id='word_1_95' title='bbox 547 1161 615 1191; x_wconf 79' lang='lat' dir='ltr'>sinu</span> <span class='ocrx_word' id='word_1_96' title='bbox 636 1164 762 1199; x_wconf 72' lang='lat' dir='ltr'>gerunt.</span> <span class='ocrx_word' id='word_1_97' title='bbox 810 1160 879 1191; x_wconf 78' lang='lat' dir='ltr'>CH.</span> <span class='ocrx_word' id='word_1_98' title='bbox 904 1160 942 1190; x_wconf 65' lang='lat' dir='ltr'>Sa·</span> <span class='ocrx_word' id='word_1_99' title='bbox 966 1160 1030 1190; x_wconf 81' lang='lat' dir='ltr'>hoec</span> <span class='ocrx_word' id='word_1_100' title='bbox 1056 1170 1129 1190; x_wconf 75' lang='lat' dir='ltr'>vera</span> <span class='ocrx_word' id='word_1_101' title='bbox 1154 1162 1238 1196; x_wconf 78' lang='lat' dir='ltr'>suut,</span> <span class='ocrx_word' id='word_1_102' title='bbox 1263 1159 1364 1190; x_wconf 71' lang='lat' dir='ltr'>sulcus</span> <span class='ocrx_word' id='word_1_103' title='bbox 1383 1167 1460 1189; x_wconf 82' lang='lat' dir='ltr'>sum.</span> <span class='ocrx_word' id='word_1_104' title='bbox 1508 1156 1701 1198; x_wconf 73' lang='lat' dir='ltr'>Compellubo</span> <span class='ocrx_word' id='word_1_105' title='bbox 1719 1158 1811 1188; x_wconf 84' lang='lat' dir='ltr'>Pum-</span> 
     </span>
     <span class='ocr_line' id='line_1_15' title="bbox 352 1199 1812 1243; baseline -0.001 -12"><span class='ocrx_word' id='word_1_106' title='bbox 352 1201 483 1241; x_wconf 80' lang='lat' dir='ltr'>philum.</span> <span class='ocrx_word' id='word_1_107' title='bbox 528 1203 594 1234; x_wconf 76' lang='grc' dir='ltr'>ΡΑ.</span> <span class='ocrx_word' id='word_1_108' title='bbox 622 1204 700 1238; x_wconf 77' lang='lat' dir='ltr'>Quis</span> <span class='ocrx_word' id='word_1_109' title='bbox 714 1204 802 1234; x_wconf 79' lang='lat' dir='ltr'>homo</span> <span class='ocrx_word' id='word_1_110' title='bbox 817 1207 875 1239; x_wconf 85' lang='lat' dir='ltr'>est,</span> <span class='ocrx_word' id='word_1_111' title='bbox 891 1203 943 1243; x_wconf 73' lang='lat' dir='ltr'>qui</span> <span class='ocrx_word' id='word_1_112' title='bbox 957 1203 996 1232; x_wconf 85' lang='lat' dir='ltr'>ad</span> <span class='ocrx_word' id='word_1_113' title='bbox 1012 1212 1066 1233; x_wconf 79' lang='lat' dir='ltr'>nos</span> <span class='ocrx_word' id='word_1_114' title='bbox 1088 1203 1226 1233; x_wconf 77' lang='lat' dir='ltr'>accedit?</span> <span class='ocrx_word' id='word_1_115' title='bbox 1254 1201 1401 1240; x_wconf 82' lang='lat' dir='ltr'><em>Charine,</em></span> <span class='ocrx_word' id='word_1_116' title='bbox 1427 1204 1596 1241; x_wconf 78' lang='lat' dir='ltr'><em>opportune</em></span> <span class='ocrx_word' id='word_1_117' title='bbox 1617 1199 1696 1230; x_wconf 80' lang='lat' dir='ltr'>mihi</span> <span class='ocrx_word' id='word_1_118' title='bbox 1721 1200 1812 1230; x_wconf 73' lang='lat' dir='ltr'>adve-</span> 
     </span>
     <span class='ocr_line' id='line_1_16' title="bbox 355 1241 1812 1283; baseline -0.001 -10"><span class='ocrx_word' id='word_1_119' title='bbox 355 1244 416 1275; x_wconf 76' lang='lat' dir='ltr'>nis.</span> <span class='ocrx_word' id='word_1_120' title='bbox 462 1245 533 1276; x_wconf 82' lang='lat' dir='ltr'>CH.</span> <span class='ocrx_word' id='word_1_121' title='bbox 558 1246 668 1276; x_wconf 80' lang='lat' dir='ltr'><em>Tecum</em></span> <span class='ocrx_word' id='word_1_122' title='bbox 685 1246 758 1277; x_wconf 78' lang='lat' dir='ltr'>bene</span> <span class='ocrx_word' id='word_1_123' title='bbox 773 1249 876 1276; x_wconf 77' lang='lat' dir='ltr'>actum</span> <span class='ocrx_word' id='word_1_124' title='bbox 899 1256 961 1276; x_wconf 80' lang='lat' dir='ltr'>esse</span> <span class='ocrx_word' id='word_1_125' title='bbox 974 1246 1106 1283; x_wconf 78' lang='lat' dir='ltr'><em>gaudeo.</em></span> <span class='ocrx_word' id='word_1_126' title='bbox 1151 1245 1217 1275; x_wconf 84' lang='grc' dir='ltr'>ΡΑ.</span> <span class='ocrx_word' id='word_1_127' title='bbox 1242 1244 1353 1276; x_wconf 83' lang='lat' dir='ltr'>Hem!</span> <span class='ocrx_word' id='word_1_128' title='bbox 1375 1242 1557 1276; x_wconf 77' lang='lat' dir='ltr'><strong><em>audistine?</em></strong></span> <span class='ocrx_word' id='word_1_129' title='bbox 1602 1243 1672 1274; x_wconf 82' lang='lat' dir='ltr'>CH.</span> <span class='ocrx_word' id='word_1_130' title='bbox 1698 1241 1812 1272; x_wconf 80' lang='lat' dir='ltr'>Omnia</span> 
     </span>
     <span class='ocr_line' id='line_1_17' title="bbox 355 1286 1815 1329; baseline 0 -14"><span class='ocrx_word' id='word_1_131' title='bbox 355 1287 472 1319; x_wconf 78' lang='lat' dir='ltr'>audivi.</span> <span class='ocrx_word' id='word_1_132' title='bbox 518 1288 671 1327; x_wconf 77' lang='lat' dir='ltr'>Agedum,</span> <span class='ocrx_word' id='word_1_133' title='bbox 697 1288 728 1319; x_wconf 74' lang='lat' dir='ltr'>in</span> <span class='ocrx_word' id='word_1_134' title='bbox 756 1290 818 1319; x_wconf 79' lang='lat' dir='ltr'>tuis</span> <span class='ocrx_word' id='word_1_135' title='bbox 841 1289 998 1329; x_wconf 77' lang='lat' dir='ltr'><em>prosperis</em></span> <span class='ocrx_word' id='word_1_136' title='bbox 1022 1288 1210 1318; x_wconf 71' lang='lat' dir='ltr'>successibus</span> <span class='ocrx_word' id='word_1_137' title='bbox 1228 1287 1285 1325; x_wconf 84' lang='lat' dir='ltr'>fac</span> <span class='ocrx_word' id='word_1_138' title='bbox 1307 1291 1339 1317; x_wconf 79' lang='lat' dir='ltr'>ut</span> <span class='ocrx_word' id='word_1_139' title='bbox 1366 1297 1414 1318; x_wconf 85' lang='lat' dir='ltr'>me</span> <span class='ocrx_word' id='word_1_140' title='bbox 1436 1286 1572 1325; x_wconf 73' lang='lat' dir='ltr'>adjuves.</span> <span class='ocrx_word' id='word_1_141' title='bbox 1620 1286 1815 1316; x_wconf 74' lang='lat' dir='ltr'><strong><em>Chremetem</em></strong></span> 
     </span>
     <span class='ocr_line' id='line_1_18' title="bbox 358 1327 1814 1370; baseline 0 -12"><span class='ocrx_word' id='word_1_142' title='bbox 358 1332 457 1360; x_wconf 76' lang='lat' dir='ltr'>totum</span> <span class='ocrx_word' id='word_1_143' title='bbox 479 1332 633 1370; x_wconf 78' lang='lat' dir='ltr'><em>possides:</em></span> <span class='ocrx_word' id='word_1_144' title='bbox 657 1333 719 1362; x_wconf 82' lang='lat' dir='ltr'>scio</span> <span class='ocrx_word' id='word_1_145' title='bbox 736 1331 823 1362; x_wconf 77' lang='lat' dir='ltr'>illum</span> <span class='ocrx_word' id='word_1_146' title='bbox 831 1332 993 1369; x_wconf 73' lang='lat' dir='ltr'>facturum</span> <span class='ocrx_word' id='word_1_147' title='bbox 1009 1341 1072 1361; x_wconf 78' lang='lat' dir='ltr'>esse</span> <span class='ocrx_word' id='word_1_148' title='bbox 1088 1331 1204 1370; x_wconf 81' lang='lat' dir='ltr'>omnin,</span> <span class='ocrx_word' id='word_1_149' title='bbox 1226 1340 1295 1370; x_wconf 71' lang='grc' dir='ltr'>(ματ</span> <span class='ocrx_word' id='word_1_150' title='bbox 1319 1330 1411 1361; x_wconf 78' lang='lat' dir='ltr'>voles.</span> <span class='ocrx_word' id='word_1_151' title='bbox 1457 1330 1523 1360; x_wconf 72' lang='grc' dir='ltr'>ΡΑ.</span> <span class='ocrx_word' id='word_1_152' title='bbox 1547 1329 1675 1370; x_wconf 84' lang='lat' dir='ltr'><em>Semper</em></span> <span class='ocrx_word' id='word_1_153' title='bbox 1690 1327 1738 1359; x_wconf 81' lang='lat' dir='ltr'>tui</span> <span class='ocrx_word' id='word_1_154' title='bbox 1752 1337 1814 1358; x_wconf 86' lang='lat' dir='ltr'>me-</span> 
     </span>
    </p>
   </div>
   <div class='ocr_carea' id='block_1_6' title="bbox 968 1431 1204 1443">
    <p class='ocr_par' dir='ltr' id='par_1_8' title="bbox 968 1431 1204 1443">
     <span class='ocr_line' id='line_1_19' title="bbox 968 1431 1204 1443; baseline 0 -1"><span class='ocrx_word' id='word_1_155' title='bbox 968 1431 985 1443; x_wconf 73' lang='lat' dir='ltr'>-e</span> <span class='ocrx_word' id='word_1_156' title='bbox 991 1431 1204 1442; x_wconf 36' lang='lat' dir='ltr'>“mammeas“</span> 
     </span>
    </p>
   </div>
   <div class='ocr_carea' id='block_1_7' title="bbox 360 1503 1828 2490">
    <p class='ocr_par' dir='ltr' id='par_1_9' title="bbox 360 1503 1828 2490">
     <span class='ocr_line' id='line_1_20' title="bbox 360 1503 1817 1548; baseline -0.001 -12"><span class='ocrx_word' id='word_1_157' title='bbox 360 1507 548 1544; x_wconf 78' lang='lat' dir='ltr'>veterrimi,</span> <span class='ocrx_word' id='word_1_158' title='bbox 569 1506 642 1547; x_wconf 74' lang='lat' dir='ltr'>quin</span> <span class='ocrx_word' id='word_1_159' title='bbox 656 1507 734 1546; x_wconf 79' lang='lat' dir='ltr'><strong><em>jam.</em></strong></span> <span class='ocrx_word' id='word_1_160' title='bbox 769 1508 890 1539; x_wconf 73' lang='lat' dir='ltr'>Recte.</span> <span class='ocrx_word' id='word_1_161' title='bbox 915 1509 1011 1540; x_wconf 82' lang='lat' dir='ltr'>Bent.</span> <span class='ocrx_word' id='word_1_162' title='bbox 1045 1509 1209 1548; x_wconf 74' lang='lat' dir='ltr'>Quinjam</span> <span class='ocrx_word' id='word_1_163' title='bbox 1222 1509 1264 1540; x_wconf 82' lang='lat' dir='ltr'>R.</span> <span class='ocrx_word' id='word_1_164' title='bbox 1289 1508 1382 1539; x_wconf 71' lang='lat' dir='ltr'>Lina.</span> <span class='ocrx_word' id='word_1_165' title='bbox 1415 1508 1491 1538; x_wconf 80' lang='lat' dir='ltr'>Jam</span> <span class='ocrx_word' id='word_1_166' title='bbox 1506 1506 1590 1537; x_wconf 84' lang='lat' dir='ltr'>dant</span> <span class='ocrx_word' id='word_1_167' title='bbox 1606 1503 1817 1537; x_wconf 80' lang='lat' dir='ltr'>Both.Per1.</span> 
     </span>
     <span class='ocr_line' id='line_1_21' title="bbox 361 1547 1816 1592; baseline -0.002 -13"><span class='ocrx_word' id='word_1_168' title='bbox 361 1552 423 1579; x_wconf 82' lang='lat'>-8</span> <span class='ocrx_word' id='word_1_169' title='bbox 446 1549 510 1589; x_wconf 86' lang='lat' dir='ltr'>Ah,</span> <span class='ocrx_word' id='word_1_170' title='bbox 526 1550 567 1581; x_wconf 85' lang='lat' dir='ltr'>ah</span> <span class='ocrx_word' id='word_1_171' title='bbox 578 1551 704 1582; x_wconf 55' lang='lat' dir='ltr'>Bia—9</span> <span class='ocrx_word' id='word_1_172' title='bbox 729 1551 779 1581; x_wconf 88' lang='grc' dir='ltr'>Μ.</span> <span class='ocrx_word' id='word_1_173' title='bbox 797 1557 831 1582; x_wconf 84' lang='lat' dir='ltr'>et</span> <span class='ocrx_word' id='word_1_174' title='bbox 845 1552 1001 1592; x_wconf 74' lang='lat' dir='ltr'>quaedam</span> <span class='ocrx_word' id='word_1_175' title='bbox 1016 1552 1094 1583; x_wconf 85' lang='lat' dir='ltr'>edd.</span> <span class='ocrx_word' id='word_1_176' title='bbox 1109 1556 1266 1590; x_wconf 73' lang='lat' dir='ltr'>vetustae‚</span> <span class='ocrx_word' id='word_1_177' title='bbox 1291 1551 1382 1582; x_wconf 75' lang='lat' dir='ltr'>Solus</span> <span class='ocrx_word' id='word_1_178' title='bbox 1395 1560 1438 1581; x_wconf 88' lang='lat' dir='ltr'>es.</span> <span class='ocrx_word' id='word_1_179' title='bbox 1464 1550 1570 1581; x_wconf 84' lang='lat' dir='ltr'>West.</span> <span class='ocrx_word' id='word_1_180' title='bbox 1601 1547 1816 1589; x_wconf 81' lang='lat' dir='ltr'>Scripsimus‚</span> 
     </span>
     <span class='ocr_line' id='line_1_22' title="bbox 360 1589 1815 1634; baseline -0.001 -13"><span class='ocrx_word' id='word_1_181' title='bbox 360 1592 510 1633; x_wconf 81' lang='lat' dir='ltr'><strong><em>diligant,</em></strong></span> <span class='ocrx_word' id='word_1_182' title='bbox 527 1603 568 1623; x_wconf 80' lang='lat' dir='ltr'>ex</span> <span class='ocrx_word' id='word_1_183' title='bbox 585 1593 734 1634; x_wconf 82' lang='lat' dir='ltr'>antiquis</span> <span class='ocrx_word' id='word_1_184' title='bbox 751 1593 858 1625; x_wconf 75' lang='lat' dir='ltr'>libris.</span> <span class='ocrx_word' id='word_1_185' title='bbox 883 1595 941 1626; x_wconf 79' lang='lat' dir='ltr'>Fa.</span> <span class='ocrx_word' id='word_1_186' title='bbox 976 1595 1053 1626; x_wconf 89' lang='lat' dir='ltr'>Duo</span> <span class='ocrx_word' id='word_1_187' title='bbox 1070 1594 1247 1625; x_wconf 75' lang='lat' dir='ltr'>exnostris</span> <span class='ocrx_word' id='word_1_188' title='bbox 1265 1604 1340 1624; x_wconf 85' lang='lat' dir='ltr'>cum</span> <span class='ocrx_word' id='word_1_189' title='bbox 1357 1598 1440 1624; x_wconf 76' lang='lat' dir='ltr'>vett.</span> <span class='ocrx_word' id='word_1_190' title='bbox 1454 1592 1541 1623; x_wconf 85' lang='lat' dir='ltr'><strong>Edd.</strong></span> <span class='ocrx_word' id='word_1_191' title='bbox 1565 1592 1654 1623; x_wconf 81' lang='lat' dir='ltr'>Solus</span> <span class='ocrx_word' id='word_1_192' title='bbox 1668 1600 1711 1629; x_wconf 82' lang='lat' dir='ltr'>es,</span> <span class='ocrx_word' id='word_1_193' title='bbox 1724 1589 1815 1631; x_wconf 83' lang='lat' dir='ltr'>quod</span> 
     </span>
     <span class='ocr_line' id='line_1_23' title="bbox 362 1633 1815 1677; baseline -0.001 -14"><span class='ocrx_word' id='word_1_194' title='bbox 362 1636 481 1665; x_wconf 82' lang='lat' dir='ltr'>etvi1·0</span> <span class='ocrx_word' id='word_1_195' title='bbox 497 1635 721 1676; x_wconf 80' lang='lat' dir='ltr'>eruditojure</span> <span class='ocrx_word' id='word_1_196' title='bbox 737 1637 888 1677; x_wconf 80' lang='lat' dir='ltr'>placuit:</span> <span class='ocrx_word' id='word_1_197' title='bbox 909 1647 974 1668; x_wconf 89' lang='lat' dir='ltr'>uon</span> <span class='ocrx_word' id='word_1_198' title='bbox 992 1642 1103 1668; x_wconf 75' lang='lat' dir='ltr'>tamen</span> <span class='ocrx_word' id='word_1_199' title='bbox 1119 1638 1207 1677; x_wconf 87' lang='lat' dir='ltr'>ideo,</span> <span class='ocrx_word' id='word_1_200' title='bbox 1223 1637 1303 1677; x_wconf 85' lang='lat' dir='ltr'>quia</span> <span class='ocrx_word' id='word_1_201' title='bbox 1320 1642 1370 1668; x_wconf 84' lang='lat' dir='ltr'>est</span> <span class='ocrx_word' id='word_1_202' title='bbox 1385 1636 1522 1666; x_wconf 78' lang='lat' dir='ltr'>Phorm.</span> <span class='ocrx_word' id='word_1_203' title='bbox 1534 1644 1569 1665; x_wconf 89' lang='lat' dir='ltr'>v.</span> <span class='ocrx_word' id='word_1_204' title='bbox 1585 1638 1616 1665; x_wconf 87' lang='grc'>6.</span> <span class='ocrx_word' id='word_1_205' title='bbox 1633 1636 1687 1665; x_wconf 91' lang='grc'>14.</span> <span class='ocrx_word' id='word_1_206' title='bbox 1704 1635 1713 1651; x_wconf 90' lang='lat'>‘</span> <span class='ocrx_word' id='word_1_207' title='bbox 1729 1633 1815 1664; x_wconf 83' lang='lat' dir='ltr'>Nam</span> 
     </span>
     <span class='ocr_line' id='line_1_24' title="bbox 362 1675 1818 1721; baseline -0.001 -14"><span class='ocrx_word' id='word_1_208' title='bbox 362 1677 434 1708; x_wconf 84' lang='lat' dir='ltr'>sine</span> <span class='ocrx_word' id='word_1_209' title='bbox 452 1679 688 1709; x_wconf 74' lang='lat' dir='ltr'>controversia</span> <span class='ocrx_word' id='word_1_210' title='bbox 704 1679 746 1710; x_wconf 80' lang='lat' dir='ltr'>ab</span> <span class='ocrx_word' id='word_1_211' title='bbox 764 1680 826 1710; x_wconf 87' lang='lat' dir='ltr'>Dis</span> <span class='ocrx_word' id='word_1_212' title='bbox 849 1680 939 1710; x_wconf 86' lang='lat' dir='ltr'>solus</span> <span class='ocrx_word' id='word_1_213' title='bbox 964 1680 1120 1721; x_wconf 73' lang='lat' dir='ltr'>dingere,</span> <span class='ocrx_word' id='word_1_214' title='bbox 1143 1680 1295 1720; x_wconf 73' lang='lat' dir='ltr'>Antipho</span> <span class='ocrx_word' id='word_1_215' title='bbox 1311 1679 1331 1710; x_wconf 89' lang='lat'>:&#39;</span> <span class='ocrx_word' id='word_1_216' title='bbox 1355 1678 1414 1710; x_wconf 88' lang='lat' dir='ltr'>sed</span> <span class='ocrx_word' id='word_1_217' title='bbox 1431 1679 1511 1720; x_wconf 86' lang='lat' dir='ltr'>quia</span> <span class='ocrx_word' id='word_1_218' title='bbox 1526 1686 1591 1708; x_wconf 89' lang='lat' dir='ltr'>non</span> <span class='ocrx_word' id='word_1_219' title='bbox 1609 1682 1678 1707; x_wconf 76' lang='lat' dir='ltr'>tam</span> <span class='ocrx_word' id='word_1_220' title='bbox 1694 1675 1818 1707; x_wconf 79' lang='lat' dir='ltr'>infanti</span> 
     </span>
     <span class='ocr_line' id='line_1_25' title="bbox 361 1719 1817 1763; baseline -0.001 -13"><span class='ocrx_word' id='word_1_221' title='bbox 361 1721 425 1750; x_wconf 80' lang='lat' dir='ltr'>hoe</span> <span class='ocrx_word' id='word_1_222' title='bbox 438 1722 615 1760; x_wconf 85' lang='lat' dir='ltr'>convenit,</span> <span class='ocrx_word' id='word_1_223' title='bbox 629 1732 729 1762; x_wconf 85' lang='lat' dir='ltr'>qnam</span> <span class='ocrx_word' id='word_1_224' title='bbox 747 1722 849 1762; x_wconf 72' lang='lat' dir='ltr'>patri,</span> <span class='ocrx_word' id='word_1_225' title='bbox 875 1723 927 1753; x_wconf 85' lang='lat' dir='ltr'>cui</span> <span class='ocrx_word' id='word_1_226' title='bbox 943 1724 1056 1754; x_wconf 78' lang='lat' dir='ltr'>omnia</span> <span class='ocrx_word' id='word_1_227' title='bbox 1075 1724 1159 1754; x_wconf 86' lang='lat' dir='ltr'>bona</span> <span class='ocrx_word' id='word_1_228' title='bbox 1185 1729 1253 1754; x_wconf 83' lang='lat' dir='ltr'>tam</span> <span class='ocrx_word' id='word_1_229' title='bbox 1270 1722 1450 1763; x_wconf 83' lang='lat' dir='ltr'>repentino</span> <span class='ocrx_word' id='word_1_230' title='bbox 1464 1721 1694 1760; x_wconf 82' lang='lat' dir='ltr'>contigerunt.</span> <span class='ocrx_word' id='word_1_231' title='bbox 1741 1719 1817 1749; x_wconf 85' lang='lat' dir='ltr'>Hoc</span> 
     </span>
     <span class='ocr_line' id='line_1_26' title="bbox 362 1761 1819 1806; baseline -0.002 -13"><span class='ocrx_word' id='word_1_232' title='bbox 362 1769 475 1793; x_wconf 84' lang='lat' dir='ltr'>tamen</span> <span class='ocrx_word' id='word_1_233' title='bbox 495 1773 537 1794; x_wconf 86' lang='lat' dir='ltr'>ex</span> <span class='ocrx_word' id='word_1_234' title='bbox 555 1765 771 1795; x_wconf 73' lang='lat' dir='ltr'>Phormionis</span> <span class='ocrx_word' id='word_1_235' title='bbox 790 1766 864 1796; x_wconf 80' lang='lat' dir='ltr'>loco</span> <span class='ocrx_word' id='word_1_236' title='bbox 881 1766 968 1796; x_wconf 78' lang='lat' dir='ltr'>scire</span> <span class='ocrx_word' id='word_1_237' title='bbox 995 1767 1088 1802; x_wconf 71' lang='lat' dir='ltr'>licet,</span> <span class='ocrx_word' id='word_1_238' title='bbox 1111 1767 1260 1805; x_wconf 71' lang='lat' dir='ltr'>diligunt,</span> <span class='ocrx_word' id='word_1_239' title='bbox 1283 1765 1372 1806; x_wconf 84' lang='lat' dir='ltr'>quod</span> <span class='ocrx_word' id='word_1_240' title='bbox 1397 1774 1439 1795; x_wconf 86' lang='lat' dir='ltr'>ex</span> <span class='ocrx_word' id='word_1_241' title='bbox 1465 1764 1591 1794; x_wconf 81' lang='lat' dir='ltr'>nostris</span> <span class='ocrx_word' id='word_1_242' title='bbox 1617 1762 1747 1803; x_wconf 77' lang='lat' dir='ltr'>aliquot</span> <span class='ocrx_word' id='word_1_243' title='bbox 1764 1761 1819 1791; x_wconf 81' lang='lat' dir='ltr'>lia-</span> 
     </span>
     <span class='ocr_line' id='line_1_27' title="bbox 364 1803 1820 1848; baseline -0.001 -12"><span class='ocrx_word' id='word_1_244' title='bbox 364 1806 458 1844; x_wconf 80' lang='lat' dir='ltr'>bent,</span> <span class='ocrx_word' id='word_1_245' title='bbox 475 1817 539 1837; x_wconf 82' lang='lat' dir='ltr'>uon</span> <span class='ocrx_word' id='word_1_246' title='bbox 557 1808 693 1846; x_wconf 76' lang='lat' dir='ltr'>diligunt</span> <span class='ocrx_word' id='word_1_247' title='bbox 710 1809 903 1848; x_wconf 77' lang='lat' dir='ltr'>legendum.</span> <span class='ocrx_word' id='word_1_248' title='bbox 924 1809 1018 1840; x_wconf 77' lang='lat' dir='ltr'>Bent.</span> <span class='ocrx_word' id='word_1_249' title='bbox 1044 1810 1087 1839; x_wconf 81' lang='lat' dir='ltr'>Es</span> <span class='ocrx_word' id='word_1_250' title='bbox 1104 1810 1184 1839; x_wconf 71' lang='lat' dir='ltr'>daut</span> <span class='ocrx_word' id='word_1_251' title='bbox 1204 1809 1304 1839; x_wconf 63' lang='lat' dir='ltr'>Roth.</span> <span class='ocrx_word' id='word_1_252' title='bbox 1321 1808 1415 1838; x_wconf 85' lang='lat' dir='ltr'>Perl.</span> <span class='ocrx_word' id='word_1_253' title='bbox 1440 1807 1591 1845; x_wconf 77' lang='lat' dir='ltr'>Diligant</span> <span class='ocrx_word' id='word_1_254' title='bbox 1607 1806 1668 1836; x_wconf 72' lang='grc' dir='ltr'>ΒΓ.</span> <span class='ocrx_word' id='word_1_255' title='bbox 1685 1804 1725 1835; x_wconf 86' lang='grc' dir='ltr'>Ζ.</span> <span class='ocrx_word' id='word_1_256' title='bbox 1750 1803 1820 1834; x_wconf 79' lang='lat' dir='ltr'><strong><em>Sal-</em></strong></span> 
     </span>
     <span class='ocr_line' id='line_1_28' title="bbox 363 1845 1820 1889; baseline -0.002 -10"><span class='ocrx_word' id='word_1_257' title='bbox 363 1858 418 1879; x_wconf 76' lang='lat' dir='ltr'>rus</span> <span class='ocrx_word' id='word_1_258' title='bbox 437 1859 503 1880; x_wconf 80' lang='lat' dir='ltr'>sum</span> <span class='ocrx_word' id='word_1_259' title='bbox 518 1860 575 1889; x_wconf 80' lang='lat' dir='ltr'>ego</span> <span class='ocrx_word' id='word_1_260' title='bbox 590 1850 706 1881; x_wconf 81' lang='lat' dir='ltr'>Gueif.</span> <span class='ocrx_word' id='word_1_261' title='bbox 719 1854 839 1882; x_wconf 80' lang='lat'>2.—-10</span> <span class='ocrx_word' id='word_1_262' title='bbox 865 1851 1011 1883; x_wconf 79' lang='lat' dir='ltr'>Quidam</span> <span class='ocrx_word' id='word_1_263' title='bbox 1037 1853 1119 1882; x_wconf 74' lang='lat' dir='ltr'>mss.</span> <span class='ocrx_word' id='word_1_264' title='bbox 1145 1857 1180 1882; x_wconf 89' lang='lat' dir='ltr'>et</span> <span class='ocrx_word' id='word_1_265' title='bbox 1202 1852 1285 1881; x_wconf 83' lang='lat' dir='ltr'>editi</span> <span class='ocrx_word' id='word_1_266' title='bbox 1303 1849 1539 1888; x_wconf 76' lang='lat' dir='ltr'>vetustissimi,</span> <span class='ocrx_word' id='word_1_267' title='bbox 1562 1848 1664 1879; x_wconf 83' lang='lat' dir='ltr'><strong><em>Adibo</em></strong></span> <span class='ocrx_word' id='word_1_268' title='bbox 1681 1851 1711 1878; x_wconf 80' lang='lat' dir='ltr'>et</span> <span class='ocrx_word' id='word_1_269' title='bbox 1731 1845 1820 1877; x_wconf 77' lang='lat' dir='ltr'>colto-</span> 
     </span>
     <span class='ocr_line' id='line_1_29' title="bbox 364 1889 1821 1934; baseline -0.003 -12"><span class='ocrx_word' id='word_1_270' title='bbox 364 1901 453 1931; x_wconf 74' lang='grc' dir='ltr'>(μιαν.</span> <span class='ocrx_word' id='word_1_271' title='bbox 477 1893 575 1923; x_wconf 86' lang='lat' dir='ltr'>Bodl.</span> <span class='ocrx_word' id='word_1_272' title='bbox 594 1892 716 1923; x_wconf 71' lang='lat' dir='ltr'>Adibo.-</span> <span class='ocrx_word' id='word_1_273' title='bbox 739 1895 904 1934; x_wconf 82' lang='lat' dir='ltr'>colloquor.</span> <span class='ocrx_word' id='word_1_274' title='bbox 921 1895 1029 1925; x_wconf 79' lang='lat' dir='ltr'>West.</span> <span class='ocrx_word' id='word_1_275' title='bbox 1057 1895 1187 1925; x_wconf 77' lang='lat' dir='ltr'>Omnes</span> <span class='ocrx_word' id='word_1_276' title='bbox 1199 1899 1365 1934; x_wconf 78' lang='lat' dir='ltr'>quotquot</span> <span class='ocrx_word' id='word_1_277' title='bbox 1384 1897 1464 1923; x_wconf 79' lang='lat' dir='ltr'>sunt</span> <span class='ocrx_word' id='word_1_278' title='bbox 1476 1893 1501 1923; x_wconf 87' lang='lat' dir='ltr'>l.</span> <span class='ocrx_word' id='word_1_279' title='bbox 1515 1901 1541 1922; x_wconf 79' lang='lat' dir='ltr'>s,</span> <span class='ocrx_word' id='word_1_280' title='bbox 1556 1891 1723 1930; x_wconf 78' lang='lat' dir='ltr'>habent,o</span> <span class='ocrx_word' id='word_1_281' title='bbox 1739 1889 1821 1920; x_wconf 77' lang='lat' dir='ltr'><em>Cha-</em></span> 
     </span>
     <span class='ocr_line' id='line_1_30' title="bbox 364 1934 1823 1977; baseline -0.001 -14"><span class='ocrx_word' id='word_1_282' title='bbox 364 1934 441 1965; x_wconf 76' lang='lat' dir='ltr'>rine.</span> <span class='ocrx_word' id='word_1_283' title='bbox 468 1935 523 1966; x_wconf 79' lang='lat' dir='ltr'>Fa.</span> <span class='ocrx_word' id='word_1_284' title='bbox 571 1936 700 1972; x_wconf 78' lang='lat' dir='ltr'>velint,</span> <span class='ocrx_word' id='word_1_285' title='bbox 717 1936 824 1967; x_wconf 85' lang='lat' dir='ltr'>nolint</span> <span class='ocrx_word' id='word_1_286' title='bbox 850 1936 1010 1976; x_wconf 81' lang='lat' dir='ltr'>Librarii,</span> <span class='ocrx_word' id='word_1_287' title='bbox 1032 1937 1233 1977; x_wconf 60' lang='lat' dir='ltr'>ejiciendum</span> <span class='ocrx_word' id='word_1_288' title='bbox 1258 1941 1311 1967; x_wconf 83' lang='lat' dir='ltr'>est</span> <span class='ocrx_word' id='word_1_289' title='bbox 1331 1946 1361 1976; x_wconf 85' lang='lat' dir='ltr'>o,</span> <span class='ocrx_word' id='word_1_290' title='bbox 1384 1935 1472 1966; x_wconf 84' lang='lat' dir='ltr'>utin</span> <span class='ocrx_word' id='word_1_291' title='bbox 1490 1943 1585 1965; x_wconf 87' lang='lat' dir='ltr'>versu</span> <span class='ocrx_word' id='word_1_292' title='bbox 1601 1935 1767 1974; x_wconf 83' lang='lat' dir='ltr'>sequente</span> <span class='ocrx_word' id='word_1_293' title='bbox 1789 1941 1823 1970; x_wconf 82' lang='lat' dir='ltr'>u,</span> 
     </span>
     <span class='ocr_line' id='line_1_31' title="bbox 366 1975 1823 2020; baseline -0.001 -14"><span class='ocrx_word' id='word_1_294' title='bbox 366 1977 506 2018; x_wconf 76' lang='lat' dir='ltr'>Audisti,</span> <span class='ocrx_word' id='word_1_295' title='bbox 524 1987 589 2009; x_wconf 87' lang='lat' dir='ltr'>non</span> <span class='ocrx_word' id='word_1_296' title='bbox 603 1978 766 2010; x_wconf 77' lang='lat' dir='ltr'>Audistin.</span> <span class='ocrx_word' id='word_1_297' title='bbox 812 1979 916 2009; x_wconf 86' lang='lat' dir='ltr'>Ludit</span> <span class='ocrx_word' id='word_1_298' title='bbox 932 1980 1019 2009; x_wconf 80' lang='lat' dir='ltr'>enim</span> <span class='ocrx_word' id='word_1_299' title='bbox 1034 1989 1171 2020; x_wconf 82' lang='lat' dir='ltr'>operam</span> <span class='ocrx_word' id='word_1_300' title='bbox 1191 1980 1241 2009; x_wconf 84' lang='lat' dir='ltr'>vir</span> <span class='ocrx_word' id='word_1_301' title='bbox 1258 1979 1394 2015; x_wconf 82' lang='lat' dir='ltr'>doetus,</span> <span class='ocrx_word' id='word_1_302' title='bbox 1408 1987 1483 2008; x_wconf 87' lang='lat' dir='ltr'>cum</span> <span class='ocrx_word' id='word_1_303' title='bbox 1502 1986 1545 2007; x_wconf 84' lang='lat' dir='ltr'>ex</span> <span class='ocrx_word' id='word_1_304' title='bbox 1561 1986 1614 2015; x_wconf 76' lang='lat' dir='ltr'>eo,</span> <span class='ocrx_word' id='word_1_305' title='bbox 1638 1975 1729 2017; x_wconf 87' lang='lat' dir='ltr'>quod</span> <span class='ocrx_word' id='word_1_306' title='bbox 1749 1975 1823 2014; x_wconf 84' lang='lat' dir='ltr'>plu-</span> 
     </span>
     <span class='ocr_line' id='line_1_32' title="bbox 363 2017 1822 2062; baseline -0.002 -13"><span class='ocrx_word' id='word_1_307' title='bbox 363 2020 438 2049; x_wconf 82' lang='lat' dir='ltr'>rimi</span> <span class='ocrx_word' id='word_1_308' title='bbox 452 2021 587 2052; x_wconf 82' lang='lat' dir='ltr'>codices</span> <span class='ocrx_word' id='word_1_309' title='bbox 604 2022 765 2061; x_wconf 78' lang='lat' dir='ltr'>habeant,</span> <span class='ocrx_word' id='word_1_310' title='bbox 782 2021 882 2052; x_wconf 75' lang='lat' dir='ltr'>Adibo</span> <span class='ocrx_word' id='word_1_311' title='bbox 895 2025 924 2052; x_wconf 84' lang='lat' dir='ltr'>et</span> <span class='ocrx_word' id='word_1_312' title='bbox 938 2023 1103 2062; x_wconf 73' lang='lat' dir='ltr'>colloquar.</span> <span class='ocrx_word' id='word_1_313' title='bbox 1153 2023 1232 2058; x_wconf 79' lang='lat' dir='ltr'>Quis</span> <span class='ocrx_word' id='word_1_314' title='bbox 1245 2019 1390 2052; x_wconf 80' lang='lat' dir='ltr'>homost?</span> <span class='ocrx_word' id='word_1_315' title='bbox 1413 2021 1541 2051; x_wconf 85' lang='lat' dir='ltr'>mavult</span> <span class='ocrx_word' id='word_1_316' title='bbox 1558 2018 1650 2059; x_wconf 82' lang='lat' dir='ltr'><strong>ejici,</strong></span> <span class='ocrx_word' id='word_1_317' title='bbox 1674 2018 1719 2048; x_wconf 85' lang='lat' dir='ltr'>Et</span> <span class='ocrx_word' id='word_1_318' title='bbox 1731 2017 1822 2047; x_wconf 80' lang='lat' dir='ltr'>colto-</span> 
     </span>
     <span class='ocr_line' id='line_1_33' title="bbox 364 2060 1822 2104; baseline -0.002 -12"><span class='ocrx_word' id='word_1_319' title='bbox 364 2071 459 2102; x_wconf 66' lang='grc' dir='ltr'><em>(μανι</em></span> <span class='ocrx_word' id='word_1_320' title='bbox 487 2068 522 2094; x_wconf 85' lang='lat' dir='ltr'>et</span> <span class='ocrx_word' id='word_1_321' title='bbox 548 2064 581 2094; x_wconf 88' lang='lat' dir='ltr'>in</span> <span class='ocrx_word' id='word_1_322' title='bbox 609 2070 740 2095; x_wconf 75' lang='lat' dir='ltr'>textum</span> <span class='ocrx_word' id='word_1_323' title='bbox 769 2065 892 2104; x_wconf 82' lang='lat' dir='ltr'>recipi,</span> <span class='ocrx_word' id='word_1_324' title='bbox 914 2065 1027 2095; x_wconf 81' lang='lat' dir='ltr'><strong><em>Adibo.</em></strong></span> <span class='ocrx_word' id='word_1_325' title='bbox 1076 2065 1154 2101; x_wconf 74' lang='lat' dir='ltr'>Quis</span> <span class='ocrx_word' id='word_1_326' title='bbox 1169 2062 1309 2095; x_wconf 82' lang='lat' dir='ltr'>homost?</span> <span class='ocrx_word' id='word_1_327' title='bbox 1332 2074 1349 2094; x_wconf 90' lang='grc' dir='ltr'><strong><em>ο</em></strong></span> <span class='ocrx_word' id='word_1_328' title='bbox 1370 2063 1518 2094; x_wconf 76' lang='lat' dir='ltr'>Charine.</span> <span class='ocrx_word' id='word_1_329' title='bbox 1548 2061 1652 2092; x_wconf 83' lang='lat' dir='ltr'>Bent.</span> <span class='ocrx_word' id='word_1_330' title='bbox 1675 2060 1777 2091; x_wconf 76' lang='lat' dir='ltr'>Adibo</span> <span class='ocrx_word' id='word_1_331' title='bbox 1791 2062 1822 2089; x_wconf 83' lang='lat' dir='ltr'>et</span> 
     </span>
     <span class='ocr_line' id='line_1_34' title="bbox 364 2100 1823 2147; baseline -0.001 -13"><span class='ocrx_word' id='word_1_332' title='bbox 364 2106 516 2145; x_wconf 76' lang='lat' dir='ltr'>colloquar</span> <span class='ocrx_word' id='word_1_333' title='bbox 532 2107 571 2138; x_wconf 86' lang='lat' dir='ltr'>R.</span> <span class='ocrx_word' id='word_1_334' title='bbox 601 2107 653 2147; x_wconf 80' lang='lat' dir='ltr'>[et</span> <span class='ocrx_word' id='word_1_335' title='bbox 677 2107 753 2146; x_wconf 60' lang='lat' dir='ltr'>Biz]</span> <span class='ocrx_word' id='word_1_336' title='bbox 776 2107 871 2138; x_wconf 82' lang='lat' dir='ltr'>Liml.</span> <span class='ocrx_word' id='word_1_337' title='bbox 905 2108 934 2137; x_wconf 88' lang='grc' dir='ltr'><strong>Ο</strong></span> <span class='ocrx_word' id='word_1_338' title='bbox 950 2108 1066 2138; x_wconf 80' lang='lat' dir='ltr'>delent</span> <span class='ocrx_word' id='word_1_339' title='bbox 1081 2108 1184 2138; x_wconf 83' lang='lat' dir='ltr'>Both.</span> <span class='ocrx_word' id='word_1_340' title='bbox 1210 2108 1302 2138; x_wconf 81' lang='lat' dir='ltr'>Peri.</span> <span class='ocrx_word' id='word_1_341' title='bbox 1318 2107 1373 2146; x_wconf 84' lang='lat' dir='ltr'>qui</span> <span class='ocrx_word' id='word_1_342' title='bbox 1392 2109 1507 2136; x_wconf 84' lang='lat' dir='ltr'>monet</span> <span class='ocrx_word' id='word_1_343' title='bbox 1522 2114 1597 2136; x_wconf 87' lang='lat' dir='ltr'>esse</span> <span class='ocrx_word' id='word_1_344' title='bbox 1613 2104 1648 2134; x_wconf 85' lang='lat' dir='ltr'>in</span> <span class='ocrx_word' id='word_1_345' title='bbox 1663 2100 1780 2134; x_wconf 84' lang='lat' dir='ltr'>Guelf.</span> <span class='ocrx_word' id='word_1_346' title='bbox 1793 2104 1823 2133; x_wconf 84' lang='grc'>3.</span> 
     </span>
     <span class='ocr_line' id='line_1_35' title="bbox 367 2144 1826 2191; baseline -0.002 -14"><span class='ocrx_word' id='word_1_347' title='bbox 367 2148 451 2178; x_wconf 82' lang='lat' dir='ltr'>Mihi</span> <span class='ocrx_word' id='word_1_348' title='bbox 479 2149 608 2180; x_wconf 81' lang='lat' dir='ltr'>omittit</span> <span class='ocrx_word' id='word_1_349' title='bbox 637 2151 779 2181; x_wconf 83' lang='lat' dir='ltr'>B1·.—ll</span> <span class='ocrx_word' id='word_1_350' title='bbox 816 2150 898 2180; x_wconf 82' lang='lat' dir='ltr'>Hem</span> <span class='ocrx_word' id='word_1_351' title='bbox 916 2148 1092 2182; x_wconf 76' lang='lat' dir='ltr'>audistin’?</span> <span class='ocrx_word' id='word_1_352' title='bbox 1119 2149 1235 2191; x_wconf 89' lang='lat' dir='ltr'>Aliqui</span> <span class='ocrx_word' id='word_1_353' title='bbox 1260 2150 1352 2187; x_wconf 83' lang='lat' dir='ltr'>libri,</span> <span class='ocrx_word' id='word_1_354' title='bbox 1369 2149 1458 2179; x_wconf 84' lang='lat' dir='ltr'>inter</span> <span class='ocrx_word' id='word_1_355' title='bbox 1473 2157 1557 2188; x_wconf 89' lang='lat' dir='ltr'>quos</span> <span class='ocrx_word' id='word_1_356' title='bbox 1574 2147 1673 2177; x_wconf 87' lang='lat' dir='ltr'>Bem.</span> <span class='ocrx_word' id='word_1_357' title='bbox 1685 2154 1752 2176; x_wconf 91' lang='lat' dir='ltr'>nou</span> <span class='ocrx_word' id='word_1_358' title='bbox 1768 2144 1826 2174; x_wconf 84' lang='lat' dir='ltr'>ha-</span> 
     </span>
     <span class='ocr_line' id='line_1_36' title="bbox 367 2187 1825 2232; baseline -0.003 -11"><span class='ocrx_word' id='word_1_359' title='bbox 367 2190 451 2222; x_wconf 82' lang='lat' dir='ltr'>bent</span> <span class='ocrx_word' id='word_1_360' title='bbox 479 2192 573 2223; x_wconf 89' lang='lat' dir='ltr'><em>Hem.</em></span> <span class='ocrx_word' id='word_1_361' title='bbox 620 2193 674 2223; x_wconf 82' lang='lat' dir='ltr'>Me</span> <span class='ocrx_word' id='word_1_362' title='bbox 690 2193 724 2223; x_wconf 81' lang='lat' dir='ltr'>in</span> <span class='ocrx_word' id='word_1_363' title='bbox 739 2193 900 2223; x_wconf 79' lang='lat' dir='ltr'>secundis.-</span> <span class='ocrx_word' id='word_1_364' title='bbox 928 2193 1018 2223; x_wconf 77' lang='lat' dir='ltr'>Libri</span> <span class='ocrx_word' id='word_1_365' title='bbox 1037 2194 1176 2232; x_wconf 86' lang='lat' dir='ltr'>vetusti,</span> <span class='ocrx_word' id='word_1_366' title='bbox 1192 2203 1238 2224; x_wconf 83' lang='lat' dir='ltr'>me</span> <span class='ocrx_word' id='word_1_367' title='bbox 1255 2194 1287 2223; x_wconf 79' lang='lat' dir='ltr'>in</span> <span class='ocrx_word' id='word_1_368' title='bbox 1300 2193 1362 2223; x_wconf 79' lang='lat' dir='ltr'>tuis</span> <span class='ocrx_word' id='word_1_369' title='bbox 1374 2191 1526 2222; x_wconf 82' lang='lat' dir='ltr'>secundis.</span> <span class='ocrx_word' id='word_1_370' title='bbox 1570 2189 1739 2227; x_wconf 81' lang='lat' dir='ltr'>Donatus,</span> <span class='ocrx_word' id='word_1_371' title='bbox 1760 2187 1825 2218; x_wconf 77' lang='lat' dir='ltr'>tuis</span> 
     </span>
     <span class='ocr_line' id='line_1_37' title="bbox 366 2233 1824 2277; baseline -0.003 -14"><span class='ocrx_word' id='word_1_372' title='bbox 366 2235 509 2265; x_wconf 80' lang='lat' dir='ltr'>secundis</span> <span class='ocrx_word' id='word_1_373' title='bbox 525 2234 632 2265; x_wconf 81' lang='lat' dir='ltr'>rebus.-</span> <span class='ocrx_word' id='word_1_374' title='bbox 655 2236 746 2276; x_wconf 84' lang='lat' dir='ltr'>quod</span> <span class='ocrx_word' id='word_1_375' title='bbox 765 2242 878 2266; x_wconf 73' lang='lat' dir='ltr'>tamen</span> <span class='ocrx_word' id='word_1_376' title='bbox 900 2236 983 2266; x_wconf 82' lang='lat' dir='ltr'>dicit</span> <span class='ocrx_word' id='word_1_377' title='bbox 999 2245 1073 2267; x_wconf 83' lang='lat' dir='ltr'>esse</span> <span class='ocrx_word' id='word_1_378' title='bbox 1090 2246 1132 2266; x_wconf 85' lang='lat' dir='ltr'>ex</span> <span class='ocrx_word' id='word_1_379' title='bbox 1152 2237 1204 2274; x_wconf 89' lang='lat' dir='ltr'>iis,</span> <span class='ocrx_word' id='word_1_380' title='bbox 1221 2245 1296 2277; x_wconf 81' lang='lat' dir='ltr'>quae</span> <span class='ocrx_word' id='word_1_381' title='bbox 1315 2235 1473 2265; x_wconf 78' lang='lat' dir='ltr'>absolute</span> <span class='ocrx_word' id='word_1_382' title='bbox 1491 2233 1669 2271; x_wconf 84' lang='lat' dir='ltr'>dicuntur3</span> <span class='ocrx_word' id='word_1_383' title='bbox 1691 2240 1733 2261; x_wconf 84' lang='lat' dir='ltr'>ex</span> <span class='ocrx_word' id='word_1_384' title='bbox 1759 2238 1824 2270; x_wconf 85' lang='lat' dir='ltr'>quo</span> 
     </span>
     <span class='ocr_line' id='line_1_38' title="bbox 369 2272 1822 2318; baseline -0.003 -12"><span class='ocrx_word' id='word_1_385' title='bbox 369 2282 514 2316; x_wconf 80' lang='lat' dir='ltr'>apparet</span> <span class='ocrx_word' id='word_1_386' title='bbox 528 2287 602 2308; x_wconf 86' lang='lat' dir='ltr'>eum</span> <span class='ocrx_word' id='word_1_387' title='bbox 624 2278 753 2318; x_wconf 73' lang='lat' dir='ltr'>legere,</span> <span class='ocrx_word' id='word_1_388' title='bbox 776 2279 808 2309; x_wconf 80' lang='lat' dir='ltr'>in</span> <span class='ocrx_word' id='word_1_389' title='bbox 825 2280 888 2308; x_wconf 81' lang='lat' dir='ltr'>tuis</span> <span class='ocrx_word' id='word_1_390' title='bbox 903 2278 1063 2310; x_wconf 75' lang='lat' dir='ltr'>secundis.-</span> <span class='ocrx_word' id='word_1_391' title='bbox 1093 2288 1182 2318; x_wconf 86' lang='lat' dir='ltr'>nam,</span> <span class='ocrx_word' id='word_1_392' title='bbox 1201 2279 1226 2308; x_wconf 80' lang='lat' dir='ltr'>si</span> <span class='ocrx_word' id='word_1_393' title='bbox 1246 2277 1430 2308; x_wconf 83' lang='lat' dir='ltr'>adderetur</span> <span class='ocrx_word' id='word_1_394' title='bbox 1448 2275 1550 2314; x_wconf 83' lang='lat' dir='ltr'>rebus,</span> <span class='ocrx_word' id='word_1_395' title='bbox 1572 2284 1639 2305; x_wconf 89' lang='lat' dir='ltr'>non</span> <span class='ocrx_word' id='word_1_396' title='bbox 1656 2277 1747 2304; x_wconf 84' lang='lat' dir='ltr'>esset</span> <span class='ocrx_word' id='word_1_397' title='bbox 1764 2272 1822 2303; x_wconf 88' lang='lat' dir='ltr'>ab·</span> 
     </span>
     <span class='ocr_line' id='line_1_39' title="bbox 368 2318 1824 2358; baseline -0.001 -10"><span class='ocrx_word' id='word_1_398' title='bbox 368 2320 525 2350; x_wconf 82' lang='lat' dir='ltr'>soiutum.</span> <span class='ocrx_word' id='word_1_399' title='bbox 572 2321 662 2351; x_wconf 84' lang='lat' dir='ltr'>Sane</span> <span class='ocrx_word' id='word_1_400' title='bbox 680 2331 796 2352; x_wconf 75' lang='lat' dir='ltr'>versus</span> <span class='ocrx_word' id='word_1_401' title='bbox 814 2321 867 2352; x_wconf 85' lang='lat' dir='ltr'>hic</span> <span class='ocrx_word' id='word_1_402' title='bbox 885 2326 938 2351; x_wconf 81' lang='lat' dir='ltr'>est</span> <span class='ocrx_word' id='word_1_403' title='bbox 962 2322 1160 2352; x_wconf 80' lang='lat' dir='ltr'>octonarius</span> <span class='ocrx_word' id='word_1_404' title='bbox 1185 2321 1350 2352; x_wconf 85' lang='lat' dir='ltr'>iambicus</span> <span class='ocrx_word' id='word_1_405' title='bbox 1370 2330 1378 2358; x_wconf 92' lang='lat'>;</span> <span class='ocrx_word' id='word_1_406' title='bbox 1402 2320 1429 2350; x_wconf 81' lang='lat' dir='ltr'>si</span> <span class='ocrx_word' id='word_1_407' title='bbox 1454 2327 1533 2349; x_wconf 80' lang='lat' dir='ltr'>vero</span> <span class='ocrx_word' id='word_1_408' title='bbox 1558 2318 1743 2358; x_wconf 83' lang='lat' dir='ltr'>legeretur,</span> <span class='ocrx_word' id='word_1_409' title='bbox 1769 2325 1824 2345; x_wconf 81' lang='lat' dir='ltr'>au-</span> 
     </span>
     <span class='ocr_line' id='line_1_40' title="bbox 368 2360 1824 2406; baseline -0.003 -15"><span class='ocrx_word' id='word_1_410' title='bbox 368 2360 471 2393; x_wconf 71' lang='lat' dir='ltr'>disti?</span> <span class='ocrx_word' id='word_1_411' title='bbox 494 2368 585 2393; x_wconf 85' lang='lat' dir='ltr'>esset</span> <span class='ocrx_word' id='word_1_412' title='bbox 613 2364 815 2402; x_wconf 75' lang='lat' dir='ltr'>trochaicus,</span> <span class='ocrx_word' id='word_1_413' title='bbox 840 2368 877 2395; x_wconf 88' lang='lat' dir='ltr'>ut</span> <span class='ocrx_word' id='word_1_414' title='bbox 894 2364 1019 2395; x_wconf 78' lang='lat' dir='ltr'>ceteri:</span> <span class='ocrx_word' id='word_1_415' title='bbox 1046 2365 1135 2406; x_wconf 88' lang='lat' dir='ltr'>quod</span> <span class='ocrx_word' id='word_1_416' title='bbox 1162 2368 1197 2395; x_wconf 90' lang='lat' dir='ltr'>et</span> <span class='ocrx_word' id='word_1_417' title='bbox 1219 2364 1347 2404; x_wconf 86' lang='lat' dir='ltr'>placet.</span> <span class='ocrx_word' id='word_1_418' title='bbox 1372 2363 1432 2394; x_wconf 82' lang='lat' dir='ltr'>Fa.</span> <span class='ocrx_word' id='word_1_419' title='bbox 1478 2361 1602 2392; x_wconf 78' lang='lat' dir='ltr'>Plures</span> <span class='ocrx_word' id='word_1_420' title='bbox 1625 2368 1757 2401; x_wconf 88' lang='lat' dir='ltr'>quoque</span> <span class='ocrx_word' id='word_1_421' title='bbox 1784 2367 1824 2388; x_wconf 80' lang='lat' dir='ltr'>ex</span> 
     </span>
     <span class='ocr_line' id='line_1_41' title="bbox 368 2399 1826 2445; baseline -0.001 -11"><span class='ocrx_word' id='word_1_422' title='bbox 368 2404 493 2434; x_wconf 73' lang='lat' dir='ltr'>nostris</span> <span class='ocrx_word' id='word_1_423' title='bbox 519 2414 584 2436; x_wconf 85' lang='lat' dir='ltr'>nou</span> <span class='ocrx_word' id='word_1_424' title='bbox 609 2406 736 2437; x_wconf 78' lang='lat' dir='ltr'>liabent</span> <span class='ocrx_word' id='word_1_425' title='bbox 766 2407 861 2437; x_wconf 86' lang='lat' dir='ltr'><em>Hem.</em></span> <span class='ocrx_word' id='word_1_426' title='bbox 890 2406 993 2437; x_wconf 85' lang='lat' dir='ltr'>Bent.</span> <span class='ocrx_word' id='word_1_427' title='bbox 1018 2407 1149 2438; x_wconf 78' lang='lat' dir='ltr'>Audisti</span> <span class='ocrx_word' id='word_1_428' title='bbox 1172 2408 1290 2445; x_wconf 83' lang='lat' dir='ltr'>legunt</span> <span class='ocrx_word' id='word_1_429' title='bbox 1314 2405 1417 2436; x_wconf 75' lang='lat' dir='ltr'>Both.</span> <span class='ocrx_word' id='word_1_430' title='bbox 1440 2404 1534 2435; x_wconf 77' lang='lat' dir='ltr'>Peri.</span> <span class='ocrx_word' id='word_1_431' title='bbox 1560 2403 1590 2434; x_wconf 90' lang='grc' dir='ltr'>Ο</span> <span class='ocrx_word' id='word_1_432' title='bbox 1612 2402 1686 2433; x_wconf 82' lang='lat' dir='ltr'>bene</span> <span class='ocrx_word' id='word_1_433' title='bbox 1709 2399 1826 2433; x_wconf 80' lang='lat' dir='ltr'>Guelf-</span> 
     </span>
     <span class='ocr_line' id='line_1_42' title="bbox 371 2445 1828 2490; baseline -0.001 -14"><span class='ocrx_word' id='word_1_434' title='bbox 371 2448 400 2477; x_wconf 83' lang='lat'>3.</span> <span class='ocrx_word' id='word_1_435' title='bbox 423 2447 630 2486; x_wconf 79' lang='lat' dir='ltr'>Benesactum</span> <span class='ocrx_word' id='word_1_436' title='bbox 655 2453 702 2480; x_wconf 83' lang='lat' dir='ltr'>est</span> <span class='ocrx_word' id='word_1_437' title='bbox 728 2452 760 2481; x_wconf 89' lang='grc'>2.</span> <span class='ocrx_word' id='word_1_438' title='bbox 785 2450 940 2490; x_wconf 77' lang='lat' dir='ltr'>Uterque</span> <span class='ocrx_word' id='word_1_439' title='bbox 958 2449 1017 2480; x_wconf 85' lang='lat' dir='ltr'>dat</span> <span class='ocrx_word' id='word_1_440' title='bbox 1041 2450 1136 2481; x_wconf 85' lang='lat' dir='ltr'>Hem.</span> <span class='ocrx_word' id='word_1_441' title='bbox 1176 2450 1237 2480; x_wconf 86' lang='lat' dir='ltr'>Em</span> <span class='ocrx_word' id='word_1_442' title='bbox 1254 2449 1314 2479; x_wconf 66' lang='grc' dir='ltr'>ΒΓ.</span> <span class='ocrx_word' id='word_1_443' title='bbox 1330 2454 1366 2479; x_wconf 91' lang='lat' dir='ltr'>et</span> <span class='ocrx_word' id='word_1_444' title='bbox 1381 2447 1521 2478; x_wconf 78' lang='lat' dir='ltr'>secundis</span> <span class='ocrx_word' id='word_1_445' title='bbox 1536 2445 1725 2478; x_wconf 61' lang='lat' dir='ltr'>rebam—12</span> <span class='ocrx_word' id='word_1_446' title='bbox 1748 2446 1828 2475; x_wconf 85' lang='lat' dir='ltr'>Esse</span> 
     </span>
    </p>
   </div>
   <div class='ocr_carea' id='block_1_8' title="bbox 1027 2547 1171 2578">
    <p class='ocr_par' dir='ltr' id='par_1_10' title="bbox 1027 2547 1171 2578">
     <span class='ocr_line' id='line_1_43' title="bbox 1027 2547 1171 2578; baseline 0 0"><span class='ocrx_word' id='word_1_447' title='bbox 1027 2547 1171 2578; x_wconf 81' lang='lat' dir='ltr'>NOTAE</span> 
     </span>
    </p>
   </div>
   <div class='ocr_carea' id='block_1_9' title="bbox 373 2616 1827 2812">
    <p class='ocr_par' dir='ltr' id='par_1_11' title="bbox 373 2616 1827 2812">
     <span class='ocr_line' id='line_1_44' title="bbox 415 2616 1827 2662; baseline -0.001 -15"><span class='ocrx_word' id='word_1_448' title='bbox 415 2621 435 2647; x_wconf 83' lang='lat'><strong>9</strong></span> <span class='ocrx_word' id='word_1_449' title='bbox 459 2617 549 2649; x_wconf 75' lang='lat' dir='ltr'>Solus</span> <span class='ocrx_word' id='word_1_450' title='bbox 571 2622 628 2659; x_wconf 77' lang='lat' dir='ltr'>ese,</span> <span class='ocrx_word' id='word_1_451' title='bbox 654 2630 742 2660; x_wconf 81' lang='lat' dir='ltr'>quem</span> <span class='ocrx_word' id='word_1_452' title='bbox 757 2621 892 2661; x_wconf 72' lang='lat' dir='ltr'>diligunt</span> <span class='ocrx_word' id='word_1_453' title='bbox 908 2621 970 2661; x_wconf 82' lang='lat' dir='ltr'>Di]</span> <span class='ocrx_word' id='word_1_454' title='bbox 999 2621 1071 2662; x_wconf 88' lang='lat' dir='ltr'>Hy·</span> <span class='ocrx_word' id='word_1_455' title='bbox 1126 2621 1263 2652; x_wconf 86' lang='lat' dir='ltr'>bulatur</span> <span class='ocrx_word' id='word_1_456' title='bbox 1288 2619 1494 2661; x_wconf 85' lang='lat' dir='ltr'>Antiquitas,</span> <span class='ocrx_word' id='word_1_457' title='bbox 1510 2622 1547 2649; x_wconf 89' lang='lat' dir='ltr'>ut</span> <span class='ocrx_word' id='word_1_458' title='bbox 1565 2616 1749 2648; x_wconf 82' lang='lat' dir='ltr'>Herculem</span> <span class='ocrx_word' id='word_1_459' title='bbox 1767 2616 1827 2647; x_wconf 89' lang='lat' dir='ltr'>Jo-</span> 
     </span>
     <span class='ocr_line' id='line_1_45' title="bbox 373 2666 1827 2712; baseline -0.001 -14"><span class='ocrx_word' id='word_1_460' title='bbox 373 2669 514 2709; x_wconf 83' lang='lat' dir='ltr'>pei-bole</span> <span class='ocrx_word' id='word_1_461' title='bbox 527 2669 569 2700; x_wconf 84' lang='lat' dir='ltr'>de</span> <span class='ocrx_word' id='word_1_462' title='bbox 591 2679 711 2711; x_wconf 83' lang='lat' dir='ltr'>magna</span> <span class='ocrx_word' id='word_1_463' title='bbox 734 2671 875 2712; x_wconf 87' lang='lat' dir='ltr'>alicujus</span> <span class='ocrx_word' id='word_1_464' title='bbox 892 2671 1071 2703; x_wconf 84' lang='lat' dir='ltr'>felicitate.</span> <span class='ocrx_word' id='word_1_465' title='bbox 1128 2672 1176 2702; x_wconf 83' lang='lat' dir='ltr'>vis</span> <span class='ocrx_word' id='word_1_466' title='bbox 1199 2671 1319 2710; x_wconf 85' lang='lat' dir='ltr'>filium,</span> <span class='ocrx_word' id='word_1_467' title='bbox 1342 2671 1480 2702; x_wconf 80' lang='lat' dir='ltr'>AEneam</span> <span class='ocrx_word' id='word_1_468' title='bbox 1506 2667 1665 2707; x_wconf 81' lang='lat' dir='ltr'>Veneris,</span> <span class='ocrx_word' id='word_1_469' title='bbox 1688 2666 1827 2698; x_wconf 83' lang='lat' dir='ltr'>multos-</span> 
     </span>
     <span class='ocr_line' id='line_1_46' title="bbox 373 2719 1304 2763; baseline 0.004 -14"><span class='ocrx_word' id='word_1_470' title='bbox 373 2719 530 2751; x_wconf 77' lang='lat' dir='ltr'>Illustres</span> <span class='ocrx_word' id='word_1_471' title='bbox 571 2731 721 2762; x_wconf 81' lang='lat' dir='ltr'>quosque</span> <span class='ocrx_word' id='word_1_472' title='bbox 759 2723 890 2754; x_wconf 79' lang='lat' dir='ltr'>Heroas</span> <span class='ocrx_word' id='word_1_473' title='bbox 922 2723 1072 2754; x_wconf 83' lang='lat' dir='ltr'>Deorum</span> <span class='ocrx_word' id='word_1_474' title='bbox 1129 2732 1194 2763; x_wconf 83' lang='lat' dir='ltr'>que</span> <span class='ocrx_word' id='word_1_475' title='bbox 1211 2722 1304 2753; x_wconf 77' lang='lat' dir='ltr'>alios.</span> 
     </span>
     <span class='ocr_line' id='line_1_47' title="bbox 373 2768 1072 2812; baseline 0.009 -13"><span class='ocrx_word' id='word_1_476' title='bbox 373 2768 470 2810; x_wconf 75' lang='lat' dir='ltr'>filios,</span> <span class='ocrx_word' id='word_1_477' title='bbox 502 2778 676 2812; x_wconf 70' lang='lat' dir='ltr'>cognatm,</span> <span class='ocrx_word' id='word_1_478' title='bbox 701 2777 735 2803; x_wconf 78' lang='lat' dir='ltr'>et</span> <span class='ocrx_word' id='word_1_479' title='bbox 753 2773 875 2804; x_wconf 78' lang='lat' dir='ltr'>amicos</span> <span class='ocrx_word' id='word_1_480' title='bbox 904 2773 1006 2805; x_wconf 81' lang='lat' dir='ltr'>fnisse</span> <span class='ocrx_word' id='word_1_481' title='bbox 1024 2773 1072 2804; x_wconf 78' lang='lat' dir='ltr'>fa—</span> 
     </span>
    </p>
   </div>
  </div>
 </body>
</html>
