1903 3306
363 225 447 266 174
766 231 1050 263 JOACfflMUS
1082 231 1412 262 CAMERARiUS

363 330 553 380 corruptis
587 327 785 379 exemplis,
816 335 855 365 et
882 329 918 365 in
954 326 1124 363 metricae
1151 337 1396 375 nequaquam
1417 331 1555 363 exacta
1575 325 1811 375 cognitione,

362 394 458 431 nihil
490 406 663 438 necesse,
697 392 757 429 vel
790 392 919 442 potius
954 389 1186 427 curiositatis
1220 388 1294 425 hoc
1325 388 1452 434 fuerit,
1481 388 1559 426 otio
1580 400 1656 425 non
1677 388 1812 427 admo-

363 458 456 495 dum
476 457 683 495 liberaliter
703 454 911 493 abutentis.
970 453 1147 489 Confusa
1176 452 1347 502 quidem,
1379 452 1418 489 id
1448 458 1520 498 est,
1553 456 1813 504 συγκεχυμένα

362 526 477 571 μέτρα
496 519 661 570 plurima
682 531 768 556 sese
789 517 955 555 offerunt
985 515 1128 566 passim
1161 522 1241 552 tam
1273 514 1312 551 in
1348 514 1502 561 Plauto,
1536 527 1652 566 quam
1672 516 1815 553 Teren-

364 585 444 622 tio:
484 584 522 620 in
556 584 696 634 quibus
728 582 876 621 iambus
913 586 953 617 et
987 579 1194 623 trochaeus,
1229 586 1268 616 et
1301 578 1363 616 alii
1395 578 1515 629 pedes
1549 578 1812 629 ingredientes

362 649 448 686 haec
467 654 602 691 metra,
632 646 873 684 collocantur
892 643 1125 695 promiscue.
1183 641 1300 686 Quod
1322 650 1450 680 autem
1472 641 1522 680 ad
1542 645 1755 689 καταλήξεις
1775 649 1815 681 et

365 711 706 763 βραχυκαταλήξεις
725 716 764 747 et
794 710 1095 758 ὑπερκαταλήξεις
1129 707 1279 753 attinet,
1310 706 1359 744 de
1392 719 1439 744 eo
1470 706 1596 757 magis
1626 706 1816 757 suspicari

363 788 586 827 possumuS,
616 786 733 825 quam
763 772 857 810 certi
887 772 1034 823 aliquid
1065 771 1344 809 demonstrare.
1400 770 1478 813 Qui
1507 776 1637 808 tamen
1667 771 1815 821 cogita-

363 841 469 878 tione
489 852 565 876 non
588 837 764 876 illiberali
783 837 842 874 his
863 835 911 873 de
931 836 1046 874 rebus
1068 847 1153 872 sese
1174 846 1364 886 occupare
1379 833 1585 880 voluerint,
1605 833 1630 870 ii
1649 834 1816 886 primum

365 902 417 940 ad
449 901 669 953 exemplum
706 899 863 951 aliquod
900 900 1088 938 rationem
1121 911 1367 937 numerorum
1403 899 1441 935 in
1475 898 1650 936 versibus
1684 897 1817 936 confe-

367 972 466 1011 rent,
495 971 534 1002 et
564 966 619 1002 ita
652 964 916 1002 informabunt
949 963 1076 1001 animo
1107 962 1432 1014 qualemcumque
1450 961 1647 1000 notionem
1666 960 1816 1000 horum.

367 1029 541 1067 Ponatur
561 1028 676 1079 igitur
688 1027 776 1066 hoc.
823 1027 1016 1064 Numeros
1032 1039 1119 1064 esse
1134 1033 1245 1077 aptos
1258 1027 1450 1077 quosdam
1468 1033 1507 1064 et
1527 1025 1817 1071 determinatos,

366 1099 407 1131 et
427 1098 713 1130 consentaneos
749 1103 866 1128 sonos
899 1090 1002 1128 vocis
1038 1090 1232 1129 humanae.
1290 1089 1343 1127 Hi
1370 1102 1459 1127 cum
1492 1089 1531 1126 in
1551 1100 1646 1127 voce
1680 1096 1820 1126 natura

366 1157 501 1202 insint,
531 1156 569 1193 in
602 1155 776 1193 oratione
796 1167 952 1205 quoque
972 1153 1102 1191 inesse
1132 1159 1298 1204 oportet.
1356 1152 1449 1199 Sed,
1481 1165 1569 1190 cum
1596 1152 1709 1190 abest
1726 1165 1821 1190 cura

367 1221 676 1272 compositionis,
697 1226 735 1258 et
754 1233 816 1258 ars
836 1219 1017 1270 quaedam
1038 1218 1157 1260 veluti
1185 1224 1402 1264 structurae,
1432 1216 1546 1255 facile
1573 1216 1628 1254 illi
1647 1223 1686 1254 et
1705 1216 1821 1254 dissi-

367 1292 509 1336 pantur
542 1290 581 1322 et
610 1283 857 1321 delitescunt.
915 1282 1043 1333 Atque
1070 1282 1145 1320 hoc
1179 1288 1240 1319 est
1258 1280 1364 1332 quod
1390 1279 1621 1318 Aristoteles
1640 1281 1821 1330 poemata

369 1355 507 1400 suapte
530 1354 668 1399 sponte
689 1347 877 1393 extitisse,
905 1353 944 1384 et
963 1347 1121 1384 fortuito
1141 1345 1332 1396 prodiisse
1352 1344 1419 1390 ait,
1448 1345 1530 1394 ipse
1551 1342 1821 1395 αὐτοσχεδιάσ-

368 1429 470 1464 ματα
489 1421 617 1450 vocat.
677 1411 774 1449 Haec
794 1410 1037 1449 concinnitas
1058 1409 1241 1460 quaedam
1267 1409 1305 1445 in
1326 1407 1504 1446 omnibus
1534 1406 1678 1458 linguis
1711 1419 1821 1457 repe-

368 1477 477 1522 ritur,
499 1476 549 1513 ad
569 1488 686 1526 quarn
705 1474 853 1513 aurium
873 1473 1145 1512 observatione
1167 1471 1352 1518 adhibita,
1381 1483 1514 1509 versus
1534 1471 1672 1516 extitit,
1692 1470 1822 1508 elabo-

368 1546 477 1578 ratus
499 1539 628 1578 studio
663 1545 700 1576 et
720 1545 800 1576 arte
835 1537 1123 1587 ingeniosorum
1157 1542 1197 1574 et
1216 1535 1418 1574 doctorum
1445 1535 1659 1580 hominum,
1679 1540 1719 1572 et
1738 1548 1824 1585 pro-

373 1617 488 1642 cessu
510 1610 724 1653 temporum
744 1603 797 1640 ita
818 1615 889 1639 suo
909 1602 1072 1652 quisque
1101 1601 1138 1637 in
1161 1613 1300 1651 genere
1327 1599 1538 1650 perfectus,
1569 1604 1613 1636 ut
1631 1598 1724 1635 nihil
1743 1599 1823 1636 fieri

371 1667 590 1718 elegantius
613 1678 738 1717 neque
771 1665 985 1717 pulchrius,
1021 1672 1088 1701 aut
1116 1664 1240 1714 magis
1261 1676 1445 1701 sonorum
1463 1668 1611 1713 posset.
1668 1662 1822 1700 Potest-

373 1745 448 1781 que
469 1730 517 1768 de
538 1730 680 1767 nostris
704 1728 919 1767 vernaculis
940 1727 1144 1766 cantilenis
1166 1727 1281 1764 etiam
1309 1726 1440 1777 aliquo
1471 1725 1588 1763 modo
1621 1725 1697 1764 hoc
1729 1738 1823 1776 cog-

371 1794 496 1839 nosci,
516 1791 735 1843 utquamvis
770 1793 866 1830 forte
898 1791 973 1829 hoc
1003 1791 1175 1841 ineptum
1199 1790 1386 1836 videatur,
1419 1789 1489 1828 sed
1509 1789 1547 1826 in
1568 1789 1709 1827 docere
1727 1788 1824 1826 fide-

371 1857 458 1894 liter
477 1857 657 1907 cupiente
677 1856 770 1893 nibil
805 1856 991 1906 ineptum,
1026 1855 1058 1892 si
1091 1855 1338 1892 conferamus
1363 1854 1449 1892 haec
1480 1853 1670 1891 nostratia
1689 1852 1738 1890 ad
1758 1852 1825 1890 illa

374 1920 547 1963 erudita;
578 1933 707 1957 nonne
732 1920 768 1957 in
790 1920 849 1956 his
871 1920 1044 1957 similiter
1064 1919 1344 1964 desinentibus,
1379 1932 1466 1968 quae
1487 1924 1660 1956 nostrum
1684 1917 1824 1967 vulgus

373 1984 573 2035 rhythmos
595 1983 779 2035 appellat,
802 1983 947 2034 aliquid
981 1982 1154 2020 iambicis
1177 1982 1336 2019 senariis
1359 1981 1482 2019 simile
1503 1979 1757 2031 agnoscitur?
1787 1986 1826 2018 et

373 2048 413 2084 in
433 2047 559 2085 modis
579 2047 818 2093 chorearum,
839 2047 951 2097 quasi
983 2046 1264 2097 anapaesticum
1283 2052 1343 2084 est
1369 2052 1407 2083 et
1440 2045 1658 2097 paeonicum
1690 2044 1823 2083 melos.

376 2111 454 2148 Sed
474 2117 513 2148 et
532 2111 570 2147 in
593 2111 722 2148 soluta
738 2111 910 2148 oratione
923 2110 1125 2161 diligentia
1144 2123 1247 2148 nunc
1266 2110 1487 2155 multorum,
1510 2116 1689 2147 accurate
1709 2110 1826 2146 verba

374 2187 629 2225 componens,
660 2175 831 2226 ῥύθμους,
860 2174 925 2224 qui
956 2181 1047 2212 sunt
1077 2174 1238 2219 numeri,
1276 2174 1407 2211 efficit.
1475 2173 1591 2211 Certo
1627 2179 1756 2210 autem
1787 2179 1827 2209 et

374 2239 489 2288 plane
523 2237 729 2276 ostendere
759 2238 901 2283 omnia,
936 2237 976 2274 id
1006 2250 1091 2275 esse
1119 2236 1307 2287 ejusmodi
1338 2243 1432 2287 puto
1457 2243 1501 2274 ut
1537 2235 1618 2274 fieri
1644 2242 1825 2286 nequeat,

375 2301 703 2353 quemadmodum
731 2308 770 2339 et
789 2302 825 2338 in
847 2300 945 2346 aliis,
966 2314 1053 2351 quae
1075 2314 1145 2338 usu
1166 2300 1317 2351 perdita
1345 2301 1514 2346 fuerunt,
1537 2299 1766 2338 instauratio
1787 2308 1826 2337 et

376 2366 569 2404 restitutio
596 2365 776 2403 absoluta
796 2365 1041 2416 desperanda
1060 2371 1133 2402 est.
1192 2364 1316 2402 Citius
1337 2365 1436 2402 enim
1457 2364 1549 2402 mihi
1571 2364 1710 2414 aliquis
1729 2363 1824 2400 illud

378 2429 616 2467 Hesiodeum
630 2429 846 2479 plaustrum
861 2429 1053 2479 lignorum
1068 2435 1224 2467 centum
1241 2429 1514 2472 construxerit,
1531 2440 1646 2478 quam
1668 2441 1826 2465 scenam

376 2493 452 2530 hoc
486 2499 657 2543 ternpore
691 2493 932 2543 explicuerit,
964 2493 1142 2531 omnibus
1174 2493 1347 2543 partibus
1381 2499 1420 2530 et
1449 2492 1616 2529 numeris
1651 2492 1744 2537 suis,
1784 2498 1827 2528 ut

378 2555 535 2601 dicitur,
556 2556 787 2594 absolutam.
848 2557 932 2594 Hoc
954 2562 1082 2593 tamen
1105 2556 1264 2593 dubium
1285 2569 1362 2593 non
1383 2563 1456 2601 est,
1477 2555 1514 2592 in
1532 2555 1676 2605 linguae
1698 2555 1827 2605 cujus-

378 2633 454 2669 que
468 2633 539 2656 usu
554 2620 901 2664 communi,harum
916 2634 1039 2658 rerum
1054 2620 1242 2658 rationem
1257 2620 1481 2665 consistere,
1496 2631 1573 2669 quo
1590 2618 1825 2657 labefactato

380 2691 447 2720 aut
469 2683 625 2728 amisso,
647 2683 711 2720 illa
732 2695 884 2732 quoque
915 2683 1069 2721 vacillet
1088 2690 1203 2733 atquc
1223 2682 1497 2728 confundatur,
1518 2682 1578 2719 vel
1599 2682 1727 2732 potius
1748 2695 1825 2720 non

382 2746 505 2796 magis
528 2752 724 2796 appareat,
760 2758 920 2784 neccsse
942 2753 1014 2784 est.
1072 2747 1143 2783 Est
1163 2754 1291 2784 autem
1322 2747 1358 2783 in
1394 2747 1497 2784 omni
1529 2759 1668 2797 genere
1690 2746 1827 2784 carmi-
