1903 3306
331 203 417 245 418
827 217 863 246 P.
899 217 1140 247 ΤΕΒΕΝΤΗ
1176 219 1292 249 AFRI

332 308 423 349 ΡΗ.
456 308 619 351 Munus
639 315 835 351 nostrum
857 315 1014 352 ornato
1032 312 1198 362 verbis,
1233 313 1351 367 quod
1374 315 1566 367 poteris;
1596 321 1640 357 et
1659 317 1789 358 istum

503 377 731 426 aemulum,

332 443 467 494 Quod
489 444 674 497 poteris,
697 444 753 484 ab
771 457 825 485 ea
844 445 1014 498 pellito.

329 510 420 552 PA.
454 510 658 561 Memini,
689 513 870 552 tametsi
906 513 1051 553 nullus
1083 525 1282 553 moneas.
1343 513 1434 554 ΡΗ.
1465 515 1561 568 Ego
1592 530 1665 557 rus
1698 518 1788 568 ibo,

501 583 635 631 atque
657 578 719 618 ibi
739 579 940 619 manebo.
1729 586 1787 626 10

329 644 418 686 PA.
451 644 637 686 Censeo.
699 645 788 687 PH.
835 646 925 687 Sed
956 646 1067 687 heus
1104 647 1179 689 tu!
1240 648 1328 689 PA.
1374 647 1496 699 Quid
1532 650 1634 692 vis?
1695 652 1787 692 ΡΗ.

323 762 330 767 ·
501 712 685 753 Censen’
707 725 841 766 posse
862 726 931 754 me
952 713 1199 765 obfirmare,

327 780 386 821 Et
419 780 607 834 perpeti,
642 793 697 820 ne
726 780 901 822 redeam
944 782 1145 823 interea?
1208 783 1296 825 PA.
1326 784 1476 825 Tene?
1518 798 1609 826 non
1642 785 1789 828 hercle

500 848 703 889 arbitror.

329 914 447 956 Nam
481 922 557 956 aut
583 915 677 969 jam
708 920 940 966 revertere,
969 919 1044 957 aut
1064 929 1169 958 mox
1191 921 1325 959 noctu
1345 922 1390 959 te
1413 917 1590 971 adigent
1609 918 1787 961 horsum

496 983 733 1024 insomnia.

327 1050 419 1091 PH.
453 1049 581 1104 Opus
599 1050 779 1101 faciam,
794 1055 846 1092 ut
859 1051 1075 1105 defetiger
1087 1065 1249 1105 usque,
1265 1052 1469 1105 ingratiis
1489 1058 1539 1095 ut
1559 1053 1787 1095 dormiam.

325 1118 417 1160 PA.
449 1117 674 1171 Vigilabis
695 1119 870 1161 lassus:
901 1119 988 1161 hoc
1016 1120 1120 1174 plus
1148 1120 1300 1161 facies.
1360 1120 1454 1162 ΡΗ.
1485 1121 1573 1172 Ah,
1592 1121 1699 1163 nihil
1721 1122 1788 1163 di-

497 1185 582 1235 ois,
603 1184 841 1227 Parmeno.
1528 1183 1535 1189 ’
1734 1191 1787 1231 15

323 1293 403 1322 cere,
417 1285 469 1315 sed
491 1285 638 1324 numquid
653 1285 737 1316 aliud
752 1283 826 1317 vis?
870 1285 942 1317 ΡΗ.
968 1286 1085 1316 Munus
1100 1288 1240 1316 nostrum
1256 1288 1434 1317 ornamento
1447 1285 1607 1316 verborum
1619 1286 1786 1327 pretiosius

316 1326 432 1366 facim,
458 1329 488 1358 et
504 1327 599 1358 istum
613 1329 742 1358 rivalem
760 1328 961 1366 Thrasonem,
987 1338 1076 1368 quam
1101 1329 1208 1368 procul
1231 1328 1361 1367 poteris,
1386 1328 1425 1359 ab
1448 1337 1484 1359 ea
1507 1332 1670 1360 removeto.
1716 1329 1784 1360 PA.

322 1369 494 1400 Memorem
509 1380 613 1401 mones
625 1381 635 1401 :
657 1371 691 1402 in
714 1371 816 1402 animo
830 1371 864 1402 ia
878 1371 986 1402 habeo.
1031 1371 1102 1402 ΡΗ.
1127 1371 1198 1408 Ego
1213 1371 1246 1400 in
1263 1371 1369 1401 villam
1383 1381 1431 1402 me
1451 1370 1619 1410 conferam,
1634 1375 1726 1412 alque
1740 1372 1788 1403 ibi

321 1412 477 1452 tantisper
499 1413 653 1452 morabor,
679 1414 752 1444 dum
779 1413 903 1444 biduum
929 1413 1102 1445 transierit.
1148 1413 1215 1444 PA.
1239 1412 1294 1443 Sic
1312 1413 1494 1451 faciendum
1519 1413 1668 1445 arbitror.
1713 1414 1785 1445 ΡΗ.

321 1453 386 1485 Sed
400 1455 476 1486 heus
490 1458 535 1487 tu.
582 1456 648 1486 PA.
673 1457 757 1492 Quid
771 1454 846 1488 vis?
891 1456 963 1487 ΡΗ.
988 1457 1129 1487 Putasne
1152 1465 1200 1486 me
1220 1465 1308 1495 posse
1331 1455 1493 1494 obdurare,
1516 1459 1547 1487 et
1569 1457 1646 1488 mihi
1671 1459 1786 1497 tempe-

319 1507 403 1537 rare,
417 1508 455 1529 ne
468 1501 540 1529 ante
551 1500 626 1529 duos
636 1499 703 1530 dies
714 1500 755 1529 ad
769 1499 876 1530 urbem
889 1498 1039 1531 redeam?
1084 1498 1152 1530 PA.
1174 1498 1254 1529 Tene
1266 1508 1354 1539 posse
1368 1499 1401 1529 id
1410 1499 1554 1539 perpeti?
1577 1499 1652 1530 Non
1667 1500 1785 1530 meher-

320 1541 388 1571 cule
403 1541 511 1581 opinor
523 1551 534 1578 ;
556 1551 628 1572 nam
642 1545 697 1572 aut
711 1541 821 1572 statim
836 1543 919 1572 ultro
935 1541 1064 1581 redibis,
1086 1545 1139 1572 aul
1156 1551 1230 1572 mox
1242 1551 1298 1581 per
1320 1545 1438 1572 noctem
1452 1545 1481 1572 te
1496 1542 1649 1572 insomnia
1664 1543 1730 1572 sola
1745 1544 1785 1573 ad

320 1583 426 1614 urbem
441 1584 578 1624 impellet
593 1587 624 1615 et
639 1584 806 1615 revocabit.
851 1585 922 1616 ΡΗ.
951 1585 1053 1624 Opere
1066 1584 1183 1614 rustico
1198 1593 1245 1615 me
1259 1584 1417 1623 exercebo,
1433 1585 1532 1624 quoad
1556 1585 1697 1623 defessus
1711 1585 1784 1622 sim,

320 1629 356 1656 ut
372 1626 465 1657 etiam
480 1627 599 1657 invitus
613 1627 748 1658 dormire
763 1637 867 1666 cogar.
912 1627 979 1658 PA.
1007 1627 1052 1658 Te
1067 1626 1210 1666 lassabis,
1227 1632 1257 1656 et
1274 1626 1369 1657 nihilo
1392 1627 1492 1666 magis
1508 1636 1543 1658 ea
1558 1637 1652 1658 causa
1666 1627 1785 1667 poteris

320 1678 428 1709 capere
449 1679 599 1701 somnum.
646 1669 717 1701 ΡΗ.
740 1670 863 1711 Apage,
881 1669 1010 1708 frustra
1036 1670 1101 1700 ltoec
1123 1669 1214 1710 dicis,
1229 1669 1407 1701 Parmeno:
1429 1670 1608 1710 expellenda
1622 1673 1667 1701 ese
1683 1670 1785 1701 animo

933 1760 1171 1772 eeeeeeeeeeee

312 1813 438 1852 factum
464 1813 552 1845 dabo.
577 1813 681 1845 Bent.
725 1813 884 1855 Effectum
910 1814 986 1845 dabo
1013 1814 1161 1845 collocat
1186 1813 1266 1853 Bip.
1295 1813 1328 1844 in
1355 1822 1456 1844 versu
1482 1814 1631 1854 seq.—9.
1649 1814 1690 1843 10
1714 1813 1782 1844 Ms.

321 1858 414 1897 Lips.
431 1861 467 1887 et
483 1857 531 1887 M.
552 1857 603 1898 [et
620 1856 738 1888 Guelf.
753 1856 799 1897 2.]
825 1858 945 1892 Quoad.
968 1858 1056 1888 Mss.
1074 1857 1167 1898 Lips.
1184 1856 1237 1887 Au
1250 1855 1387 1887 memini.
1410 1855 1680 1886 Westerhovius.
1705 1855 1783 1885 Pel-

317 1901 387 1931 lito.
431 1899 496 1930 ΡΑ.
521 1899 669 1931 IlIemz'ni.
714 1899 755 1930 In
783 1900 937 1930 omnibus
967 1899 1105 1931 Nostris
1131 1904 1166 1930 et
1193 1898 1282 1930 Edd.
1309 1902 1395 1929 vett.
1418 1898 1471 1930 Au
1496 1898 1634 1930 memini.
1678 1897 1786 1939 Lege,

314 1943 432 1982 pellito.
480 1942 545 1973 PA.
570 1944 633 1981 Ah,
653 1942 658 1983 Ι
679 1942 827 1973 Memini.
851 1942 954 1975 Bent.
1000 1941 1074 1974 Au!
1088 1942 1215 1973 memini
1232 1942 1297 1973 Ms.
1315 1941 1409 1972 Lina.
1456 1940 1568 1976 Quoad
1583 1939 1670 1972 Pau.
1693 1940 1782 1972 Perl.

322 1986 433 2020 Quoad
448 1984 531 2021 Arg.
548 1988 645 2016 1496.
660 1985 737 2025 Rip.
755 1995 830 2025 quae
848 1994 980 2016 versum
998 1988 1029 2016 8.
1046 1985 1179 2016 claudit
1194 1994 1279 2015 voce
1303 1984 1312 2001 ‘
1326 1982 1385 2023 et,'
1409 1986 1444 2014 et
1460 1992 1516 2013 eas
1539 1982 1663 2014 ‘istum
1681 1992 1785 2013 aemu-

320 2028 388 2058 lum
401 2028 410 2041 ’
437 2027 545 2058 trudit
561 2029 594 2058 in
612 2037 744 2058 versum
760 2031 790 2058 9.
825 2029 876 2059 Au
892 2028 1018 2058 memini
1034 2027 1094 2059 ΒΡ.
1110 2026 1306 2058 Bentleium
1323 2025 1478 2067 sequitur
1491 2025 1673 2056 Perl.—12
1697 2026 1706 2042 ‘
1718 2025 1783 2056 Et’

319 2071 480 2110 rejiciunt
504 2071 535 2100 in
552 2080 684 2102 versum
701 2074 752 2102 ll.
776 2071 880 2102 Bent.
896 2070 974 2110 Bip.
990 2070 1179 2101 Rom—13
1205 2069 1292 2101 Haec
1307 2069 1400 2108 vulg.
1424 2068 1529 2099 lectio
1545 2071 1609 2107 est,
1630 2077 1729 2108 quarn
1748 2072 1784 2099 et

319 2112 474 2144 defendit
500 2112 589 2154 Guy.
617 2118 651 2144 et
680 2111 869 2154 praeferunt
894 2113 980 2144 Mss.
996 2113 1141 2153 plusculi
1158 2117 1192 2143 et
1207 2112 1290 2144 editi
1306 2111 1441 2152 quidam
1458 2115 1604 2142 veteres.
1648 2110 1683 2141 Si
1702 2119 1783 2142 vero

318 2155 515 2186 consideres
542 2165 583 2187 ea
609 2166 684 2197 quae
713 2160 913 2197 sequuntur,
936 2155 1076 2186 dubium
1105 2165 1171 2186 non
1198 2160 1262 2193 est,
1289 2154 1368 2196 quin
1396 2153 1574 2194 scripserit
1599 2153 1783 2185 Terentius

317 2199 438 2238 adiget.
484 2198 602 2230 Gratis
630 2200 805 2230 Donatum
834 2198 921 2229 citat
947 2198 1127 2238 Guyetus;
1150 2199 1177 2229 is
1205 2198 1293 2228 enim
1321 2200 1482 2235 testatur,
1509 2200 1546 2226 et
1569 2196 1676 2234 adiget
1704 2196 1783 2235 legi.

319 2241 404 2273 Mes.
419 2251 548 2280 omnes,
571 2242 693 2282 quibus
708 2251 787 2272 usus
804 2251 889 2280 snm,
904 2241 1032 2279 adigerit
1049 2240 1258 2281 praeferunt3
1282 2239 1345 2270 nisi
1363 2238 1453 2280 quod
1469 2239 1530 2270 Tr.
1543 2237 1660 2278 dubie,
1674 2238 1782 2277 adigit

318 2294 433 2315 orsum.
469 2284 703 2315 Palatium-um
721 2294 820 2322 nnus,
843 2288 932 2314 teste
949 2284 1076 2322 Pareo,
1090 2285 1208 2323 adiget,
1223 2283 1310 2324 quod
1329 2287 1364 2313 et
1381 2282 1441 2313 Fa.
1459 2281 1491 2311 in
1510 2280 1637 2312 Codice
1654 2281 1782 2321 scripto

319 2326 462 2359 invenit.
508 2327 638 2358 Eodem
657 2337 756 2358 sensu
774 2325 912 2357 Fabrini
930 2326 1093 2357 reddidit.
1122 2327 1222 2358 lVest.
1266 2325 1407 2364 Adigent
1423 2324 1466 2355 G.
1488 2324 1557 2355 ET.
1581 2323 1632 2354 Id.
1647 2323 1681 2354 in
1696 2324 1780 2355 Add-

319 2369 388 2401 Do.
406 2368 552 2401 affirmat
576 2370 644 2410 legi
672 2370 775 2401 etiam
800 2369 909 2409 adiget
933 2369 966 2400 in
989 2369 1175 2409 singulari;
1198 2377 1299 2409 quam
1316 2369 1398 2399 lect.
1415 2366 1450 2397 in
1465 2375 1531 2397 uno
1546 2370 1676 2397 tantum
1693 2366 1781 2397 libro

317 2412 468 2444 Terentii
486 2413 609 2444 inveni.
637 2413 693 2444 Fa.
738 2413 833 2443 Bene
850 2412 895 2442 sit
912 2411 968 2443 isti
990 2412 1089 2451 libro,
1114 2412 1172 2452 qui
1198 2411 1326 2450 adiget.-
1351 2409 1459 2441 nostri
1477 2409 1565 2439 enim
1582 2417 1697 2439 omnes
1713 2407 1783 2439 adi-

315 2458 404 2492 gent.
450 2455 657 2487 Jamdudum
674 2455 716 2486 de
730 2464 813 2485 vera
829 2455 976 2486 lectione
993 2454 1162 2486 constitit.
1206 2454 1332 2485 Sensus
1359 2456 1394 2484 et
1416 2461 1612 2492 responsum
1639 2450 1781 2483 Phaedri

318 2498 492 2536 postulant
510 2499 628 2537 adiget.
656 2499 759 2528 Bent.
804 2497 924 2536 Adiget
953 2497 1080 2528 rectius
1102 2497 1229 2537 legitur
1246 2505 1344 2533 anam
1360 2494 1516 2533 adigent;
1538 2493 1626 2535 quod
1643 2493 1780 2524 memini

317 2550 359 2570 ex
377 2540 462 2571 Adr.
476 2541 636 2571 annebo
654 2541 804 2571 Lutetiae
820 2541 854 2570 in
872 2540 1009 2580 publica
1025 2540 1171 2571 lectione
1188 2538 1373 2570 audivisse.
1398 2538 1488 2568 Mur.
1533 2536 1652 2575 Adiget
1674 2535 1777 2584 Both.

316 2582 498 2614 Peri—14
522 2584 607 2614 Mss.
624 2583 759 2624 quidam
775 2583 921 2621 ingratus
935 2586 970 2613 ut
985 2586 1031 2614 ut.
1054 2583 1163 2614 west.
1206 2581 1359 2621 Ingratus
1376 2580 1419 2611 G.
1444 2580 1518 2610 ET.
1542 2579 1601 2610 sed
1620 2577 1782 2627 Qifamus,

317 2624 349 2655 in
368 2625 444 2656 Ind.
463 2626 600 2657 Lucret.
617 2626 754 2664 'ingratis
770 2625 936 2656 defendit.
957 2626 1010 2657 Id.
1025 2625 1059 2656 in
1072 2624 1242 2656 Addendz‘s.
1292 2624 1334 2654 Ul
1356 2622 1512 2661 defatiger
1526 2630 1620 2661 usque
1634 2624 1779 2659 zngralus

316 2671 351 2698 ut
367 2669 529 2699 dormiam.
575 2670 642 2700 Do.
664 2674 700 2700 et
716 2669 812 2699 Bem.
827 2669 956 2699 habent
971 2668 1119 2708 ingratis,
1141 2673 1287 2708 utroque
1302 2666 1403 2696 modo
1418 2663 1584 2705 impedita
1601 2664 1778 2694 scansione

317 2711 496 2742 octonarii.
542 2711 732 2742 Ubaldinus
750 2711 970 2741 Bandinenus
987 2710 1136 2750 legebat,
1153 2709 1324 2749 ingratiis.-
1348 2707 1438 2749 qnod
1455 2711 1491 2738 et
1508 2706 1586 2737 mihi
1601 2705 1776 2746 probatur.

318 2754 496 2785 Praeterea
508 2755 637 2795 antiqui
651 2754 727 2784 libri
742 2753 883 2794 liabent,
895 2753 1060 2793 defetiger.
1085 2752 1247 2785 Faernus.
1271 2751 1388 2784 Nostri
1405 2750 1561 2790 ingratus.
1586 2748 1628 2780 In
1641 2753 1777 2790 promtu
