1903 3306
309 239 394 282 218
800 241 1108 275 FRANmscus
1142 241 1279 271 HARE

310 343 541 388 adhibitum,
562 342 600 379 in
617 338 811 379 continuis
827 344 956 376 autem
974 336 1140 387 negotiis
1157 334 1324 373 diversa.
1354 333 1427 372 Est
1442 333 1600 385 quidem
1611 332 1677 371 ubi
1691 319 1775 370 nu?

310 409 404 447 meri
420 408 535 446 rebus
547 405 642 443 mire
658 401 921 445 conveniunt;
952 412 1109 439 causam
1123 406 1253 437 tamen
1278 404 1399 436 tantae
1412 396 1610 435 varietatis
1630 395 1768 447 opinor

310 473 414 510 hanc
435 470 591 509 unicam
611 468 746 511 fuisse,
778 472 821 502 ut
840 477 886 502 eo
907 463 1031 514 magis
1047 463 1165 514 poeta
1185 467 1449 513 spectatorum
1462 460 1611 497 animos
1631 459 1768 496 refice-

311 543 371 575 ret
391 541 430 574 et
449 533 609 572 taedium
629 531 800 573 levaret3
830 542 919 567 cum
938 528 1034 579 ipsae
1053 527 1168 564 etiam
1190 524 1375 563 orationis
1392 524 1550 562 virtutes
1570 521 1771 560 fastidium

312 599 481 652 pariant,
503 595 577 634 nisi
598 594 724 646 gratia
742 592 940 630 varietatis
960 590 1119 641 adjutae.
1167 587 1353 626 Gaudent
1372 587 1475 625 enim
1495 599 1630 624 omnes
1648 585 1773 623 varie-

313 669 409 709 tate,
442 667 495 707 et,
527 660 630 697 sicut
656 656 759 696 oculi
779 655 1019 693 diversarum
1046 658 1210 704 aspectu
1230 663 1356 689 rerum
1375 649 1501 702 magis
1536 649 1773 695 detinentur,

315 727 372 765 ita
404 738 517 764 aures
550 722 695 762 crebris
726 731 974 758 numerorum
1013 723 1129 768 atque
1163 715 1262 754 adeo
1282 727 1463 753 versuum
1493 712 1775 751 mutationibus

318 790 575 830 oblectantur.
650 784 768 829 Quod
802 797 890 821 cum
923 782 1044 833 ipsius
1079 778 1312 823 Quintiliani
1339 777 1530 829 judicium
1562 776 1626 823 sit,
1662 775 1778 814 miror

317 853 488 892 voluisse
523 848 837 901 elegantissimas
870 845 1041 884 Terentii
1071 843 1242 881 Fabulas
1273 842 1366 880 solis
1394 840 1577 879 trimetris
1600 840 1778 890 astringi,

318 931 407 956 curn
429 922 468 954 et
489 915 565 952 alia
582 925 725 964 genera
746 911 824 949 sint
837 909 1126 955 venustissima,
1146 913 1186 945 et
1202 906 1285 944 sine
1303 905 1380 943 illis
1402 904 1624 955 gratissima
1641 916 1779 941 nume-

321 994 450 1019 rorum
483 978 650 1017 varietas
684 976 810 1014 omnis
849 974 928 1012 fere
954 973 1146 1024 periisset.
1204 971 1308 1007 Hinc
1338 975 1399 1006 est
1425 967 1532 1019 quod
1565 967 1605 1005 in
1639 966 1782 1013 scenis,

320 1058 410 1096 quae
431 1056 480 1081 ex
499 1040 732 1081 tetrametris
754 1038 848 1077 solis
868 1042 1066 1081 constant,
1088 1034 1232 1085 saepius
1254 1032 1303 1071 de
1330 1032 1406 1070 alio
1437 1043 1579 1083 genere
1602 1029 1653 1068 ad
1673 1029 1781 1068 aliud

321 1107 532 1150 transitur;
563 1104 634 1143 sed
654 1104 730 1142 hoc
750 1108 860 1140 tauto
876 1101 968 1139 fecit
980 1099 1130 1151 judicio
1155 1095 1374 1143 Terentius,
1393 1102 1437 1134 ut
1452 1096 1491 1133 in
1510 1094 1605 1146 ipsis
1627 1106 1783 1145 quoque

324 1169 612 1210 narrationibus
634 1168 684 1206 ad
714 1166 831 1205 aliam
857 1178 937 1203 rem
963 1163 1151 1202 transitus
1172 1160 1287 1200 simul
1305 1161 1387 1198 fiat.
1439 1159 1532 1198 vid.
1549 1160 1650 1197 Eun.
1671 1171 1723 1196 11.
1744 1158 1783 1195 2.

325 1239 390 1274 24.
412 1242 452 1273 et
473 1247 547 1273 111.
569 1235 606 1271 5.
628 1234 693 1270 44.
753 1230 797 1267 In
817 1229 892 1266 hac
914 1227 1081 1278 denique
1101 1237 1281 1264 versuum
1299 1223 1486 1261 varietate
1507 1221 1632 1260 Latini
1661 1220 1786 1259 secuti

326 1306 420 1339 sunt
449 1298 625 1343 Graecos,
647 1294 777 1332 Graeci
809 1304 898 1331 vero
930 1297 1124 1336 naturam,
1153 1288 1217 1327 eui
1245 1300 1397 1338 semper
1417 1293 1529 1337 grata
1548 1291 1610 1324 est
1636 1283 1785 1323 vicissi-

327 1362 440 1402 tudo.

384 1425 501 1471 Quod
535 1423 586 1462 ad
617 1423 778 1461 alteram
799 1419 1070 1472 quaestionem,
1100 1429 1169 1455 cur
1189 1415 1429 1454 diversorum
1447 1427 1632 1466 generum
1653 1425 1787 1452 versus

330 1491 532 1530 Terentius
545 1488 719 1532 misceat,
741 1493 781 1524 et
794 1497 897 1523 nunc
913 1484 1126 1521 trimetrum
1142 1479 1387 1526 tetrametris,
1403 1492 1506 1517 nunc
1521 1485 1788 1517 tetrametrum

333 1555 516 1594 trimetris
538 1553 697 1597 inserat,
718 1562 822 1587 nunc
857 1549 894 1585 in
928 1546 1093 1584 diversis
1113 1550 1423 1582 tetrametrorum
1450 1542 1658 1593 generibus
1687 1541 1791 1578 idem

333 1620 477 1662 faciat3
507 1617 583 1655 hoc
602 1627 759 1666 quoque
792 1613 936 1650 factum
964 1609 1125 1647 arbitror
1146 1608 1194 1644 ob
1215 1606 1372 1645 easdem
1392 1607 1470 1644 fere
1491 1617 1645 1651 causas,
1679 1610 1719 1642 et
1747 1610 1792 1641 ut

335 1684 376 1722 in
422 1679 692 1733 prolixioribus
740 1675 868 1714 scenis
907 1672 1123 1711 dormitans
1160 1670 1283 1708 lector
1319 1670 1371 1708 ad
1418 1682 1529 1707 aures
1568 1667 1792 1719 arrigendas

340 1748 553 1789 excitetur3
583 1743 653 1782 sed
689 1753 839 1791 semper
869 1736 1082 1777 commodis
1116 1735 1154 1772 in
1173 1734 1285 1781 locis,
1318 1740 1356 1772 et
1375 1733 1440 1771 ubi
1470 1746 1531 1771 res
1556 1733 1643 1784 ipsa
1671 1738 1797 1769 muta-

336 1812 463 1850 tiones
498 1806 690 1860 ejusmodi
719 1805 779 1843 vel
801 1803 966 1842 suadere
996 1801 1056 1839 vel
1079 1799 1158 1851 pati
1190 1798 1328 1836 saltem
1348 1797 1540 1836 videatur.
1594 1796 1686 1834 Duo
1705 1809 1796 1834 vero

341 1887 497 1926 genera,
517 1871 623 1923 quod
650 1872 766 1908 antea
794 1867 938 1913 monui,
959 1873 1038 1904 tam
1071 1876 1204 1915 parum
1226 1863 1324 1900 inter
1357 1875 1399 1899 se
1419 1861 1583 1908 distant,
1601 1867 1646 1898 ut
1664 1872 1797 1897 eorum

339 1938 503 1976 mistura.
540 1934 677 1972 merito
716 1931 823 1969 nulla
861 1929 1010 1968 censeri
1052 1927 1206 1972 debeat,
1240 1925 1481 1963 trochaicum
1520 1924 1608 1962 dico
1639 1930 1668 1962 t.
1688 1937 1723 1961 c.
1760 1929 1800 1961 et

341 1999 565 2038 iambicum.
601 2003 631 2035 t.
670 2001 773 2033 acat.
811 2006 900 2032 cum
944 1991 1027 2029 sola
1055 1991 1154 2027 inter
1193 2001 1326 2027 versus
1365 2001 1432 2026 eos
1479 1986 1699 2025 differentia
1736 1986 1799 2032 sit,

343 2063 451 2115 quod
490 2062 656 2099 alterum
695 2059 743 2096 ab
775 2056 884 2094 initio
923 2054 1020 2093 alter
1057 2067 1137 2091 una
1170 2052 1322 2104 syllaba
1361 2051 1422 2090 vel
1452 2047 1649 2102 semipede
1688 2063 1803 2088 exce-

346 2128 427 2165 dat.
485 2126 614 2175 Atque
633 2123 719 2160 haec
745 2121 794 2159 de
815 2118 1023 2158 trochaicis
1057 2124 1096 2155 et
1127 2116 1303 2155 iambicis
1335 2115 1539 2166 generibus
1574 2115 1679 2152 dicta
1712 2114 1802 2152 sint.

347 2191 450 2228 Sunt
465 2201 554 2227 vero
570 2189 608 2226 in
621 2186 815 2225 veteribus
834 2183 1016 2229 Comicis,
1030 2188 1170 2233 praeter
1182 2181 1282 2226 haec,
1297 2180 1475 2231 exempla
1489 2179 1669 2230 quaedam
1687 2191 1806 2228 gene-

350 2254 402 2292 ris
423 2253 539 2292 etiam
560 2249 740 2302 paeonici,
760 2260 895 2287 versus
929 2246 1080 2284 scilicet
1099 2244 1300 2283 bacchiaci
1329 2249 1368 2282 et
1386 2242 1542 2286 cretici;
1572 2255 1671 2293 quos
1700 2240 1805 2291 apud

352 2318 537 2356 Plautum
558 2326 702 2365 magno
722 2324 881 2350 numero
915 2317 955 2348 et
981 2310 1019 2347 in
1047 2309 1152 2347 omni
1182 2309 1260 2347 fere
1281 2307 1432 2345 Fabula
1460 2306 1648 2352 invenias,
1680 2305 1749 2342 sed
1769 2305 1808 2342 in

353 2381 536 2420 Terentio
569 2386 649 2417 tam
676 2376 790 2428 pauci
820 2380 924 2421 sunt,
958 2380 1002 2411 ut
1035 2386 1083 2410 ne
1116 2372 1183 2410 uni
1217 2371 1375 2422 quidem
1407 2370 1562 2421 paginae
1598 2368 1808 2419 implendae

357 2445 581 2484 sufficiant:
612 2442 661 2480 de
682 2441 822 2492 quibus
844 2439 895 2477 ad
927 2438 1015 2476 loca
1048 2450 1120 2475 sua
1139 2436 1234 2474 satis
1255 2435 1348 2482 dixi,
1375 2443 1419 2472 ut
1449 2434 1495 2472 iis
1525 2433 1588 2471 hie
1617 2432 1812 2470 immorari

354 2510 470 2562 plane
492 2517 822 2558 supervacaneum
844 2503 905 2541 sit.

412 2573 541 2622 Pergo
561 2570 676 2621 igitur
703 2569 753 2606 ad
783 2568 942 2606 alteram
972 2566 1087 2616 hujus
1121 2563 1286 2602 instituti
1308 2569 1477 2613 partem,
1497 2573 1661 2611 eamque
1694 2560 1812 2610 longe

336 2648 342 2653 ·
361 2635 642 2679 difficillimam,
677 2632 727 2670 de
762 2630 925 2670 licentiis
953 2629 1095 2674 dicere,
1127 2628 1268 2679 quibus
1289 2633 1439 2664 veteres
1461 2624 1610 2662 Comici
1629 2623 1690 2662 usi
1710 2631 1814 2668 sunt,

362 2710 571 2749 earumque
591 2696 729 2734 modos
762 2703 801 2732 et
838 2695 1006 2732 rationes
1039 2705 1247 2744 exponere.
1304 2691 1348 2728 In
1380 2688 1520 2740 quibus
1552 2687 1815 2738 intelligendis

363 2777 453 2803 cum
471 2762 641 2802 viderem
672 2772 732 2798 me
765 2770 901 2809 parum
932 2756 1108 2807 adjutum
1128 2769 1150 2794 a
1169 2755 1222 2794 rei
1242 2753 1411 2793 metricae
1434 2751 1699 2803 scriptoribus,
1719 2763 1816 2803 quo-
