1976 3296
347 235 376 277 2
951 234 1207 267 ErisTOLA.

350 342 463 383 enim
486 340 597 380 inest
617 335 721 377 Tibi
750 331 959 388 quicquid
991 331 1175 371 summis
1199 326 1480 380 Principibus
1503 325 1701 367 conferre
1720 325 1806 366 for-

349 415 455 450 tuna
476 410 552 448 aut
573 408 729 446 natura
749 404 910 455 potest,
934 397 1167 438 Natalium
1189 395 1402 448 splendor
1423 397 1465 435 et
1483 394 1616 446 longa
1633 393 1803 444 Regum

351 477 461 518 serie
482 474 615 514 ducta
642 469 816 524 generis
850 465 1086 513 claritudo,
1122 462 1323 515 dignitati
1354 463 1495 502 forma
1526 460 1806 506 conveniens,

350 542 498 585 vivida
518 543 748 591 erectaque
769 534 953 582 indoles,
979 532 1092 572 mira
1121 530 1282 582 ingenii
1313 543 1570 582 morumque
1605 530 1807 580 felicitas,

349 610 504 652 Virtus
524 606 708 662 propria
729 615 863 656 quam
885 611 1110 647 exerceas,
1130 602 1309 652 paterna
1333 610 1464 650 quam
1486 597 1695 649 imiteris;
1716 611 1808 638 ma-

340 680 418 733 jus
434 683 580 718 tamen
605 672 775 726 aliquid
795 667 1017 711 institutio
1039 666 1245 715 contulit,
1267 665 1536 718 sapientiam
1555 677 1567 715 3
1587 666 1653 706 ita
1675 669 1808 706 natus

352 759 416 796 es,
439 749 487 785 ut
508 741 700 784 Maximi
724 739 872 791 Reges
895 736 1050 784 solent,
1078 734 1143 774 ita
1173 733 1389 773 educatus
1409 737 1460 772 ut
1479 731 1664 785 Optimi.
1723 732 1808 773 Ec-

353 825 442 868 qua
464 811 577 851 enim
600 809 682 849 fuit
702 818 898 860 unquam
921 802 1140 844 solicitior
1160 805 1239 842 aut
1267 799 1461 840 sanctior
1491 799 1537 839 in
1567 798 1698 840 Aulis
1719 799 1809 840 dis-

352 879 549 933 ciplina?
583 877 728 918 Deum
749 887 801 914 ac
822 873 1034 913 Parentes
1066 869 1226 919 colere,
1258 879 1436 908 servare
1468 866 1645 907 modum
1671 867 1715 907 in
1744 879 1810 908 re-

350 949 449 996 bus,
491 944 680 986 blandas
720 939 987 982 adulantium
1018 936 1197 978 fraudes
1234 935 1432 989 rejicere,
1461 934 1651 974 tribuere
1682 945 1809 975 suam

351 1014 508 1066 cuique
528 1010 718 1058 laudem,
738 1007 918 1059 benigne
932 1004 1130 1056 singulos
1150 1016 1202 1044 ac
1223 1002 1463 1043 liberaliter
1475 1003 1695 1056 excipere,
1708 1001 1809 1042 dare

352 1093 532 1135 operam
553 1077 712 1119 studiis
730 1076 973 1122 literarum,
1004 1076 1048 1113 et
1077 1071 1291 1125 quiequid
1321 1075 1392 1111 est
1419 1072 1630 1111 bonarum
1652 1070 1808 1111 artium

352 1149 499 1189 animo
522 1143 776 1198 complecti,
810 1141 906 1182 haec
945 1144 1048 1180 sunt
1075 1138 1305 1191 sapientiae
1338 1138 1524 1187 monita,
1555 1150 1656 1190 quae
1679 1142 1726 1178 et
1744 1137 1809 1178 lu-

351 1217 508 1257 benter
530 1212 670 1261 audis,
690 1216 736 1252 et
753 1214 911 1263 sponte
942 1207 1153 1261 sequeris.
1214 1206 1337 1246 Hinc
1369 1218 1451 1258 ego
1483 1206 1526 1246 in
1557 1218 1654 1245 eam
1681 1218 1810 1260 spem

352 1283 480 1324 facile
509 1280 724 1328 adducor,
744 1278 810 1318 Te
840 1277 923 1317 hoc
952 1275 1277 1329 qualecumque
1297 1273 1357 1314 sit
1377 1274 1688 1315 munusculum
1718 1286 1810 1315 non

353 1363 450 1392 esse
468 1349 805 1400 despecturum3
838 1343 1003 1397 quippe
1025 1355 1103 1382 nec
1124 1346 1204 1382 tua
1225 1341 1268 1381 id
1284 1341 1399 1381 sinet
1419 1340 1684 1391 humanitas,
1707 1353 1808 1394 quae

353 1428 525 1457 summa
547 1418 627 1463 est,
646 1425 726 1452 nec
748 1415 847 1452 tuus
867 1410 910 1450 in
930 1423 1023 1450 rem
1041 1408 1274 1450 literariam
1298 1420 1437 1458 amor,
1459 1408 1534 1461 qui
1547 1408 1809 1461 quotidiano

354 1484 597 1525 studiorum
619 1493 702 1520 usu
726 1479 870 1527 alitur,
893 1482 938 1518 et
959 1482 1156 1529 augetur.
1217 1475 1389 1528 Accipe
1406 1489 1524 1527 ergo,
1540 1475 1809 1516 DEanNE

353 1553 712 1598 SERElesiqu,
742 1545 1044 1587 venustissimi
1069 1544 1225 1585 Poe’tae
1259 1543 1535 1593 Comoedias,
1570 1544 1615 1584 in
1647 1544 1810 1596 quibus

355 1623 396 1661 et
419 1618 562 1659 Latini
585 1615 801 1657 sermonis
821 1613 1099 1667 elegantiam,
1130 1616 1175 1653 et
1206 1612 1352 1652 vivam
1383 1623 1552 1651 morum
1574 1610 1811 1664 civilisque

355 1685 584 1739 sapientiae
606 1682 860 1734 imaginem,
891 1683 936 1721 et
967 1680 1173 1728 urbanos,
1206 1691 1292 1719 non
1325 1678 1454 1718 unius
1476 1677 1606 1719 modo
1627 1677 1813 1727 Comici,

354 1753 432 1795 sed
450 1753 640 1793 virorum
661 1750 790 1790 etiam
813 1749 858 1789 in
882 1747 1087 1788 Romana
1109 1745 1362 1798 Republica
1384 1744 1654 1797 Principum,
1679 1744 1811 1786 Laelii

356 1835 408 1862 ac
427 1819 662 1874 Scipionis,
678 1818 810 1871 jocos
832 1815 1047 1857 invenias.
1106 1813 1291 1854 Servent
1311 1811 1375 1853 Te
1398 1812 1473 1852 diu
1498 1812 1609 1853 Fata
1631 1811 1747 1865 Regi
1768 1817 1812 1854 et

353 1889 512 1940 Regno
534 1886 814 1934 incolumem,
837 1887 881 1924 et
902 1882 1134 1923 Ludovico
1158 1881 1325 1933 Magno
1349 1879 1530 1921 Parenti
1559 1884 1637 1920 tuo
1661 1892 1810 1933 parem

354 1956 420 1997 Te
442 1958 669 2008 praestent,
701 1952 807 2006 quia
827 1950 1037 2005 majorem
1059 1961 1148 1989 non
1167 1950 1368 2001 possunt.
1429 1946 1545 1988 Haec
1567 1952 1670 1988 sunt
1690 1951 1810 1998 vota,

882 2098 1152 2139 DELPmNE
1185 2094 1542 2141 SERENISSIME‚

953 2184 1246 2227 Devotissimi
1267 2187 1312 2224 et
1331 2181 1562 2223 humillimi
1587 2180 1710 2221 Servi
1732 2178 1810 2229 tui,

1187 2273 1465 2315 FnEDEmci
1492 2270 1751 2311 LEONARD-.
