1976 3296
379 245 434 287 18
969 253 1243 293 PRAEFA'mo,

378 354 502 406 parte
525 354 709 399 tantum,
729 352 778 391 ut
798 349 876 403 qui
897 347 981 390 fide
1002 347 1121 390 haud
1143 347 1470 402 comparandus
1487 347 1711 390 videretur
1733 361 1831 390 esse

379 419 523 469 alteri,
538 419 871 459 membranaceo
892 416 1066 471 quidem
1089 416 1152 457 illi
1172 414 1296 471 (nam
1315 415 1427 457 alter
1446 414 1746 470 chartaceus),
1766 428 1833 457 re-

380 487 561 540 scripto,
576 486 891 540 judicibusque
908 485 1108 537 Langero
1129 489 1175 525 et
1195 483 1403 534 Brunsio,
1425 483 1531 524 viris
1552 483 1833 532 clarissimis,

381 567 519 595 annos
556 553 716 595 abhinc
748 552 921 594 circiter
960 553 1194 592 sexcentos
1231 555 1434 591 exarato.
1509 550 1712 605 Inspexit
1745 550 1834 591 duo

381 620 754 675 Guelferbytanos
776 619 841 661 vir
862 618 1168 667 doctissimus,
1186 616 1425 667 Gesenius,
1442 617 1834 668 Helmstadiensis,

382 688 436 730 de
468 701 556 742 quo
585 689 692 729 bene
723 699 902 740 sperare
932 686 1155 727 literatam
1189 685 1326 739 jubeo
1356 685 1688 739 rempublicam.
1749 686 1835 727 Be-

381 756 665 798 rolinensium
685 759 730 795 et
749 754 854 795 libri
885 753 1275 803 Helmstadiensis,
1297 753 1354 794 ab
1375 751 1622 794 Academia
1640 753 1670 794 J
1673 752 1765 794 ulia
1784 754 1836 794 li-

380 823 585 865 beraliter
603 822 733 863 nobis
750 820 1077 870 communicati,
1095 820 1293 873 potiores
1314 820 1532 861 lectiones
1549 820 1641 874 ipsi
1653 832 1836 874 excerp-

383 892 536 940 simuS,
572 891 725 944 itaque
755 888 958 930 instructi
986 889 1042 928 ab
1081 888 1278 929 externis
1311 887 1542 937 subsidiis,
1566 887 1640 929 via
1670 888 1838 938 critica,

383 972 516 1013 quam
533 957 716 999 munivit
736 955 960 997 Ricardus
975 956 1223 1006 Bentleius,
1236 956 1376 997 tutius
1393 955 1487 1008 Jam
1504 954 1704 1008 ingressi,
1716 955 1841 1009 quic-

383 1026 492 1080 quid
510 1025 632 1066 dedit
652 1025 717 1066 vir
738 1024 816 1065 ille
834 1023 1200 1077 incomparabilis
1221 1024 1454 1064 manifesto
1475 1022 1634 1063 melius
1650 1022 1840 1075 vulgatis

384 1098 430 1136 et
459 1093 589 1147 quasi
618 1096 746 1133 extra
767 1104 944 1132 omnem
963 1090 1168 1132 lectionis
1189 1095 1232 1131 et
1255 1090 1530 1143 conjecturae
1553 1090 1694 1132 aleam
1717 1091 1840 1145 posi-

384 1166 496 1211 tum,
527 1161 662 1201 tacite
682 1160 771 1201 fere
801 1159 847 1200 id
877 1159 1150 1213 recepimus;
1181 1158 1260 1199 ubi
1281 1158 1465 1199 dubium
1485 1157 1687 1199 relictum
1709 1163 1839 1208 esset,

382 1228 648 1277 monuimus,
669 1227 978 1269 succurrimus.

443 1296 747 1349 Designantur
765 1295 866 1336 libri
888 1294 1045 1349 scripti
1063 1294 1200 1335 literis
1219 1292 1262 1334 A
1282 1293 1321 1334 B
1343 1292 1380 1334 C
1402 1292 1490 1334 Gu.
1504 1293 1544 1335 l.
1559 1292 1645 1334 Gu.
1659 1292 1702 1335 2.
1734 1292 1840 1334 Hel.

387 1364 587 1416 Quorum
600 1363 689 1404 duo
711 1362 1025 1404 Berolinenses
1039 1362 1362 1403 membranacei
1384 1365 1500 1412 sunt,
1521 1373 1761 1414 eorumque
1778 1360 1844 1401 al-

385 1438 452 1474 ter
471 1430 738 1472 nitidissime
761 1431 969 1484 scriptus,
998 1430 1108 1471 alter
1130 1431 1338 1471 continue
1352 1429 1615 1482 lacerusque
1634 1429 1679 1469 in
1699 1432 1844 1470 extre-

385 1513 460 1543 ma
489 1499 603 1550 fine;
643 1498 800 1539 tertius
831 1510 934 1539 vero
971 1497 1323 1539 Berolinensium
1355 1497 1615 1538 chartaceus
1646 1499 1729 1546 est,
1765 1496 1844 1550 qui

387 1567 565 1624 quidem
587 1566 631 1607 in
652 1565 842 1619 Regiam
862 1565 1182 1607 bibliothecam
1202 1565 1324 1607 venit
1342 1578 1400 1606 ex
1427 1563 1607 1617 Georgii
1630 1562 1843 1613 Fabricii,

388 1646 643 1690 quanquam
667 1633 778 1674 alius
798 1633 839 1674 is
858 1632 973 1674 liber
994 1632 1152 1674 codice
1182 1632 1381 1687 ejusdem
1414 1631 1609 1672 Fabricii
1628 1630 1721 1681 illo,
1752 1643 1843 1684 quo

386 1715 496 1745 usus
528 1706 598 1743 est
630 1700 887 1742 Bentleius:
919 1700 1084 1751 Italici,
1115 1705 1168 1742 ut
1199 1700 1385 1750 videtur,
1416 1703 1501 1740 tres
1531 1699 1632 1740 libri
1663 1710 1843 1740 omnes:

388 1771 548 1824 quibus
569 1769 623 1810 de
641 1768 728 1809 fide
748 1781 800 1809 ac
819 1768 1019 1810 bonitate
1036 1769 1276 1811 lectionum
1297 1766 1412 1809 haud
1433 1766 1635 1809 concedit
1657 1778 1845 1821 apogra-

390 1838 525 1891 phum
548 1836 931 1879 Helmstadiense.

699 1922 725 1947 ,κε
899 1920 926 1946 *
1103 1919 1130 1946 *
1305 1918 1332 1944 s}
1505 1920 1532 1947 *ε

658 2158 1004 2200 EXCERPTA
1053 2158 1091 2199 E
1143 2156 1580 2200 PRAEFATIONE

763 2236 820 2277 D.
852 2235 1049 2277 PAULI
1079 2234 1211 2278 JAc.
1241 2235 1471 2277 BRUNS.

393 2339 507 2388 QUA
528 2340 702 2381 fortuna
721 2354 1025 2395 saepenumero
1046 2341 1090 2381 in
1112 2340 1398 2382 bibliothecis
1421 2353 1448 2382 a
1468 2353 1539 2382 me
1570 2341 1847 2395 perlustratis

391 2406 535 2447 adhuc
556 2419 661 2447 usus
683 2419 796 2457 sum,
832 2411 879 2448 ut
912 2408 1131 2448 literarum
1165 2412 1452 2449 monumenta
1472 2408 1580 2449 viris
1609 2407 1755 2449 doctis
1776 2408 1847 2449 vel

389 2474 523 2526 plane
545 2486 629 2513 non
651 2473 724 2514 vel
744 2486 831 2515 non
869 2474 981 2515 satis
1023 2475 1198 2527 cognita
1231 2474 1488 2524 invenirem,
1521 2474 1701 2515 eandem
1736 2475 1844 2516 mihi

393 2540 544 2589 Halae,
567 2543 800 2594 postquam
821 2541 893 2582 hic
927 2541 1072 2582 sedem
1095 2541 1189 2592 fixi,
1211 2542 1433 2595 obtigisse,
1455 2541 1631 2583 omnino
1652 2541 1842 2594 gaudeo.

392 2607 444 2648 In
467 2607 736 2648 bibliotheca
760 2608 978 2659 Mariana,
1009 2622 1143 2662 quam
1174 2622 1328 2650 mense
1349 2609 1485 2650 Junio
1505 2608 1714 2662 praeteriti
1745 2611 1848 2651 anni

391 2675 581 2728 primum
602 2675 708 2726 adii,
749 2689 775 2716 a
814 2676 1075 2717 doctissimo
1113 2680 1156 2717 et
1193 2676 1511 2717 humanissimo
1541 2674 1639 2729 ejus
1661 2676 1847 2716 custode

394 2742 597 2792 Kemme,
620 2742 744 2783 Med.
768 2743 824 2783 D.
846 2746 887 2783 et
908 2743 959 2783 P.
982 2743 1036 2783 P.
1058 2743 1113 2784 Ο.
1134 2743 1241 2785 mihi
1257 2743 1573 2785 ostendebatur
1592 2741 1740 2783 codex
1757 2741 1847 2784 Co-

393 2809 651 2850 moediarum
676 2809 870 2851 Terentii
899 2812 1274 2862 membranaceus,
1295 2824 1425 2865 quem
1447 2810 1511 2851 ibi
1535 2810 1751 2851 asservari
1781 2810 1846 2862 ig·—
