1903 3306
257 220 343 261 456·
760 232 798 261 r».
831 232 1070 262 TERENTH
1104 232 1221 263 Anni

625 389 830 431 ACTUS
862 390 954 431 ΙΙΙ.
1014 389 1221 432 SCENA
1253 392 1344 433 III.

725 506 974 537 CHREMES.
1008 507 1242 537 PYTHIAS.

256 577 344 620 cn.
377 578 642 619 PROFEC'ro
665 585 832 633 quanto
851 581 992 633 magis
1010 582 1242 635 magisque
1263 582 1429 635 cogito,

255 645 477 688 Nimirum
498 647 621 688 dabit
642 647 737 689 haec
759 648 898 689 Thais
919 649 1027 690 mihi
1049 662 1255 702 magnum
1278 651 1469 691 malum:

255 714 327 754 Ita
347 728 415 754 me
437 714 566 755 video
590 716 646 756 ab
669 729 724 756 ea
747 719 890 757 astute
911 716 1227 758 labefactarier.

253 781 358 822 Jam
380 785 486 832 tum,
511 784 818 836 cumprimum
841 783 978 837 jussit
998 797 1066 824 me
1089 785 1144 824 ad
1167 797 1216 825 se
1240 786 1482 837 arcessier3

254 849 402 901 Roget
422 850 538 904 quis,
563 850 683 900 Quid
707 852 784 892 tibi
808 865 909 892 cum
931 852 1032 892 illa?
1054 866 1106 893 ne
1128 866 1281 894 noram
1304 854 1511 907 quidem3
1687 868 1716 894 ο

254 916 343 957 Ubi
366 919 477 967 veni,
509 931 707 968 causam,
733 925 781 960 ut
803 920 864 960 ibi
885 932 1118 970 manerem,
1140 921 1312 974 reperit.

253 983 348 1032 Ait,
370 998 460 1026 rem
483 986 677 1027 divinam
700 987 879 1037 fecisse,
901 995 946 1028 et
966 1001 1058 1029 rem
1080 989 1242 1029 seriam

250 1052 381 1094 Veile
403 1067 533 1107 agere
555 1067 744 1096 mecum.
790 1055 894 1096 Jam
914 1059 1005 1096 tum
1025 1062 1117 1098 erat
1142 1056 1363 1110 suspicio,

251 1121 369 1162 Dolo
391 1123 508 1163 malo
529 1122 624 1164 haec
646 1123 737 1164 fieri
756 1125 928 1166 omnia:
959 1124 1058 1178 ipsa
1079 1125 1340 1166 accumbere

295 1252 361 1283 CH.
389 1253 549 1292 Equidem,
564 1264 620 1294 quo
634 1252 746 1294 soepius
766 1254 802 1284 de
817 1253 874 1283 hac
901 1253 1016 1284 Thaide
1032 1253 1145 1291 cog-ito,
1160 1263 1193 1283 eo
1219 1253 1322 1292 magis
1347 1253 1424 1284 mihi
1449 1252 1541 1284 timeo
1555 1252 1594 1284 ab
1607 1263 1656 1293 ea,
1678 1257 1710 1285 et

247 1296 359 1326 mirum
372 1295 405 1325 m'
421 1296 497 1326 mila·
508 1297 653 1327 damnum
665 1296 904 1335 ingensfacz‘stt:
927 1297 1002 1327 adeo
1017 1295 1092 1327 ‚nihi
1108 1296 1192 1326 tideo
1204 1296 1342 1327 animum
1355 1297 1394 1327 ab
1409 1306 1444 1328 ea
1458 1300 1579 1327 versute
1593 1297 1713 1327 tentari

246 1343 275 1369 et
291 1338 421 1368 concuti.
468 1340 543 1369 Jam
558 1342 634 1375 tum,
650 1349 718 1369 cum
730 1339 863 1379 primum
870 1338 969 1377 jussit
992 1349 1038 1369 me
1062 1339 1101 1369 cul
1116 1348 1148 1369 se
1163 1339 1277 1378 vocari,
1305 1338 1442 1381 (quoerat
1455 1338 1568 1378 aliquis
1578 1350 1588 1369 :
1625 1339 1711 1375 Quid

244 1380 363 1421 negotii
376 1381 468 1412 habes
479 1392 547 1412 cum
560 1382 637 1412 illa?
664 1381 753 1412 Nihil
767 1382 908 1422 quidum:
933 1392 985 1412 nec
1001 1382 1082 1412 enim
1093 1382 1158 1420 ejus
1171 1382 1317 1413 notitiam
1332 1383 1425 1413 ullam
1439 1380 1612 1422 habeham‚)
1628 1382 1715 1413 dixit

245 1424 322 1455 mihi
336 1434 368 1454 se
384 1424 460 1456 Diis
471 1424 691 1462 srwrafecisse,
706 1426 782 1455 velle
803 1435 835 1455 se
851 1425 926 1455 mihi
949 1435 1013 1455 rem
1029 1425 1134 1463 magni
1149 1425 1294 1456 momenti
1307 1424 1527 1456 communicare
1541 1428 1572 1456 et
1595 1434 1711 1459 mecum

245 1471 398 1499 tractare.-
422 1477 490 1498 eam
504 1468 700 1504 occasionem,
717 1471 751 1498 ut
765 1467 808 1498 ibi
829 1477 991 1506 nurnerem‚
1010 1467 1139 1499 invenit.
1184 1469 1261 1499 Jam
1276 1472 1341 1499 tum
1355 1468 1533 1508 suspicabar
1548 1468 1626 1499 hanc
1642 1468 1710 1498 dolo

246 1512 324 1541 malo
337 1512 402 1541 lzoec
416 1510 517 1541 omnia
533 1520 635 1550 agere.
683 1511 783 1552 Coepit
798 1520 913 1541 mecum
927 1511 1043 1551 sedere,
1049 1510 1258 1549 jlzmz'liariter
1273 1520 1365 1551 agere
1380 1511 1470 1552 quasi
1484 1521 1524 1542 ex
1538 1510 1635 1542 veteri
1649 1520 1709 1542 usu

855 1607 953 1618 ‘em
956 1607 1099 1618 cccccc

286 1670 304 1698 3
329 1667 490 1699 Solicitat
514 1668 601 1698 lianc
628 1669 708 1700 lect.
735 1668 825 1708 Guy.
872 1668 1059 1699 Substituit
1074 1670 1253 1700 tractat-ier.
1299 1667 1440 1699 Scilicet
1464 1667 1545 1708 quia
1569 1667 1603 1698 in
1626 1667 1705 1700 Pal.

242 1711 381 1751 legitur,
403 1711 563 1742 taclarier.
611 1711 711 1744 Quod
729 1711 811 1741 divit
828 1711 998 1752 Guyetus‚
1016 1711 1054 1742 τὸ
1070 1711 1288 1750 lubrfactarier
1304 1711 1357 1742 laic
1374 1711 1502 1741 nullum
1519 1711 1628 1741 locum
1647 1710 1705 1741 ha-

244 1754 338 1790 bere,
354 1754 458 1794 gratis
473 1753 609 1794 quidem
627 1754 723 1784 dicit.
752 1755 849 1785 West.
895 1755 1054 1795 Quinque
1077 1755 1184 1785 modis
1212 1754 1295 1785 ordo
1318 1754 1436 1784 horum
1461 1753 1642 1784 verborum
1670 1754 1705 1784 in

245 1797 421 1827 codicibus
439 1797 607 1827 variatur:
633 1797 687 1837 qui
706 1806 822 1827 omnes
840 1802 951 1828 metro
967 1797 1196 1835 satisfaciunt,
1213 1799 1238 1827 si
1258 1796 1299 1827 ad
1318 1797 1442 1837 digitos
1458 1796 1587 1836 exigas.
1625 1796 1706 1835 Sed,

244 1840 300 1880 qui
317 1839 390 1870 auri
409 1840 482 1880 plus
500 1841 627 1881 placet,
643 1840 698 1870 hic
714 1846 779 1878 est,
797 1841 851 1880 qni
871 1845 906 1870 et
923 1840 1080 1871 codicum
1098 1846 1150 1871 est
1168 1840 1330 1880 plurium:
1358 1840 1412 1870 Ita
1427 1848 1474 1870 me
1492 1839 1532 1869 ab
1551 1849 1587 1870 ea
1601 1841 1705 1870 astute

243 1884 332 1913 video
347 1882 580 1920 labefactarier.
604 1883 705 1913 Bent.
751 1882 851 1915 Quod
869 1883 927 1913 dat
947 1884 1049 1915 Bent.
1066 1883 1127 1914 dat
1152 1883 1212 1914 ΒΓ.
1258 1883 1311 1913 Ita
1335 1891 1382 1912 me
1395 1885 1499 1913 astute
1512 1881 1551 1912 ab
1566 1891 1602 1913 ea
1617 1881 1706 1912 video

243 1925 347 1956 Both.
372 1925 428 1966 qui
459 1930 573 1956 monet
601 1935 636 1955 se
656 1925 750 1966 sequi
779 1925 858 1956 Hel.
884 1926 963 1956 dum
987 1927 1037 1957 sic
1065 1935 1197 1956 versum
1216 1925 1427 1956 ordinat.——-4
1455 1924 1572 1956 Nostri
1588 1933 1708 1955 omnes

242 1969 391 1999 arcessier
413 1970 547 2008 domum,
572 1978 635 1999 nec
663 1969 877 2008 glossematis
902 1970 1052 2008 speciem
1084 1969 1185 1999 habet
1214 1970 1346 1999 domum.
1395 1967 1583 2008 Eleganter
1606 1967 1704 1998 abest

242 2012 365 2043 arcessi.
410 2012 513 2042 Both.
529 2012 586 2052 qui
611 2012 730 2042 scribit
749 2011 887 2049 jusserat
904 2022 950 2042 me
965 2014 1006 2041 ad
1019 2022 1050 2042 se
1065 2013 1198 2043 domum.
1242 2012 1319 2041 Jam
1334 2011 1402 2041 hem
1415 2020 1486 2040 cum
1512 2013 1550 2041 et
1571 2011 1614 2041 ad
1636 2019 1702 2041 sese

241 2055 422 2085 arcersirier
436 2056 570 2085 Domum
586 2064 654 2093 rog.
671 2064 700 2094 q.
728 2056 783 2084 ΒΓ.
828 2053 900 2085 Sese
917 2059 953 2085 et
982 2053 1097 2086 Guelf.
1127 2057 1224 2086 3.—5
1248 2053 1285 2084 Si
1307 2057 1396 2092 roget
1413 2053 1454 2084 R.
1478 2053 1575 2084 Lind.
1595 2053 1599 2056 ’
1619 2053 1702 2084 Om-

242 2106 302 2127 nes
321 2098 440 2134 nostri,
464 2108 529 2128 uno
554 2098 681 2136 derum,
705 2107 777 2128 cum
802 2107 848 2129 ea.
894 2096 1099 2138 Anapaestus
1119 2102 1184 2136 est,
1214 2096 1342 2137 absque
1373 2096 1580 2137 synaloepha.
1606 2095 1705 2127 Bent-

242 2140 298 2171 Sic
315 2140 441 2171 habent
461 2141 515 2171 ΒΥ.
534 2146 567 2171 et
586 2140 678 2172 Perl.
705 2140 760 2181 qui
791 2144 885 2170 notat
909 2141 964 2171 illa
992 2150 1065 2171 esse
1090 2140 1121 2171 in
1140 2139 1254 2171 Guelf.
1270 2141 1364 2170 2.—7
1389 2138 1537 2171 Quidam
1554 2139 1639 2169 Mss.
1666 2144 1704 2169 et

242 2183 411 2223 impressi,
429 2183 543 2221 fecisse
569 2193 610 2214 se.
657 2182 722 2213 Alii
740 2193 747 2213 ε
764 2182 880 2220 fecisse
895 2192 970 2214 sese.
993 2184 1101 2214 West.
1147 2183 1272 2214 Fecisse
1291 2191 1322 2213 se
1344 2183 1386 2213 R.
1417 2182 1514 2213 Lind.
1559 2181 1614 2212 Sic
1641 2181 1705 2212 Bt.-

241 2229 305 2256 -8
331 2226 431 2267 Erige
446 2227 511 2258 hoc
534 2237 594 2267 pei·
612 2230 791 2258 accentus:
815 2227 891 2256 ,Ιίιηι
905 2229 971 2257 erat
990 2226 1055 2257 tsaem
1070 2227 1214 2266 suspicio.
1238 2226 1341 2256 Bent.
1384 2224 1547 2266 Sequitur
1563 2224 1701 2256 Peri.—

901 2316 1041 2348 NOTAE

284 2395 299 2422 l
337 2392 496 2432 Chremes]
535 2393 697 2424 Chremes
743 2392 940 2423 adolescens

241 2442 402 2481 rusticus,
441 2442 550 2474 frater
587 2443 788 2483 Pamplniloe,
824 2443 889 2474 sibi
920 2453 939 2473 a

237 2493 366 2524 Thaide
391 2495 524 2532 metuit,
549 2504 589 2524 ne
613 2504 649 2525 se
667 2494 707 2525 ad
725 2504 799 2525 eam
824 2503 935 2524 anian-

238 2543 314 2573 dam
330 2543 467 2574 allicere
484 2550 650 2582 conetur;
673 2544 797 2574 deinde
813 2553 855 2575 ne
878 2545 935 2575 vil-

237 2594 316 2630 lam,
346 2603 445 2634 quani
476 2594 571 2624 Sunii
600 2594 714 2632 habet,
744 2594 934 2625 subducere

236 2648 369 2682 tentet;
395 2649 453 2675 aut
470 2654 511 2675 ne
526 2644 606 2675 velit
622 2645 799 2675 intendere
811 2655 846 2675 se
863 2645 934 2685 ejus

235 2704 308 2726 esse
340 2704 489 2725 sororem
518 2704 617 2735 quam
648 2695 726 2725 olim
758 2695 932 2735 parvulam

234 2745 415 2783 amiserat3
439 2750 474 2775 et
491 2749 625 2783 cuncta,
642 2749 678 2775 ut
694 2745 853 2785 suspicax
871 2749 934 2784 est,

234 2796 378 2836 maligne
396 2795 653 2835 interpretatur.

1039 2395 1057 2423 7
1082 2391 1151 2430 Ait,
1175 2401 1239 2421 rem
1255 2390 1392 2421 divinam
1409 2387 1541 2428 secisse]
1563 2387 1697 2419 Sacrifi-

993 2451 1101 2473 casse.
1147 2441 1293 2472 Veteres
1310 2440 1388 2471 nihil
1403 2437 1697 2479 aggrediebantur

992 2492 1130 2531 serium,
1158 2491 1220 2522 nisi
1254 2490 1347 2531 prius
1375 2489 1453 2520 Diis
1477 2497 1574 2520 sacra
1596 2486 1696 2519 fecis-

991 2547 1080 2573 sent.

1034 2595 1054 2622 9
1078 2593 1158 2623 Dolo
1174 2590 1268 2631 malo]
1289 2590 1398 2622 Dolus
1414 2589 1522 2620 malus
1535 2593 1599 2627 est,
1615 2598 1693 2620 cum

990 2642 1080 2673 aliud
1096 2643 1221 2682 agitur,
1238 2642 1330 2672 alind
1348 2640 1547 2671 simulatur:
1573 2639 1692 2675 bonus,

990 2692 1151 2723 adversus
1176 2693 1308 2723 hostem
1324 2696 1359 2722 et
1374 2691 1553 2721 latronem.

1030 2742 1218 2773 Accumbere
1243 2739 1382 2779 Mecum]
1406 2738 1567 2770 Solebant
1587 2739 1692 2770 Vete-

990 2802 1043 2823 res
1070 2793 1103 2823 in
1130 2790 1312 2822 coenaculis
1340 2788 1484 2820 lectulos
1502 2787 1545 2819 ad
1562 2797 1690 2821 recum·
