1903 3306
334 222 419 263 404
480 233 519 262 P.
551 230 791 261 TEREN‘ru
828 231 943 262 Arni
979 231 1027 261 ru
1068 231 1351 262 EUNUCHUM
1387 232 1659 265 PROLOGUS.

335 325 469 377 Quod
491 325 529 367 si
549 326 747 380 personis
768 324 928 365 iisdem
948 325 1011 365 uti
1033 324 1132 365 aliis
1150 337 1239 365 non
1260 324 1380 376 licet,
1412 379 1414 381 .
1734 327 1797 370 35¹

336 392 428 443 Qui
449 394 592 446 magis
612 394 731 442 licet,
755 395 973 433 currentes
997 392 1162 432 Servos
1184 393 1390 443 scribere,

335 462 486 503 Bonas
510 461 741 502 Matronas
764 460 921 509 facere,
945 458 1199 499 Meretrices
1220 460 1375 510 malas,

334 529 587 570 Parasitum
607 529 805 577 edacem,
827 527 1082 568 Gloriosum
1106 526 1314 578 Militem,

334 597 529 638 Puerum
550 596 757 650 supponi,
778 595 877 635 falli
897 607 974 647 per
995 594 1180 635 Servum
1201 595 1374 646 Senem,

333 665 514 714 Amare,
538 664 707 713 odisse,
728 663 976 716 suspicari?
999 661 1188 716 denique
1734 666 1792 707 40

334 732 519 773 Nullum
538 736 607 772 est
621 731 717 785 jam
738 731 923 779 dictum,
944 730 1064 783 quod
1084 743 1171 770 non
1189 730 1353 772 dictum
1374 732 1430 772 sit
1450 732 1586 785 prius.

334 799 487 850 Quare
509 812 686 852 aequum
704 802 773 839 est
792 811 872 839 vos
893 810 1174 851 cognoscere,
1197 803 1331 852 atque
1354 799 1598 852 ignoscere,

334 866 449 917 Quae
467 872 635 908 veteres
656 866 927 916 factitarunt,
948 866 986 907 si
1006 866 1176 907 faciunt
1194 866 1314 908 novi.

333 935 455 976 Date
477 947 672 988 operam,
694 937 738 975 et
759 937 859 974 cum
879 933 1053 974 silentio
1076 933 1427 984 animadvertite,

334 1002 400 1044 Ut
419 1001 714 1056 pernoscatis,
735 1001 841 1057 quid
862 1002 948 1043 sibi
975 1001 1212 1043 Eunuchus
1235 1002 1355 1043 velit.
1734 1005 1791 1046 45

333 1146 404 1167 vero
418 1146 451 1167 se
464 1135 655 1175 ignoravisse
672 1137 843 1176 pertendit.
892 1136 982 1172 Quod
1004 1137 1033 1167 si
1045 1135 1186 1176 personis
1207 1135 1330 1175 iisdem,
1346 1135 1454 1177 quibus
1468 1139 1586 1168 veteres
1600 1136 1720 1168 Comici
1743 1135 1794 1166 usi

332 1182 414 1219 sunt,
428 1180 515 1210 novis
533 1179 638 1210 Poetis
652 1179 698 1210 uti
713 1189 773 1210 non
790 1180 873 1218 licet,
889 1189 944 1210 cur
958 1181 1059 1218 magis
1079 1179 1150 1210 licet
1164 1178 1358 1216 festinantes
1379 1179 1608 1219 servossacere,
1622 1179 1715 1210 bonas
1729 1189 1795 1209 ma-

332 1225 407 1253 tres·
406 1222 552 1260 familias
566 1223 599 1252 in
614 1232 735 1252 scenam
749 1224 938 1262 producere,·
961 1223 1139 1253 meretrices
1154 1222 1262 1262 malas,
1275 1222 1446 1261 parasitum
1458 1232 1611 1262 voracem,
1623 1221 1793 1261 gloriosum

332 1265 474 1304 militem,
488 1268 614 1305 partum
629 1265 750 1302 salsum
764 1266 903 1305 supponi,
920 1265 1024 1295 deludi
1035 1274 1092 1305 per
1106 1274 1228 1295 servum
1250 1274 1352 1295 senem
1371 1265 1540 1303 dominum,
1561 1274 1692 1305 amores,
1711 1265 1794 1304 odia,

332 1305 543 1348 suspiciones?
567 1309 730 1339 Postremo
746 1308 825 1338 nihil
837 1308 900 1338 dici
918 1318 995 1338 nunc
1020 1318 1040 1339 a
1064 1307 1151 1338 nobis
1173 1311 1284 1348 potest,
1311 1309 1391 1348 quod
1414 1318 1475 1338 non
1498 1308 1536 1339 ab
1559 1308 1632 1338 aliis
1645 1311 1717 1338 unte
1739 1317 1794 1338 nos

332 1352 449 1381 dictum
456 1350 570 1387 fuerit.
619 1351 823 1386 Quamobrem
836 1361 953 1391 (equum
977 1354 1021 1382 est
1042 1361 1108 1389 vos,
1122 1350 1332 1390 Spectatores‚
1346 1360 1525 1390 cognoscere
1539 1354 1687 1391 quantam
1702 1350 1794 1382 liceat

333 1394 445 1425 Poetis
459 1394 493 1425 in
513 1393 665 1424 imitando
679 1393 739 1424 sibi
753 1404 883 1433 sumere,
898 1397 990 1434 atque
1004 1393 1174 1433 ignoscere,
1198 1394 1227 1424 si
1247 1395 1319 1424 novi
1337 1393 1376 1424 ab
1401 1395 1551 1434 antiquis,
1565 1404 1632 1434 quoe
1646 1393 1707 1424 sibi
1722 1403 1792 1424 con-

331 1438 474 1477 veniunt,
497 1438 675 1477 quandoque
700 1440 897 1467 mutuentur:
920 1448 988 1467 cum
1009 1436 1149 1476 antiquis
1170 1436 1253 1467 idem
1278 1435 1383 1467 crebro
1400 1437 1511 1473 facere
1536 1437 1670 1469 licuerit.
1722 1436 1795 1476 Vos,

333 1479 476 1520 Actor-es,
490 1481 605 1510 attenti
619 1483 767 1520 spectate,
784 1483 814 1510 et
830 1490 899 1510 cum
920 1480 1043 1510 silentio
1057 1480 1225 1519 advertite,
1241 1482 1277 1510 ut
1297 1480 1407 1510 sciatis
1422 1490 1498 1520 quas
1511 1490 1563 1512 res
1576 1479 1731 1511 contineat
1745 1482 1793 1510 at-

332 1533 388 1563 que
404 1523 559 1565 exprimat
574 1523 744 1555 Eunuchus
761 1523 928 1554 Comoedia.

947 1625 1182 1638 eeeeeeeeeee

335 1712 371 1740 et
387 1707 469 1739 EM.
491 1707 619 1738 habent
634 1708 762 1737 sen—35
790 1705 830 1741 Q.
855 1716 880 1737 s.
902 1716 937 1746 p.
953 1706 1064 1737 iisdem
1080 1705 1127 1737 ati
1143 1704 1214 1735 aliis
1230 1714 1261 1734 n.
1278 1704 1316 1744 L]
1342 1703 1383 1734 In
1399 1703 1496 1734 Bem.
1510 1705 1577 1741 est,
1597 1702 1710 1734 iisdem
1724 1703 1795 1734 huic

334 1752 384 1782 uti
400 1761 431 1783 n.
447 1752 468 1783 l.
491 1759 633 1791 quarum
650 1750 832 1780 lectionum
856 1754 933 1780 utra
959 1749 1079 1780 melior
1104 1747 1162 1787 sit,
1186 1753 1340 1779 statuere
1364 1746 1504 1777 nescio:
1528 1746 1666 1777 interim
1685 1746 1796 1786 vulga-

336 1800 407 1825 tam
424 1794 625 1825 tenebimus.
651 1792 707 1823 Fa.
752 1791 860 1833 Atqui
878 1791 981 1822 facile
999 1796 1086 1830 erat,
1109 1796 1186 1821 utra
1208 1790 1328 1821 melior
1345 1793 1450 1829 esset,
1474 1793 1640 1820 statuere.
1686 1788 1797 1820 Recte

334 1837 419 1876 aliis,
444 1837 524 1877 quia
539 1836 639 1866 multi
663 1840 736 1866 tum
766 1845 833 1866 una
858 1833 1025 1866 florebant
1049 1833 1186 1875 poetae:
1212 1842 1278 1864 non
1305 1833 1387 1870 huic,
1409 1831 1505 1873 quasi
1529 1831 1583 1863 hic
1608 1831 1697 1862 solus
1725 1836 1795 1863 tum

336 1880 517 1912 scriberet.
537 1880 632 1910 Bent.
667 1879 759 1919 Lips.
777 1883 811 1909 et
827 1878 885 1908 ΒΓ.
901 1878 1118 1908 hisdem—36
1133 1876 1201 1907 Alii
1215 1877 1435 1906 discurrentes.
1473 1875 1532 1906 Fa.
1550 1884 1593 1906 ex
1606 1874 1705 1905 Bem.
1723 1878 1797 1906 tue-

335 1928 391 1954 tur
407 1926 580 1954 currentem
591 1931 724 1960 servum,
738 1920 827 1962 quod
843 1922 987 1961 probant
1003 1920 1093 1959 Guy.
1110 1919 1212 1950 Both.
1231 1919 1414 1958 Vulgarem
1428 1918 1508 1949 lect.
1520 1917 1678 1949 defendit
1691 1917 1795 1948 Bent.

336 1969 423 1997 -33
448 1966 514 1996 Hic
533 1975 580 1996 νε.
605 1965 702 1995 abest
725 1965 913 1995 Rom—41
940 1963 1102 2003 Quinque
1126 1972 1166 1993 ex
1196 1962 1334 2000 nostris,
1355 1971 1415 1991 non
1437 1961 1481 1991 sit
1507 1961 1636 1991 dictum.
1682 1960 1796 1992 Credo

337 2009 481 2040 Poetam
500 2009 548 2039 sic
565 2008 715 2046 dedisse,
738 2008 782 2038 N.
809 2010 854 2038 est
874 2007 944 2045 jam
967 2006 1096 2045 (lictum,
1117 2005 1233 2036 dictum
1256 2007 1335 2044 quod
1352 2013 1412 2034 non
1426 2004 1469 2034 sit
1483 2003 1582 2044 prius.
1605 2004 1796 2034 Bent.—42

335 2052 371 2084 J.
389 2062 444 2083 nos
460 2061 520 2093 pro
535 2053 685 2082 vos.—-44
710 2049 765 2081 Ab
782 2050 931 2089 antiquis
950 2049 1031 2081 libb.
1048 2048 1145 2079 abest
1162 2048 1285 2088 copula
1310 2050 1364 2084 et;
1386 2046 1446 2077 sed
1461 2047 1524 2078 hoc
1542 2046 1684 2087 amplius
1699 2045 1796 2078 Beni.

339 2100 375 2126 et
392 2095 471 2126 Bas.
488 2095 627 2132 liabent,
649 2093 787 2123 animum
802 2093 973 2124 attendite.-
997 2091 1141 2122 eandem
1169 2092 1249 2122 lect.
1276 2090 1432 2121 continet
1459 2093 1495 2120 et
1519 2090 1690 2128 Donatus,
1715 2089 1796 2120 licet

338 2139 449 2180 aliqua
467 2147 507 2168 ex
526 2142 624 2177 parte
640 2141 822 2175 corruptus
839 2148 845 2165 :
871 2136 920 2166 ita
938 2135 1026 2166 enim
1043 2135 1143 2165 dicit:
1167 2135 1176 2150 ‘
1194 2134 1264 2165 Nos
1279 2133 1422 2164 dicimus
1437 2132 1601 2171 attendite,
1624 2131 1713 2173 quod
1729 2132 1797 2162 Ve-

338 2187 430 2212 teres
449 2181 549 2221 plene
565 2179 807 2211 animadvertite
817 2178 841 2209 .·’
866 2179 921 2209 ubi
940 2188 1001 2218 pro
1023 2177 1263 2208 animadvertite
1279 2175 1458 2216 legendum
1471 2176 1609 2206 animum
1624 2174 1796 2206 attendite:

335 2224 518 2255 lectionem
534 2233 614 2254 vero
632 2222 771 2261 Donati,
788 2231 862 2263 quae
879 2222 1041 2262 impressa
1057 2225 1121 2259 est,
1137 2221 1172 2250 in
1189 2220 1280 2250 nulio
1294 2220 1316 2250 l.
1333 2229 1360 2251 s,
1373 2219 1445 2258 ejus
1461 2218 1594 2249 inveni:
1613 2222 1666 2250 est
1681 2222 1796 2249 autem

337 2267 466 2297 locutio
482 2266 699 2305 Terentiana,
725 2270 763 2296 ut
786 2265 817 2295 in
837 2265 975 2295 Phorm.
1000 2266 1009 2281 ‘
1024 2264 1126 2295 Nunc
1141 2262 1221 2304 quid
1241 2263 1340 2293 velim
1356 2262 1502 2292 animum
1519 2259 1714 2292 attendite.’
1737 2259 1796 2291 Fa.

338 2310 420 2340 Tres
436 2311 538 2341 etiam
554 2310 657 2340 Bent.
675 2314 709 2339 et
727 2309 829 2339 Both.
848 2308 941 2339 Peri.
964 2307 1101 2338 animum
1115 2305 1279 2337 attendite.
1325 2305 1414 2335 Pan.
1428 2303 1679 2335 animadvortite.
1705 2303 1715 2320 ‘
1729 2303 1798 2333 Do·

338 2352 461 2393 natus,’
487 2353 596 2394 iuquit
613 2352 720 2383 Zeun.
744 2352 753 2368 ‘
767 2351 857 2392 apud
873 2351 1072 2382 Terentium
1089 2349 1174 2390 legit
1190 2348 1278 2379 haud
1295 2347 1398 2379 dubie
1412 2347 1550 2379 animum
1562 2345 1741 2378 advertite.'

998 2451 1139 2484 NOTAE

384 2523 423 2551 235
452 2521 540 2556 Quod
555 2521 583 2551 si
601 2520 756 2560 personis]
794 2517 965 2551 Defendit
993 2528 1044 2550 ar·
1099 2517 1220 2559 quibus
1234 2517 1300 2549 illis
1318 2515 1441 2549 Naevio
1457 2518 1494 2547 et
1505 2514 1646 2555 Plauto,
1662 2512 1710 2546 uti
1724 2521 1798 2554 per-

345 2576 505 2611 gumento
532 2582 550 2602 a
576 2571 661 2611 pari,
690 2572 792 2603 licere
820 2570 884 2601 sibi
910 2569 1043 2606 iisdem,
1098 2570 1200 2602 sonis.²
