1903 3306
319 230 404 270 230
806 234 1113 266 rssAuorscus
1147 233 1284 264 HARE

322 333 488 384 generi&
523 344 611 382 quae
651 328 800 368 scilicet
837 328 974 366 insitas
1002 327 1201 366 verborum
1223 326 1459 377 quantitates
1482 333 1639 377 augent,
1668 334 1706 365 et
1731 318 1777 365 inv

320 396 512 449 prosodiae
533 395 641 445 leges
660 399 836 445 peccant,
856 397 899 430 ut
918 390 1088 442 syllabas
1109 397 1247 428 natura
1260 391 1394 428 breves
1410 389 1650 440 producant;
1680 403 1768 441 quae

322 462 400 499 sere
421 466 513 498 sunt
531 456 765 509 hujusmodi.

376 523 518 569 Primo,
551 520 800 572 synaloephas
833 519 966 557 crebro
997 517 1215 567 negligunt,
1248 523 1287 554 et
1320 516 1510 554 vocalium
1541 529 1771 562 concursus,

324 599 396 625 nec
417 584 592 623 vocalem
619 597 667 622 ne
687 584 842 621 brevem
862 581 1021 632 quidem
1048 579 1213 625 elidunt,
1234 578 1294 616 his
1320 578 1515 630 praecipue
1546 579 1669 623 locis;
1712 593 1772 617 se-

325 656 467 702 quente
487 647 748 699 diphthongo,
778 652 867 684 ante
887 657 1065 698 pausam,
1086 643 1126 682 in
1143 643 1411 694 bisegmentiS,
1427 648 1467 681 et
1484 656 1573 681 cum
1592 643 1670 681 alia
1687 655 1774 694 per-

325 726 423 751 sona
442 712 638 751 dicentem
660 709 816 761 excipit.

379 776 576 823 Secundo,
595 776 635 814 in
655 774 878 827 dissyllabis
899 773 1132 825 quibusdam
1151 771 1317 823 priorem
1337 784 1415 810 non
1430 783 1517 810 raro
1537 770 1772 823 producunt,

328 848 369 879 ut
388 841 442 888 in,
475 841 524 887 ei,
553 841 619 887 rei,
654 838 760 891 spei:
803 851 892 889 quae
925 845 1019 876 tunc
1051 837 1062 874 i
1084 836 1229 888 duplici
1263 835 1378 874 scribi
1412 835 1554 874 solent.
1610 834 1774 873 Plautus

326 906 441 944 etiam
479 903 616 943 eadem
650 902 804 941 licentia
824 915 916 940 usus
949 908 1010 938 est
1045 900 1098 946 in,
1132 907 1236 946 tuus,
1272 912 1379 946 suus,
1408 912 1512 946 eum,
1533 899 1668 943 Deus;
1699 911 1778 950 qua

325 968 483 1007 licentia
517 967 624 1006 nulla
661 967 788 1005 minus
825 966 939 1004 venia
969 963 1121 1003 videtur
1141 964 1284 1015 digna3
1328 976 1529 1016 nunquam
1556 968 1662 1002 certe
1690 974 1775 1001 eam

328 1032 505 1071 adhibuit
523 1032 740 1070 Terentius.

379 1097 520 1141 Tertio,
542 1096 678 1135 finales
700 1094 870 1147 syllabas
889 1094 1025 1132 breves
1045 1093 1082 1130 in
1103 1092 1240 1142 quavis
1262 1090 1355 1131 sede
1376 1098 1467 1130 ante
1488 1089 1775 1142 diphthongum

328 1161 559 1214 producunt,
593 1166 649 1206 ut,
682 1159 722 1196 id
759 1171 906 1205 aurum,
941 1156 1011 1194 sed
1042 1169 1212 1207 aequum,
1248 1155 1465 1199 Inaudivit3
1494 1167 1568 1193 nec
1588 1167 1667 1192 non
1687 1160 1778 1190 ante

327 1225 502 1264 vocalem
521 1223 696 1276 quamvis
726 1223 766 1260 in
796 1220 1061 1272 bisegmenfis,
1094 1227 1133 1258 et
1151 1219 1187 1257 vi
1208 1232 1395 1262 caesurae;
1425 1217 1467 1256 id
1486 1217 1592 1270 quod
1612 1218 1776 1255 Plautus

329 1303 434 1341 saepe
466 1289 559 1327 fecit
587 1290 626 1326 in
656 1287 814 1326 vocibus
847 1284 1066 1337 dactylicis,
1098 1297 1187 1323 cum
1216 1283 1256 1321 in
1275 1282 1401 1322 vocali
1430 1288 1572 1321 exeunt
1591 1287 1778 1332 sequente

330 1366 528 1398 consona;
570 1352 640 1391 sed
667 1359 706 1390 et
737 1350 911 1389 vocalem
939 1350 1095 1389 brevem
1127 1354 1314 1399 sequente
1345 1348 1461 1386 etiam
1479 1345 1606 1384 vocali
1632 1344 1776 1397 saepius

329 1417 514 1470 produxit
531 1418 569 1456 in
589 1414 855 1468 bisegmentis.

384 1483 546 1528 Quarto,
567 1494 606 1519 re
635 1481 671 1518 in
695 1478 920 1531 compositis
950 1477 1092 1529 saepius
1122 1476 1344 1528 producunt
1375 1486 1588 1514 consonam
1610 1486 1699 1525 quae
1719 1484 1780 1511 se·

331 1546 460 1597 quitur
481 1543 730 1597 geminando,
749 1549 794 1581 ut
811 1543 863 1589 in,
884 1541 1020 1588 redux,
1040 1540 1198 1586 reduco,
1216 1539 1361 1578 retulit.

387 1609 548 1655 Quinto,
582 1609 621 1646 in
641 1605 894 1660 polysyllabis
927 1617 1032 1656 saepe
1058 1603 1282 1656 producunt
1308 1600 1669 1654 antepenultimam,
1686 1612 1781 1638 con-

333 1682 391 1712 tra
409 1672 602 1725 prosodiae
632 1672 754 1723 leges,
788 1670 819 1708 si
840 1671 878 1707 in
900 1682 985 1707 eam
1011 1668 1130 1707 cadat
1162 1674 1362 1714 accentus,
1397 1672 1441 1704 ut
1460 1666 1514 1712 in,
1534 1664 1782 1710 conventitia,

331 1737 631 1783 conductitium,
651 1735 894 1787 projectitiae‚
915 1733 1122 1779 emissifiis,
1157 1739 1196 1770 et
1215 1732 1299 1769 aliis
1329 1732 1368 1769 in
1402 1730 1478 1768 itiis
1499 1728 1781 1767 desinentibus,

334 1802 412 1840 Sed
434 1801 598 1839 Plautus
616 1800 690 1838 hac
719 1798 879 1837 licentia
897 1810 990 1834 usus
1013 1802 1074 1834 est
1093 1796 1208 1834 etiam
1237 1795 1277 1832 in
1298 1792 1534 1845 dissyllabis,
1554 1805 1641 1830 cum
1663 1791 1782 1830 encli-

333 1866 420 1904 tieae
438 1866 654 1917 adjectione
675 1868 858 1902 accentus
892 1866 1081 1905 movetur,
1115 1859 1297 1909 AEriique,
1331 1858 1538 1907 Lacteque,
1571 1855 1610 1892 in
1641 1854 1783 1906 quibus

336 1930 398 1968 vel
415 1929 608 1968 secundas
628 1926 823 1979 produxit,
843 1924 919 1970 vel,
941 1937 1027 1974 que,
1060 1923 1099 1960 in
1134 1922 1232 1960 duas
1265 1919 1435 1974 syllabas
1462 1918 1646 1957 resolvit:
1678 1918 1783 1956 idem

337 1995 452 2032 etiam
472 1994 509 2031 in
528 1993 687 2032 vocibus
703 1989 901 2042 quaternis
918 1994 984 2026 aut
996 1987 1123 2038 quinis
1145 1986 1307 2039 syllabis
1320 1983 1590 2023 constantibus
1606 1981 1783 2034 primam,

338 2062 490 2099 brevem
520 2058 623 2104 licet,
653 2056 740 2108 plus
761 2053 880 2093 semel
899 2051 1096 2104 produxit,
1129 2059 1173 2091 ut
1191 2051 1245 2099 in,
1265 2052 1512 2095 amarentur,
1532 2045 1785 2092 amatoribus,

337 2124 536 2163 amatorie.

392 2189 523 2233 Sexto,
543 2186 555 2223 i
573 2193 612 2224 et
631 2198 655 2222 u
674 2186 809 2222 breves
829 2184 867 2220 in
901 2182 1032 2234 primis
1053 2186 1122 2220 aut
1152 2178 1290 2217 mediis
1321 2174 1480 2229 syllabis
1501 2180 1591 2212 ante
1610 2173 1785 2212 vocalem

338 2252 571 2304 producunt,
591 2257 634 2287 ut
651 2250 703 2296 in,
722 2249 819 2294 ierit,
842 2248 969 2294 fuerit,
991 2247 1157 2298 pluerat,
1177 2243 1365 2288 audierat,
1383 2238 1573 2278 habuerit.

392 2315 580 2365 Septimo,
615 2325 733 2351 unam
773 2311 964 2363 syllabam
995 2310 1035 2347 in
1072 2309 1170 2347 duas
1209 2306 1424 2351 resolvunt,
1452 2302 1511 2341 vel
1549 2299 1785 2340 resolutione

343 2379 588 2431 diphthongi,
605 2384 647 2415 ut
668 2377 720 2423 in,
736 2375 914 2425 hospitae,
932 2374 1086 2420 Cliniae,
1107 2385 1233 2423 aquae,
1253 2370 1313 2408 vel
1332 2370 1344 2407 i
1364 2375 1402 2406 et
1418 2380 1443 2404 u
1462 2377 1656 2405 consonas
1670 2364 1709 2403 in
1720 2377 1789 2402 vo-

339 2445 443 2483 cales
463 2441 666 2487 mutando,
686 2446 730 2478 ut
748 2439 802 2486 in,
821 2438 910 2485 iam,
936 2437 1043 2488 quod
1063 2449 1168 2488 saepe
1201 2435 1244 2472 fit
1262 2431 1532 2484 dissyllabum,
1561 2429 1692 2475 larvae,
1710 2427 1786 2466 lar-

338 2515 466 2553 vatus,
485 2505 639 2551 milvus,
659 2507 732 2541 &c.
765 2515 854 2553 quae
881 2500 1044 2539 mutatio
1077 2512 1156 2537 non
1187 2498 1297 2544 dura,
1331 2501 1398 2533 aut
1426 2498 1565 2532 coacta
1582 2491 1787 2538 videbitur,

341 2574 385 2619 si,
406 2584 492 2622 quae
512 2569 618 2620 prius
638 2567 718 2605 dixi
738 2566 786 2603 de
808 2565 981 2616 legitima
1000 2565 1131 2602 literas
1152 2562 1240 2607 has,
1260 2573 1346 2599 cum
1367 2570 1553 2597 consonae
1573 2561 1679 2602 sunt,
1697 2566 1788 2606 pro·

339 2632 544 2673 nuntiandi
564 2631 725 2675 ratione,
758 2630 795 2666 in
828 2628 997 2666 animum
1018 2637 1262 2665 revocemus.
1316 2624 1366 2661 Et
1394 2622 1469 2660 hac
1501 2621 1598 2659 forte
1617 2618 1786 2664 licentia,

339 2698 430 2750 quid
451 2704 491 2735 ct
509 2709 584 2747 que
603 2692 794 2732 interdum
815 2692 955 2729 Plauto
971 2691 1161 2742 producta
1181 2693 1284 2726 sunt.

394 2762 559 2808 Octavo,
579 2759 602 2796 h
624 2768 808 2797 consonae
829 2768 933 2806 saepe
958 2756 1032 2793 vim
1053 2753 1183 2798 habet,
1214 2757 1258 2789 ut
1291 2747 1481 2800 syllabam
1510 2746 1666 2786 brevem
1684 2743 1788 2796 posi-
