1945 3296
337 194 421 236 112
616 204 743 236 LOCA
779 204 1052 236 MENANDRI
1088 205 1147 235 ΕΤ
1180 178 1519 240 ΑΡΟΒΒΟΒΟΒΙ.

337 300 454 345 Quod
473 300 512 338 in
529 299 769 352 increpando
790 312 884 351 erga
902 299 1023 337 filium
1044 299 1095 337 sit
1115 312 1259 338 saevus.

338 370 348 386 ‘
371 364 589 403 Periculum
610 377 658 402 ex
679 363 791 402 aliis.’
845 363 934 401 Huc
955 364 1122 414 pertinet
1139 364 1237 402 illud
1259 364 1464 403 Menandri
1483 379 1491 404 :

339 429 498 467 Βλέπων
519 427 740 477 πεπαίδευμ’
760 430 810 465 εἷς
829 430 874 465 τὰ
895 434 966 465 τῶν
987 429 1115 465 ἄλλων
1137 428 1241 465 κακά.

340 492 449 530 Mala
467 493 621 530 intuens
643 492 818 539 aliorum,
839 491 979 529 doctus
1001 503 1076 542 ego
1097 491 1162 528 fui.

900 583 991 622 Act.
1014 596 1066 622 11.
1096 585 1161 623 Sc.
1185 598 1237 624 11.

341 666 350 682 ‘
371 660 553 707 Occasio,
572 659 710 706 locus,'
729 662 804 696 &c.
861 657 1102 696 Menander:

342 726 468 773 Μικρὰ
485 726 663 776 πρόφασίς
683 725 762 762 ἐστι
781 727 843 760 τοῦ
868 727 1003 772 πρᾶξαι
1020 729 1147 761 κακῶς.

342 788 404 827 Ad
424 801 540 840 prave
561 787 769 839 agendum,
789 799 909 838 parva
930 786 1024 824 satis
1045 786 1200 825 occasio
1222 792 1295 825 est.

895 894 985 931 Act.
1008 907 1059 931 11„
1099 893 1165 932 Sc.
1188 906 1262 931 111.

345 977 354 994 ‘
375 972 584 1010 Texentem
603 969 722 1009 telam
744 968 944 1016 studiose,'
972 971 1047 1007 ἕζεο.
1104 968 1324 1008 Menander
1356 967 1463 1020 apud
1492 967 1538 1007 P.
1560 968 1705 1008 Victor.
1738 969 1803 1007 lib.

402 1050 466 1074 xx.
487 1048 574 1086 cap.
601 1036 663 1072 15.
684 1033 777 1071 Var.
799 1032 906 1071 Lect.

345 1101 405 1148 Ἐξ
423 1101 588 1150 ἶσταρίου
608 1100 681 1148 γὰρ
702 1099 879 1148 ἐκρέματο
899 1099 1105 1149 φιλοπόνως
1124 1098 1238 1135 πάνυ.

346 1164 528 1203 Animum
550 1176 573 1200 a
592 1162 672 1200 tela
693 1175 929 1213 suspensum
950 1162 1107 1200 omnino
1130 1161 1305 1199 studiose
1325 1161 1559 1211 occupabat.

348 1233 357 1250 ⁴
381 1229 470 1266 Una
489 1226 675 1265 ancillula
693 1225 800 1272 erat‚'
821 1228 893 1263 &c.
951 1225 1172 1264 Menander
1193 1224 1298 1277 apud
1326 1224 1562 1263 Politianum
1580 1237 1589 1261 ε

348 1294 427 1332 Καὶ
448 1292 662 1343 θεραπαινὶς
679 1288 725 1336 ἦν
749 1293 829 1340 μία·
864 1291 956 1336 αὕτη

347 1357 555 1409 Συνῦφαινε
571 1356 736 1406 ῥυπαρῶς
756 1353 981 1406 διακειμένη.

351 1421 402 1459 Et
419 1432 499 1458 una
518 1418 704 1457 ancillula
723 1424 828 1461 erat;

351 1485 465 1531 Haec,
485 1482 633 1521 sordidi
654 1481 771 1519 animi
792 1480 924 1532 plena,
943 1486 1136 1520 texturam
1155 1493 1234 1518 una
1254 1479 1436 1520 faciebat.

352 1554 362 1570 ‘
386 1547 553 1586 Facinus
575 1559 760 1597 magnum
781 1551 821 1583 et
839 1545 1120 1583 memorabile.'
1174 1544 1393 1583 Menander
1411 1557 1420 1582 :

354 1613 476 1661 Μέγα
496 1614 556 1649 καὶ
574 1609 797 1661 περιβόητον
817 1610 940 1658 ἔργον.

354 1681 363 1697 ‘
387 1677 431 1714 In
452 1688 583 1713 aurem
601 1673 786 1713 utramvis
805 1680 848 1712 ut
870 1672 1071 1711 dormias:
1130 1671 1320 1710 Menand.
1343 1670 1525 1710 Plautio:

352 1742 435 1780 Ἐπ’
453 1742 680 1792 ἀμφοτέραν,
702 1739 749 1776 ἵν’
768 1739 960 1787 ἐπίκληρος
979 1734 1016 1791 ᾗ,
1036 1739 1170 1787 μέλλει
1193 1734 1447 1782 καθευδήσειν.

354 1806 400 1844 In
421 1817 552 1843 aurem
574 1809 791 1854 utramque,
812 1800 1132 1852 quandoquidem
1153 1800 1290 1838 dotata
1309 1806 1384 1846 est,
1404 1799 1534 1837 cubet.

356 1874 365 1890 ⁴
386 1870 430 1907 In
450 1881 538 1908 eum
552 1868 634 1919 jam
651 1879 712 1905 res
733 1866 846 1904 rediit
865 1866 1008 1911 locum,
1027 1871 1072 1903 ut
1092 1865 1142 1904 sit
1162 1863 1351 1903 necesse.’
1407 1861 1626 1901 Menander
1643 1875 1651 1899 :

355 1934 457 1983 Τρία
478 1936 551 1983 γάρ
571 1934 662 1979 ἐστι,
680 1931 857 1977 δέσποτα,
880 1929 925 1968 δι’
945 1927 998 1967 ὦν
1018 1931 1169 1967 ἅπαντα
1190 1933 1379 1978 γίγνεται·

347 1996 403 2034 ἌΗ
421 1999 512 2035 κατὰ
533 1998 678 2047 νόμους,
697 1996 719 2040 ἢ
738 2001 818 2034 ταῖς
834 1997 1030 2043 ἀνάγκαις,
1050 1996 1120 2043 ἥγε
1141 1994 1278 2044 τρίτον,
1298 1994 1373 2031 ἔθει
1392 1995 1476 2030 τινί.

359 2060 422 2098 Ad
441 2073 502 2099 res
525 2060 716 2112 gerendas
735 2059 795 2096 his
817 2060 939 2097 tribus
961 2057 1243 2109 compellimur,

359 2124 619 2170 Necessitate,
647 2124 748 2175 lege,
770 2121 1070 2161 consuetudine.

918 2225 1007 2263 Act.
1031 2238 1083 2262 11.
1120 2225 1186 2263 Sc.
1210 2237 1266 2261 ιν.

362 2307 372 2324 ‘
396 2302 546 2340 Formae
567 2313 693 2339 mores
714 2298 938 2338 consimiles
960 2298 1088 2336 sient.’
1145 2296 1363 2336 Menander
1382 2294 1487 2347 apud
1510 2294 1709 2332 Stobaeum
1727 2307 1736 2332 :

354 2366 480 2405 “Orav
498 2370 605 2417 φύσει
622 2366 662 2403 τὸ
682 2365 816 2402 κάλλος
835 2365 1028 2413 ἐπικοσμεῖ
1052 2364 1182 2412 τρόπος

363 2430 540 2479 Χρηστός,
561 2429 765 2467 διπλασίως
785 2430 947 2477 προσιὼν
964 2429 1171 2465 ἁλίσκεται.

365 2493 533 2537 Quando
554 2506 680 2530 mores
702 2491 836 2530 faciles
857 2491 1024 2529 naturali
1044 2491 1178 2529 formae
1199 2494 1378 2528 ornatum
1408 2485 1587 2530 afferunt,
1623 2483 1819 2522 ventitans

419 2556 625 2607 dupliciter
646 2557 808 2607 capitur.

366 2626 377 2643 ⁴
400 2621 484 2659 Nos
506 2632 662 2671 quoque
683 2632 796 2657 senes
817 2625 877 2656 est
896 2631 1052 2668 aequum
1073 2617 1230 2656 senibus
1251 2614 1440 2666 obsequi.'
1497 2611 1739 2651 Menander:

366 2685 490 2736 Γέρων
507 2687 653 2734 γέροντι
669 2685 850 2732 γλῶσσαν
870 2681 1024 2727 ἡδίστην
1043 2683 1136 2732 ἔχει.

367 2749 467 2789 Παῖς
486 2747 604 2795 παιδὶ,
631 2749 689 2786 καὶ
710 2748 856 2795 γυναικὶ
876 2748 1081 2796 πρόσφορον
1102 2750 1207 2793 γυνή,
