1903 3306
346 248 429 291 182
743 260 1031 292 JoAcHIMUS
1065 261 1392 296 cAMERAmus

343 366 428 404 pro,
448 366 579 392 senex.
623 354 802 405 AEdepol,
822 355 965 406 aedpol.
1007 355 1203 405 Virgines,
1224 356 1393 407 virgnes.
1443 358 1597 396 Semine
1615 359 1793 399 oriundi:

345 417 423 455 Sed
443 419 566 469 magis
600 419 835 465 universum,
862 418 966 469 apud
987 418 1219 466 Lucretium,
1242 421 1382 459 Semne
1402 427 1441 459 et
1457 434 1679 461 unversum.
1727 422 1792 461 Sic

343 488 383 519 et
401 483 453 527 in,
488 488 640 529 evenat,
674 483 813 521 extrita
844 484 856 519 i
885 483 996 520 litera
1014 483 1179 531 videtur,
1199 490 1243 521 ut
1262 484 1366 535 apud
1386 484 1567 533 Ennium,
1601 485 1791 526 referente

342 544 472 583 Nonio
492 559 500 583 ε

448 620 575 658 Senex
596 620 702 666 siem,
724 620 871 658 utinam
889 627 1050 659 mortem
1070 628 1251 673 oppetam
1271 622 1496 673 priusquam
1516 631 1668 663 evenat.

448 683 564 726 Quod
585 683 622 719 in
643 684 829 734 pauperia
847 697 933 722 mea
953 697 1071 722 senex
1093 686 1255 736 graviter
1275 699 1440 736 gemam.

343 766 445 810 Quin
462 767 575 804 etiam
593 766 757 804 initiales
774 767 944 818 syllabas
961 768 1072 818 quasi
1092 769 1343 807 absorbentes
1359 770 1487 808 minus
1504 779 1790 821 expresserunt.

341 830 417 868 Sed
439 830 488 868 ad
510 830 750 867 extritionem
772 837 1019 868 revertamur.
1077 831 1241 869 Delituit
1272 833 1387 883 igitur
1420 833 1460 870 in
1493 834 1631 871 Latina
1658 834 1790 886 lingua

341 907 446 946 saepe
467 907 512 932 ac
531 894 695 931 multum
715 894 752 930 in
773 895 1086 944 pronuntiatione
1106 895 1216 932 litera
1237 908 1278 933 s:

499 968 653 1005 Samnis
674 981 834 1018 spurcus
853 968 969 1006 homo
988 970 1067 1006 vita
1086 968 1152 1007 illa
1169 969 1310 1020 dignus
1329 969 1507 1021 locoque.

499 1032 677 1069 Formido
697 1032 790 1081 quid
812 1045 886 1083 ago
903 1044 913 1075 ;
942 1033 1006 1079 da,
1026 1032 1176 1079 Venus,
1196 1033 1414 1072 consilium.

497 1095 665 1133 Pandite
685 1096 796 1133 sultis
817 1109 953 1146 genas.

497 1159 651 1198 Puncto
670 1160 854 1211 temporis
875 1160 1053 1199 reddant.

340 1246 429 1283 Huc
448 1245 650 1283 referenda
678 1246 744 1283 illa
764 1259 851 1296 quae
873 1259 895 1284 a
917 1246 1104 1284 Cicerone
1134 1252 1408 1293 memorantur,
1439 1246 1692 1293 multimodis,
1721 1261 1789 1285 va-

339 1310 566 1360 sargenteis,
597 1310 729 1361 palpet
762 1311 932 1349 crinibus
967 1311 1219 1349 tectifractis:
1251 1324 1333 1361 pro,
1367 1310 1498 1348 multis
1527 1311 1667 1357 modis,
1686 1312 1788 1348 vasis

337 1380 488 1424 argent.
509 1373 649 1424 palmis
670 1380 709 1410 et
727 1386 780 1412 cr.
801 1375 914 1412 tectis
946 1374 992 1412 fr.
1050 1375 1100 1411 Et
1131 1374 1207 1412 illae
1233 1376 1429 1423 συγκοπαὶ,
1451 1374 1665 1412 secundum
1690 1388 1788 1425 quas

336 1436 404 1474 tali
434 1443 474 1475 et
504 1436 566 1474 ala
598 1437 725 1474 extitit
754 1437 802 1475 de
823 1437 966 1475 taxillis
986 1443 1025 1474 et
1045 1436 1186 1475 axilla:
1216 1443 1253 1475 et
1274 1450 1402 1475 meum
1421 1437 1580 1483 factum,
1614 1437 1786 1481 exitium,

335 1513 419 1551 pro,
438 1513 611 1539 meorum
632 1502 835 1546 factorum,
864 1507 904 1538 et
936 1501 1159 1539 exitiorum:
1189 1515 1276 1551 quae
1309 1501 1347 1537 in
1380 1500 1612 1551 quibusdam
1632 1501 1787 1538 usitatae

337 1564 548 1602 admodum
568 1565 736 1612 fuerunt,
764 1566 905 1611 Deum,
926 1578 1125 1602 nummum
1144 1578 1316 1610 aureum,
1336 1564 1508 1602 liberum.
1565 1563 1787 1607 Quinetiam

334 1627 499 1665 duorum
519 1628 686 1665 virorum
714 1628 915 1678 judicium,
947 1636 1014 1666 aut
1041 1628 1155 1666 trium
1176 1628 1338 1666 virorum
1359 1627 1597 1678 capitalium,
1632 1633 1698 1665 aut
1718 1627 1786 1664 de-

336 1705 420 1729 cem
441 1692 606 1730 virorum
638 1691 766 1729 litibus
794 1692 1033 1742 judicandis,
1068 1692 1121 1729 ait
1155 1705 1195 1729 se
1231 1691 1381 1737 Cicero,
1415 1691 1543 1728 dicere
1573 1703 1786 1741 nunquam,

336 1755 532 1805 quomodo
553 1755 676 1806 ergo?
705 1756 883 1794 nimirum
907 1760 1219 1806 συγκεκομμὲνως,
1245 1755 1364 1793 duum
1383 1755 1520 1799 virum,
1541 1760 1580 1791 et
1597 1754 1711 1792 trium
1731 1757 1787 1795 vi-

334 1832 432 1864 rum,
454 1826 491 1857 et
512 1819 796 1859 decemvirum.
854 1822 951 1858 Item
986 1821 1070 1866 siet,
1103 1821 1164 1857 sit.
1222 1820 1253 1856 E
1286 1833 1364 1870 rep.
1399 1831 1483 1869 pro,
1518 1831 1591 1856 ex:
1619 1822 1785 1870 pomeri-

335 1882 472 1920 dianas
493 1884 717 1934 quadrigas,
748 1897 831 1935 pro,
867 1884 1206 1934 postmeridianas.
1264 1883 1336 1919 His
1365 1882 1560 1920 addantur
1577 1883 1784 1924 ἀποκοπαίε

335 1945 478 1992 viden',
510 1947 599 1993 ain',
635 1947 762 1993 satin'‚
796 1948 910 1993 men',
943 1947 1099 1989 mihin’;
1131 1947 1178 1984 de
1209 1947 1348 1996 quibus
1382 1945 1598 1984 abscissum
1628 1953 1701 1994 est,
1720 1961 1785 1986 ne·

334 2009 448 2057 Exin,
469 2010 570 2057 dein,
591 2011 716 2060 proin,
738 2016 950 2061 amputato,
973 2009 1020 2047 de
1038 2023 1046 2047 ε
1078 2009 1211 2056 famul,
1231 2022 1314 2060 pm,
1331 2009 1514 2048 famulus.
1562 2011 1783 2051 Lucretius:

494 2093 598 2131 Ossa
617 2093 708 2131 dedi
728 2099 841 2131 terrae
861 2093 1022 2144 proinde
1044 2106 1088 2131 ac
1110 2093 1229 2130 famul
1249 2093 1401 2132 infimus
1423 2101 1538 2133 esset.

332 2180 475 2230 Volup,
497 2179 654 2222 animal,
674 2179 892 2229 exemplar;
925 2178 972 2215 de
994 2178 1131 2228 quibus
1153 2178 1317 2216 recisum
1338 2185 1398 2217 est
1414 2192 1434 2217 e
1453 2193 1462 2218 :
1492 2180 1560 2228 illi,
1579 2194 1662 2232 pro,
1689 2182 1781 2222 illic.

330 2245 419 2282 Jam
440 2243 488 2280 de
508 2243 761 2294 productione
782 2248 820 2280 et
848 2243 1088 2292 correptione
1120 2242 1313 2279 vocalium
1344 2243 1466 2281 multa
1498 2244 1573 2281 dici
1604 2255 1780 2296 possent.

331 2308 434 2353 Fuit,
454 2307 533 2344 fieri
552 2320 561 2344 ι
590 2313 747 2345 extenta
776 2306 899 2357 priore
919 2307 1083 2357 syllaba.
1142 2307 1331 2358 Inclytus,
1352 2314 1394 2344 ut
1414 2308 1466 2345 ait
1486 2308 1637 2355 Cicero,
1657 2310 1780 2361 prima

327 2370 449 2408 brevi.
506 2369 728 2408 Secundum
747 2370 832 2407 haec
853 2370 950 2407 fiunt
978 2370 1149 2407 mirificae
1181 2370 1420 2417 collisiones,
1448 2371 1643 2419 elisiones,
1663 2373 1780 2411 detri-

328 2433 468 2477 tiones,
489 2440 528 2470 et
547 2433 912 2484 comprehensiones
933 2433 1196 2495 literarumflgtc
1217 2433 1466 2484 syllabarum,
1496 2441 1536 2472 et
1554 2436 1780 2486 pronuntia.-

329 2498 434 2535 tione
451 2511 554 2542 vera,
584 2511 699 2547 quam
720 2510 824 2548 saepe
842 2509 912 2534 nos
933 2510 1012 2534 non
1039 2510 1246 2548 possumus
1269 2498 1500 2548 conjecturis
1520 2500 1663 2537 nostris
1684 2513 1777 2539 con-

329 2560 453 2611 sequi,
487 2573 620 2597 versus
642 2561 880 2611 procedunt:
909 2561 947 2597 in
967 2560 1107 2610 quibus
1130 2561 1319 2611 scriptura
1339 2573 1415 2598 non
1436 2574 1535 2608 raro,
1563 2564 1776 2612 praesertim

328 2624 366 2661 in
388 2623 603 2669 dilatando,
623 2636 803 2660 numeros
825 2636 902 2661 non
923 2629 1063 2661 servat.
1121 2624 1198 2661 Sed
1220 2637 1323 2661 nunc
1344 2630 1382 2662 et
1400 2636 1545 2671 eorum,
1566 2625 1615 2662 de
1635 2627 1775 2676 quibus

328 2686 450 2723 multo
470 2686 595 2723 minus
616 2685 796 2731 diximus,
831 2699 947 2735 quam
976 2687 1052 2724 dici
1085 2687 1287 2737 potuisset,
1317 2692 1356 2724 et
1382 2694 1510 2724 tamen
1542 2688 1635 2726 satis
1656 2688 1774 2727 fuisse

328 2750 576 2787 manifestum
605 2749 787 2787 indicium
820 2749 982 2795 videtur,
1016 2750 1199 2788 Plautina
1218 2750 1394 2801 exempla
1414 2750 1641 2790 afferamus:
1666 2752 1777 2790 etita

326 2813 485 2852 tandem
503 2813 604 2851 hanc
623 2812 733 2864 quasi
754 2813 1188 2852 commentatiunculum
1209 2814 1386 2852 finiamus
1405 2826 1414 2851 :
