1903 3306
365 222 450 264 354
859 235 898 263 P.
931 233 1169 265 TEREN'rn
1205 234 1321 264 ΑΒΜ

368 326 485 376 Quis
507 325 692 367 videor?
755 326 844 368 CH.
875 327 1014 369 Miser
1044 341 1189 380 aeque,
1225 332 1356 382 atque
1376 341 1475 382 ego.
1534 329 1627 370 DA.
1659 329 1813 372 Consi-

537 394 644 434 lium
666 407 833 447 quaero.
892 395 980 436 CH.
1013 395 1173 437 Fortis.

366 460 456 501 PA.
489 460 592 501 Scio
627 462 732 514 quid
769 475 943 503 conere.
1005 462 1097 502 DA.
1129 462 1232 503 Hoc
1254 475 1338 516 ego
1361 464 1442 504 tibi
1470 463 1670 517 profecto
1689 464 1818 506 effec-

535 532 627 568 tum
648 528 840 569 reddam.
1761 532 1818 572 20

364 593 452 634 ΡΑ.
474 593 579 635 Jam
600 594 685 635 hoc
705 608 818 648 opus
841 601 924 636 est.
987 597 1078 638 DA.
1102 597 1222 647 Quin
1245 597 1340 652 jam
1360 597 1519 639 habeo.
1579 596 1669 640 CH.
1691 598 1814 649 Quid

499 655 634 703 ‘'est?
695 663 786 702 DA.
810 663 952 712 Huic,
974 677 1061 704 non
1083 664 1165 704 tibi
1186 665 1343 715 habeo,
1365 677 1420 705 ne
1440 677 1568 705 erres.

365 729 452 770 CH.
474 730 552 770 Sat
571 729 727 770 habeo.
787 730 873 772 PA.
911 730 1034 780 Quid
1053 731 1222 773 facies?
1257 731 1385 773 cedo.
1445 732 1540 773 DA.
1577 731 1688 773 Dies
1709 732 1816 774 mihi

532 797 678 849 hient
691 798 750 838 sit
771 799 882 839 satis
904 811 1057 840 vereor

363 914 433 946 CH.
454 915 554 954 AEque
565 914 642 945 mihi
657 915 773 946 videris
787 916 881 946 miser
893 924 968 953 esse,
983 919 1076 955 atque
1087 925 1153 955 ego.
1198 916 1271 946 DA.
1297 916 1467 947 Consilium
1488 925 1602 956 quoero,
1622 919 1658 948 ut
1678 917 1727 948 his
1740 927 1816 957 nup-

360 957 416 987 tiis
431 967 478 987 me
493 957 663 997 expediam.
709 958 776 988 CH.
800 959 833 989 F
832 958 909 989 ortis
921 968 962 996 es,
977 959 1029 998 qui
1046 959 1078 989 id
1092 968 1221 998 quaeras.
1268 958 1332 989 PA.
1356 959 1429 989 Scio
1441 959 1514 999 quid
1528 959 1661 998 coneris,
1674 962 1704 990 et
1722 970 1814 999 quam

360 999 485 1040 difficile
499 1001 542 1030 sit
553 1001 587 1030 id
602 1000 759 1041 perficere.
805 1001 877 1031 DA.
903 1001 975 1031 Hoc
991 1010 1045 1039 ego
1061 1001 1119 1031 tibi
1134 1000 1285 1040 profecto,
1300 1002 1378 1040 quod
1393 1001 1509 1039 inveni,
1523 1001 1667 1042 effectum
1675 1003 1813 1041 reddam,

360 1042 536 1081 Pamphile.
582 1042 649 1073 ΡΑ.
673 1043 749 1073 Jam
764 1043 818 1073 hoc
833 1053 907 1082 opus
922 1047 979 1081 est,
1005 1044 1082 1083 qnod
1097 1043 1144 1073 ais
1159 1047 1190 1073 le
1211 1042 1404 1083 effecturum.
1447 1043 1521 1074 DA.
1548 1043 1709 1082 Quinjam
1723 1044 1817 1075 habeo

357 1088 516 1124 paratum,
533 1088 568 1115 ut
582 1085 691 1115 statim
705 1085 738 1115 id
752 1095 896 1125 exequar.
927 1086 995 1116 CH.
1015 1086 1100 1120 Quid
1115 1088 1158 1116 est
1171 1083 1187 1116 ?
1223 1086 1289 1116 DA.
1308 1085 1381 1116 Non
1397 1086 1431 1116 id
1445 1086 1623 1125 excogitavi
1639 1087 1684 1117 tui
1694 1086 1818 1126 gratia,

359 1128 413 1157 sed
429 1127 588 1167 Pamphili
600 1137 611 1162 ‚·
635 1137 671 1158 ne
686 1137 779 1158 erres.
825 1128 893 1159 CH.
917 1129 987 1167 Ego
1007 1129 1084 1158 satis
1097 1127 1203 1166 haheo,
1219 1128 1248 1158 εἰ
1268 1128 1340 1158 huic
1355 1129 1504 1159 consulas.
1549 1128 1616 1159 ΡΑ.
1637 1128 1702 1159 Dic
1723 1128 1813 1168 mihi,

361 1169 465 1210 Dave,
480 1171 552 1210 quid
560 1169 662 1207 facies
677 1170 736 1201 mei
748 1180 838 1202 causa
850 1169 866 1202 ?
909 1172 980 1202 DA.
1010 1171 1135 1210 Vereor,
1150 1174 1184 1200 ut
1202 1171 1251 1201 hic
1273 1170 1338 1201 dies
1353 1170 1432 1201 milii
1446 1171 1590 1212 sufficiat,
1605 1172 1646 1202 ad
1660 1171 1813 1210 agendum

968 1252 1207 1265 eeeeeeeeeee

359 1308 392 1340 h.
409 1309 432 1340 l.
447 1312 485 1340 et
502 1308 727 1350 Oudendorp.
743 1309 785 1340 ad
802 1309 894 1341 Hirt.
919 1308 962 1341 de
990 1309 1079 1340 Bell.
1097 1308 1207 1341 Afric.
1225 1319 1256 1340 c.
1274 1308 1337 1339 10!
1362 1309 1403 1341 R.
1418 1309 1551 1340 1.).-19
1573 1308 1816 1340 Hauucinauu·

360 1352 529 1391 Donatus,
550 1352 762 1393 existimans,
782 1352 999 1391 Pamphilum
1025 1352 1114 1383 velle
1145 1352 1370 1383 constantiam
1394 1361 1488 1382 suam
1514 1351 1662 1391 probari,
1685 1355 1721 1383 et
1746 1351 1813 1382 sibi

359 1393 441 1433 dici,
466 1395 582 1425 Fortis.
628 1396 739 1428 Quam
769 1395 973 1425 sententiam
1001 1399 1138 1425 secutus
1168 1398 1203 1425 et
1239 1395 1371 1435 planius
1407 1393 1630 1434 expediturus
1655 1394 1813 1434 Gnyetus

357 1436 447 1467 hunc
472 1447 606 1468 versum
633 1447 694 1468 suo
722 1447 813 1468 inore
840 1438 940 1468 aliter
966 1437 1130 1477 disponit,
1153 1437 1225 1468 ita:
1267 1437 1346 1472 Quis
1368 1436 1494 1467 videor?
1542 1437 1610 1468 CH.
1636 1437 1757 1476 Fortis,
1779 1439 1815 1467 αι’

357 1480 451 1510 miser
465 1489 549 1519 (eque
564 1484 654 1520 atque
673 1490 740 1518 ego.
772 1480 840 1511 DA.
867 1479 1039 1510 Consilium
1054 1489 1168 1519 quaero.
1193 1479 1235 1511 Τ.
1251 1479 1361 1510 Faber
1377 1480 1517 1519 primus,
1529 1479 1662 1520 opinor,
1672 1479 1817 1518 monuit,

359 1531 402 1551 ex
419 1522 546 1552 Donati
563 1524 606 1553 Et
624 1522 736 1560 fortis,
757 1522 954 1559 Charinum,
977 1523 1074 1562 cujus
1094 1531 1205 1553 sermo
1233 1532 1252 1552 a
1279 1522 1380 1553 Davo
1406 1526 1481 1553 erat
1505 1522 1730 1561 interruptus,
1753 1521 1814 1552 ubi

358 1566 603 1605 respondisset,
633 1565 761 1595 ‘Miser
789 1574 885 1606 aeque
913 1570 1017 1604 atque
1045 1564 1132 1604 ego,’
1157 1565 1317 1595 continuo
1348 1564 1535 1603 addidisse,
1566 1563 1612 1595 At
1635 1563 1737 1603 fortis
1769 1573 1814 1595 es.

358 1606 557 1638 Perizonius
575 1608 824 1648 suspicabatur,
844 1606 880 1637 τὸ
898 1607 1006 1638 Fortis
1020 1607 1175 1647 εἶρωνικῶς
1192 1608 1291 1638 Davo
1306 1616 1372 1637 non
1390 1617 1408 1638 a
1424 1606 1583 1645 Charino,
1603 1606 1663 1637 sed
1679 1616 1698 1637 a
1713 1606 1814 1637 Pam-

357 1649 452 1689 philo
469 1650 606 1681 dictum.
654 1651 760 1681 Patet
775 1654 886 1680 autem
902 1659 945 1680 ex
960 1650 1072 1681 verbis
1086 1650 1190 1689 Davi,
1209 1649 1424 1690 Pamphilum
1443 1649 1586 1680 voluisse
1602 1658 1638 1680 se
1655 1648 1814 1680 miserum

358 1691 438 1729 dici,
462 1702 526 1723 nou
552 1692 689 1724 fortem.
737 1694 866 1732 Quare,
901 1702 976 1723 cum
1008 1692 1165 1729 dixisset,
1188 1693 1197 1709 ‘
1215 1692 1300 1724 Quis
1326 1691 1474 1723 videor?
1510 1695 1545 1722 et
1571 1691 1736 1722 Charinus
1762 1701 1814 1722 re-

356 1735 559 1774 spondisset,
590 1736 721 1766 ‘Miser
748 1745 844 1776 aeque
878 1739 981 1775 atque
1021 1735 1107 1774 eg0,'
1138 1734 1273 1765 videtur
1303 1734 1501 1774 Pamphilus
1531 1735 1658 1765 vultum
1687 1734 1813 1765 iratum

355 1777 543 1808 intendisse
560 1778 594 1807 in
611 1779 769 1815 Davnm3
795 1778 862 1818 qui,
885 1782 923 1808 ut
950 1777 1056 1808 leniat
1080 1778 1164 1807 iram
1193 1777 1309 1807 herilis
1330 1776 1403 1815 filii,
1426 1777 1557 1817 regerit
1581 1776 1677 1814 illud,
1698 1777 1708 1794 ⁶
1723 1776 1811 1807 Con·-

357 1820 467 1850 silium
484 1819 624 1860 quaero.’
669 1820 767 1853 Quod
785 1820 925 1850 audiens
942 1820 1119 1859 CharinuS,
1138 1820 1246 1850 Fortis
1260 1829 1302 1858 es,
1326 1819 1448 1859 inquit.
1494 1819 1610 1860 Atque
1635 1819 1686 1849 ita
1709 1818 1812 1850 estin

357 1863 443 1893 Mss.
460 1863 672 1903 quibusdam,
696 1867 731 1893 et
744 1862 915 1893 editorum
933 1862 1183 1892 vetustissimis,
1230 1861 1326 1892 Citra
1341 1861 1483 1892 ironiam
1501 1866 1614 1892 autem
1631 1860 1664 1890 id
1683 1860 1811 1891 dictum

358 1915 376 1935 a
393 1905 550 1944 Charino,
573 1915 613 1935 ex
629 1905 849 1944 sequentibus
877 1904 1068 1940 conficitur,
1091 1904 1149 1934 ubi
1174 1903 1376 1943 participem
1405 1913 1441 1934 se
1466 1903 1539 1934 fieri
1567 1902 1698 1934 consilii
1723 1903 1813 1933 illius

358 1948 447 1978 serio
463 1948 605 1988 expetit.
634 1948 733 1979 West.
778 1948 839 1978 Pr.
858 1948 944 1978 Inst.
961 1947 1019 1978 lib.
1037 1955 1135 1977 xvn.
1161 1947 1239 1981 Quis
1255 1946 1312 1976 tibi
1324 1943 1457 1977 videor?
1481 1946 1609 1976 addens
1624 1944 1661 1975 τὸ
1676 1947 1685 1962 ⁴
1704 1945 1811 1977 Quis’

356 1995 488 2030 notare,
511 1990 639 2023 Qualis.
662 1991 711 2022 Id.
728 1990 761 2021 in
776 1990 861 2020 Acld.
907 1990 1018 2029 AEque‚
1038 1993 1129 2031 atque
1144 1998 1210 2027 ego.
1256 1989 1448 2019 Postremae
1465 1988 1540 2019 duoe
1569 1997 1665 2019 voces
1686 1987 1719 2018 in
1743 1988 1811 2019 Ms.

357 2042 421 2063 non
440 2038 550 2064 erant.
573 2033 667 2064 Lina.
715 2033 724 2049 ‘
739 2032 923 2064 Consilium
940 2031 1076 2073 quaero'
1096 2031 1179 2062 dicit
1204 2031 1343 2061 Davus:
1370 2031 1445 2071 lege
1462 2030 1605 2072 Forli's‚·
1627 2030 1700 2061 liaec
1723 2030 1812 2062 Cha-

357 2076 449 2105 rinus
465 2085 529 2106 non
546 2075 736 2116 Pamphilo,
760 2075 818 2105 sed
849 2076 946 2105 Davo
977 2074 1083 2105 dicit:
1107 2073 1298 2114 sequentia,
1321 2073 1393 2104 Scio
1419 2073 1493 2113 quid
1515 2082 1634 2112 coner-e,
1658 2072 1818 2113 emenda,

358 2118 395 2148 Si·
411 2119 616 2159 quide-onere,
640 2125 674 2149 et
689 2117 800 2148 tribue
826 2118 890 2157 ipsi
907 2117 1067 2148 Charino.
1113 2116 1201 2147 Nam
1227 2115 1373 2146 nondum
1399 2119 1514 2154 potest
1538 2117 1643 2146 iratus
1666 2115 1811 2155 Pamph.

356 2160 478 2191 blande
496 2162 584 2201 loqui
602 2171 677 2191 cum
699 2161 809 2191 Davo.
834 2161 931 2191 Bent.
966 2161 1070 2190 Bent.
1083 2159 1259 2199 eleganter
1274 2158 1359 2197 legit
1376 2158 1482 2189 Fortis
1494 2167 1538 2194 es,
1553 2158 1592 2189 Si
1607 2158 1682 2198 quid
1692 2166 1813 2189 conere-

358 2204 399 2234 R.
418 2204 460 2234 D.
509 2204 663 2234 Assentit
681 2203 771 2233 Perl.
790 2203 844 2243 qui
862 2207 981 2234 notat:
1006 2203 1133 2232 ‘Bent.
1160 2211 1202 2232 ex
1229 2210 1284 2231 un.
1311 2201 1386 2232 cod.
1419 2201 1488 2231 CH.
1513 2201 1638 2238 Forti’s,
1662 2199 1700 2230 Si
1725 2199 1811 2240 quid.

357 2246 442 2278 Quae
460 2247 538 2277 lect.
559 2250 701 2286 praestat
718 2244 891 2283 vulgatis?
934 2245 1065 2284 ‘Vulgo
1081 2244 1152 2274 Scio
1168 2244 1241 2284 quid
1256 2252 1372 2283 canere,
1394 2251 1436 2273 ex
1459 2244 1520 2273 int.
1566 2243 1593 2274 C
1615 2242 1746 2280 conaris,
1768 2251 1812 2272 ex

356 2299 418 2319 usu
439 2289 578 2320 Graeco.
624 2290 724 2319 Bent.
741 2288 777 2318 Si
794 2289 867 2327 quid
883 2297 998 2322 coner-e,
1024 2291 1150 2327 praeter
1167 2285 1429 2316 necessitatem)
1453 2285 1551 2317 Both.
1566 2287 1621 2326 qui
1638 2285 1687 2316 sic
1703 2284 1808 2324 legit:

357 2332 422 2361 ΡΑ.
448 2331 577 2362 Fortis!
601 2331 673 2361 Scio
689 2331 761 2371 quid
777 2329 911 2361 conare!
955 2331 1024 2368 Ego
1041 2334 1118 2370 post
1133 2330 1142 2347 ‘
1158 2329 1240 2361 Quis
1254 2328 1262 2340 ¹
1280 2327 1393 2359 Guelf.
1408 2330 1440 2359 3.
1461 2328 1572 2359 Fortis
1581 2337 1614 2359 es
1626 2329 1742 2358 2.-21
1767 2326 1810 2357 In

357 2375 424 2405 ΜΞ.
439 2373 477 2404 τὸ
492 2375 583 2405 habeo
601 2374 708 2406 deest.
734 2373 917 2404 LimL—22
942 2373 1079 2404 Colloca
1095 2382 1113 2403 e
1130 2371 1224 2402 libris
1241 2371 1361 2402 Faerni
1377 2371 1456 2402 Dies
1477 2371 1520 2402 mi
1543 2370 1594 2402 liic
1614 2373 1649 2401 ut
1663 2369 1740 2401 satis
1753 2369 1809 2401 sit.

1015 2458 1046 2488 N
1053 2456 1156 2489 OTAE

401 2526 441 2553 19
467 2522 636 2553 Consilium
653 2521 769 2562 φαεν-ο]
787 2521 912 2552 Melius
926 2521 1055 2552 esthoe
1113 2529 1184 2550 runi
1202 2518 1339 2558 reddas,
1355 2523 1390 2550 et
1407 2528 1448 2550 ex
1468 2518 1542 2550 unis
1558 2517 1684 2559 nuptiis
1708 2517 1811 2558 gemi-

358 2582 377 2602 a
395 2572 494 2602 Davo
512 2571 592 2610 diei,
607 2582 706 2612 quain
724 2583 742 2602 a
761 2572 950 2611 Pamphilo.
1111 2579 1171 2600 nas
1201 2569 1281 2599 mihi
1313 2568 1485 2600 conficias.
1528 2567 1596 2599 Sed
1631 2576 1698 2598 non
1732 2576 1808 2598 esse

399 2624 440 2651 20
465 2620 536 2651 Scio
561 2621 635 2661 quid
663 2620 783 2660 comere]
821 2621 856 2652 Si
886 2620 1057 2661 Pamphili
1111 2629 1288 2659 personam
1312 2618 1480 2658 Pamphili
1506 2627 1548 2648 ex
1572 2617 1732 2657 subjectis
1755 2626 1808 2648 os-

358 2675 411 2703 est
437 2681 596 2712 persona,
623 2671 739 2701 Ironia
763 2676 815 2702 ost
839 2672 871 2701 in
896 2673 1054 2709 Davum3
1112 2671 1274 2701 tenditur.
1319 2669 1353 2699 Si
1390 2667 1525 2699 Charini
1562 2671 1616 2697 est
1652 2676 1812 2707 persona,

357 2729 392 2752 et
420 2732 536 2752 seusus
565 2725 630 2760 est,
654 2726 692 2751 ut
719 2731 836 2760 supra:
869 2722 945 2751 Scio
977 2721 1055 2761 quid
1111 2730 1230 2752 seusus
1257 2723 1330 2750 est:
1361 2718 1438 2749 Scio
1465 2716 1545 2758 quid
1574 2725 1720 2756 conere;
1745 2716 1807 2748 sed

359 2781 501 2811 couere;
524 2780 645 2813 nempe
673 2776 709 2802 ut
736 2772 858 2802 iteruin
880 2781 933 2802 nie
957 2772 1057 2802 misc-
1110 2780 1151 2802 an
1167 2769 1302 2801 efficere
1319 2768 1425 2809 possis
1441 2766 1572 2798 nescio.
