1903 3306
502 240 708 272 ANDRIAE
743 240 849 271 Ac'r.
884 241 947 271 lv.
981 241 1051 277 sc.
1085 243 1157 271 111.
1477 234 1563 275 357

110 336 333 386 Amicum,
356 340 612 387 amatorem,
633 336 774 377 virum
795 336 839 376 in
860 335 1021 392 qupyis
1041 336 1143 376 loco

109 404 344 445 Paratum:
374 417 528 444 verum
549 417 606 445 ex
625 416 679 445 eo
701 416 816 444 nunc
835 403 1000 444 misera
1021 416 1153 456 quem
1173 404 1296 457 capit
1431 438 1463 457 w.

109 471 326 513 Laborem
344 473 353 513 !
383 471 516 512 facile
534 470 607 526 hig
627 472 729 524 plus
749 470 854 511 mali
875 474 958 520 est,
983 482 1116 523 quam
1142 470 1234 528 illic
1253 470 1373 512 boni.
1439 491 1455 511 ψ
1538 473 1567 512 5

108 539 196 580 Sed
215 539 373 581 Davus
393 539 499 581 exit.
561 538 629 579 Mi
650 539 797 588 homo,
820 538 926 592 quid
946 538 1061 579 istuc
1081 539 1265 579 obsecro
1287 537 1381 579 'st'l

108 605 212 657 Quo
233 610 388 660 portas
407 607 624 660 puerum?
686 605 778 646 DA.
798 604 962 659 MysiS,
984 618 1099 645 nunc
1120 618 1235 659 opus
1256 610 1325 646 est
1345 608 1422 647 tua

107 673 220 714 Mihi
242 673 298 714 ad
317 675 430 715 hanc
451 686 540 715 rem
562 677 797 731 expromta
817 674 1030 714 memoria
1051 677 1183 726 atque
1204 674 1377 715 astutia.

57 754 61 757 ‘
106 740 210 781 ΜΥ.
234 740 457 791 Quidnam
478 742 731 794 incepturus
747 741 766 780 'l
813 740 907 782 DA.
930 741 1103 794 Accipe
1127 753 1153 781 a
1174 754 1243 781 me
1263 741 1379 782 hunc
1404 754 1562 795 ocyus,

104 806 255 860 Atque
278 811 380 849 ante
398 812 595 848 nostram
608 806 793 859 januam
815 819 1007 860 appone.
1073 807 1175 847 MY.
1198 807 1414 859 Obsecro,
1507 810 1563 851 10

105 873 304 915 Humine
319 874 339 914 ‘l
401 874 494 916 DA.
526 874 597 915 Ex
618 886 695 915 ara
715 873 816 915 hinc
838 887 961 915 sume
981 876 1189 915 verbenas
1210 875 1304 925 tibi,

90 984 102 995 U

102 1005 233 1036 amicum
247 1009 375 1046 certum,
388 1009 557 1038 amatorem
573 1008 765 1047 perpetuum,
788 1005 891 1036 virum
909 1016 1029 1047 semper
1042 1007 1152 1048 ubique
1173 1010 1318 1047 paratum
1333 1010 1374 1039 ad
1388 1018 1455 1039 eam
1473 1013 1560 1040 tuen-

102 1049 173 1079 dam
184 1058 197 1085 ,·
218 1058 334 1087 veram,
356 1059 444 1089 quem
470 1049 535 1088 ejas
548 1058 641 1079 cansa
662 1049 773 1079 misera
788 1058 868 1079 nunc
880 1050 1003 1088 patitur
1017 1049 1175 1081 dolorem!
1197 1054 1279 1081 certe
1293 1051 1362 1089 plus
1377 1051 1451 1081 mali
1467 1056 1509 1083 est
1529 1054 1562 1083 in

101 1091 205 1122 dolore
218 1101 305 1128 quem
319 1092 376 1122 illa
386 1091 531 1132 percipit,
546 1101 635 1131 qnam
653 1091 735 1129 boni,
752 1091 785 1121 in
800 1091 887 1121 illins
913 1092 1070 1131 Pamphili
1093 1102 1206 1124 amore.
1251 1093 1315 1123 Sed
1337 1094 1445 1124 Davus
1461 1096 1527 1125 exit
1544 1105 1561 1125 e

101 1134 188 1164 domo
213 1134 366 1174 Glycerii.
413 1135 464 1164 Mi
489 1132 602 1164 homo!
623 1133 696 1173 quid
717 1134 813 1172 istud,
839 1133 970 1173 obsecro,
984 1133 1058 1165 est?
1090 1145 1148 1175 quo
1175 1138 1283 1175 portas
1308 1136 1387 1166 hunc
1408 1137 1561 1176 puerum?

102 1175 174 1206 DA.
197 1175 313 1216 Mysis,
333 1186 411 1207 nunc
433 1186 508 1216 opus
531 1180 577 1207 est
604 1176 692 1212 mihi,
706 1177 747 1206 ad
773 1176 850 1206 lianc
874 1186 939 1207 rem
963 1186 1053 1215 qnam
1069 1187 1156 1216 paro,
1174 1181 1227 1208 tna
1243 1179 1388 1209 memoria
1401 1181 1562 1219 proesentz',

99 1221 131 1246 et
143 1222 267 1257 promta
281 1229 321 1249 ea:
337 1221 481 1258 tempore,
499 1222 590 1259 atque
605 1218 723 1248 astutia
739 1222 803 1248 tna.
849 1219 927 1251 MY.
953 1219 1111 1254 Quidnam
1131 1220 1310 1259 incepturus
1322 1220 1377 1253 es?
1410 1222 1477 1252 DA.
1495 1223 1559 1253 Ac-

101 1260 167 1298 cipe
178 1261 240 1291 cito
255 1262 334 1292 hunc
347 1271 474 1301 puerum
490 1272 509 1292 a
524 1271 581 1298 me,
597 1264 690 1300 atque
702 1264 775 1291 ante
782 1260 913 1299 januam
929 1265 1067 1292 nostram
1082 1272 1209 1302 appone.
1255 1263 1330 1294 MY.
1359 1263 1504 1301 Obsecro,
1519 1275 1560 1295 an.

101 1302 182 1334 hunc
195 1303 230 1335 in
252 1307 338 1335 terra
360 1302 499 1344 ponam?
544 1304 611 1335 DA.
635 1304 690 1334 Ex
705 1312 760 1334 ara
783 1304 840 1334 hac
856 1313 941 1334 same
955 1304 1115 1345 verbenas,
1134 1308 1223 1345 atque
1239 1315 1290 1337 eas
1311 1307 1376 1337 vice
1392 1308 1557 1338 stramenti

710 1410 950 1424 eeeeeeeeeeee

98 1487 202 1518 tabam
217 1486 320 1518 Both.
337 1486 492 1518 Putabam
508 1486 623 1518 Guelf.
641 1490 738 1518 3.—3
764 1488 944 1520 Amatorem
956 1489 1056 1520 Bodl.
1071 1499 1136 1519 non
1151 1490 1316 1530 agnoscit.
1338 1491 1437 1522 West.
1484 1492 1555 1523 Pro

98 1533 277 1569 amatorem,
290 1529 378 1570 quod
393 1534 428 1560 et
445 1531 553 1560 minus
569 1535 622 1560 est
636 1540 735 1571 quam
750 1531 759 1547 ‘
772 1530 954 1571 Amicum‚’
969 1536 1003 1562 et
1019 1537 1139 1563 contra
1150 1533 1289 1564 Fabulae
1307 1539 1554 1574 argumentum,

98 1581 140 1602 ne
157 1571 357 1612 Glycerium
367 1573 530 1603 meretrix
548 1573 717 1608 videatur,
733 1574 808 1614 lege
822 1578 975 1605 tutorem.-
999 1574 1044 1606 cf.
1062 1584 1135 1615 sup.
1153 1585 1178 1607 1.
1194 1579 1226 1606 5.
1240 1578 1271 1606 6.
1289 1576 1384 1607 Bent.
1401 1576 1442 1606 Τὸ
1455 1577 1557 1609 viram

98 1614 133 1645 in
148 1615 215 1645 Ms.
227 1614 338 1645 deest.
355 1615 516 1645 Lim-5
541 1615 702 1647 Laborem.
728 1616 783 1647 lta
797 1616 888 1647 edidi
904 1626 946 1647 ex
962 1617 1111 1658 quinque
1129 1618 1249 1649 Leidd.
1265 1619 1324 1649 sed
1339 1624 1375 1650 et
1386 1620 1444 1651 Tr.
1457 1625 1490 1650 et
1505 1621 1555 1651 M.

97 1656 280 1698 Consentit
297 1657 351 1687 ed.
367 1657 465 1689 Junt.
492 1661 528 1688 et
546 1658 626 1690 Par.
644 1668 686 1688 ex
711 1663 857 1699 quatuor
873 1660 962 1691 Pall.
1010 1660 1156 1691 Accedit
1173 1662 1358 1692 auctoritas
1374 1662 1501 1693 Donati
1519 1668 1555 1694 et

99 1699 301 1740 Eugraphii.
345 1699 596 1731 Vetustissimae
613 1705 728 1732 tamen
741 1701 821 1732 edd.
836 1707 965 1733 secutae
982 1703 1067 1733 Mss.
1083 1704 1246 1743 quosdam
1273 1704 1390 1743 libros,
1408 1706 1556 1736 Dolorem

98 1741 273 1773 exhibent.
318 1741 472 1773 Laborem
499 1753 607 1783 cupere
636 1744 751 1775 nescio
780 1744 947 1786 quomodo
971 1745 1079 1785 magis
1096 1750 1151 1776 est
1176 1746 1387 1778 Terentiana
1414 1748 1554 1780 locutio.

102 1784 202 1816 West.
246 1784 301 1816 Al.
324 1784 457 1815 laborem
479 1795 565 1825 quem
580 1786 676 1825 capit.
702 1787 800 1818 Lind.
847 1787 971 1818 Plures
989 1787 1089 1818 codd.
1117 1787 1239 1819 Fa'erni
1257 1794 1292 1820 et
1317 1790 1437 1829 nostri,
1461 1791 1553 1829 iique

97 1827 243 1868 antiqui,
258 1827 384 1858 habent
406 1827 567 1858 Laborem.
592 1829 696 1860 Bent.
727 1830 875 1860 Dolorem
891 1831 984 1861 Mur.
999 1830 1087 1861 Perl.
1133 1831 1189 1862 Sic
1205 1831 1309 1862 Z.—7
1334 1833 1450 1872 Mysis.
1481 1833 1552 1865 Hic

97 1870 238 1900 Donato
255 1874 290 1901 et
315 1870 350 1900 in
373 1870 573 1910 quibusdam
600 1872 687 1902 Mss.
716 1877 750 1902 et
776 1872 879 1903 editis
897 1878 951 1903 est
981 1872 1114 1904 initium
1144 1874 1266 1905 Scenae
1283 1877 1315 1906 4.
1347 1876 1446 1906 lVest.
1491 1876 1553 1907 Est

95 1912 222 1943 omittit
239 1913 340 1945 Both.
387 1914 416 1943 Ο
433 1913 536 1953 Mysis
547 1913 651 1945 habet
669 1913 784 1946 Guelf.
800 1917 896 1946 3.—S
922 1915 1077 1946 Memoria
1092 1925 1166 1947 cum
1180 1917 1236 1948 Tr.
1251 1922 1286 1948 et
1301 1918 1351 1948 M.
1365 1918 1465 1949 etiam
1485 1918 1554 1950 duo

95 1953 218 1986 Leidd.
235 1955 366 1995 legunt.
412 1955 480 1986 Sed
502 1956 601 1987 etita
623 1957 726 1987 estin
752 1958 992 1988 vetustissimis
1016 1958 1190 1999 impressis
1216 1959 1315 1991 codd.
1333 1970 1394 2000 pro
1411 1970 1477 2002 qno
1495 1962 1553 1992 alii

95 1997 216 2028 malitia
242 1997 381 2028 habent.
426 1998 546 2029 Leidd.
573 2009 657 2029 unus
688 2004 724 2030 et
754 1999 856 2031 Bodl.
877 2000 1010 2032 militia:
1045 2006 1218 2042 corrupte.
1265 2003 1299 2033 Si
1327 2012 1408 2034 vero
1435 2008 1552 2043 partes

97 2039 243 2079 Mysidis
259 2039 292 2070 in
308 2040 370 2071 hac
393 2039 504 2070 Scena
520 2041 696 2081 respicias,
713 2043 824 2073 nullus
853 2043 986 2073 malitia>
1011 2043 1104 2074 locus
1120 2055 1128 2082 ;
1153 2054 1346 2086 quanquam
1374 2046 1422 2076 ita
1438 2047 1554 2086 legen-

98 2081 178 2113 dum
194 2091 269 2112 esse
285 2087 366 2122 post
389 2081 554 2114 Faernum
571 2084 754 2115 contendit
775 2085 860 2116 Tan.
886 2085 1010 2117 Faber.
1037 2087 1137 2118 West.
1180 2088 1223 2118 V.
1237 2088 1276 2119 C.
1293 2088 1424 2120 malitia.
1449 2089 1551 2122 Lind.

97 2124 166 2154 Pro
195 2126 342 2156 memoria
367 2125 409 2156 V.
433 2125 512 2156 Bas.
537 2131 571 2156 et
598 2126 702 2167 aliqui
730 2126 798 2166 alii,
821 2136 904 2168 quos
929 2129 1080 2168 inspexit
1095 2128 1257 2169 Faernus,
1280 2131 1319 2162 it.
1339 2131 1553 2172 Eugrapliius

95 2166 212 2206 legunt
224 2167 369 2203 malitia5
392 2172 499 2199 recte.
544 2168 792 2208 Inquibusdam
808 2175 970 2211 corrupte
984 2171 1109 2211 legitur
1124 2172 1248 2203 militia.
1271 2174 1375 2205 Bent.
1422 2175 1555 2206 Malitia

96 2208 179 2241 dant
192 2209 295 2241 Both.
311 2209 406 2242 Perl.
451 2210 577 2242 Militia
593 2212 653 2243 ΒΓ.
679 2212 777 2252 cujus
801 2213 913 2253 glossa
931 2218 1099 2245 memorat
1112 2215 1355 2246 memoria.—-ll
1381 2216 1423 2247 In
1449 2217 1551 2250 Bodl.

757 2307 903 2339 NOTAE

137 2383 158 2412 7
183 2380 251 2416 Quo
261 2383 370 2421 portas
382 2381 525 2422 puerum]
552 2382 671 2413 Davus
690 2391 732 2413 ex
749 2393 793 2414 ae-

93 2429 193 2461 dibus
204 2428 359 2470 Glycerii
368 2434 527 2470 exportat
537 2430 702 2462 infantem
715 2441 794 2471 pan-

95 2480 146 2510 nis
180 2479 381 2519 involutum,
419 2480 593 2521 traditque
628 2480 793 2520 Ancillae3

95 2529 191 2570 quasi
207 2533 315 2560 mater
338 2539 415 2560 eum
440 2534 520 2561 ante
545 2530 635 2561 fores
649 2531 794 2563 SimoniS

94 2578 220 2620 exponi
234 2578 443 2610 mandasset.
478 2580 640 2611 Ceterum
665 2580 697 2611 in
722 2581 794 2621 plu-

94 2629 188 2660 rimis
203 2628 377 2661 codicibus
393 2629 633 2661 continuantur
648 2630 700 2661 hae
717 2631 792 2664 duae

93 2680 226 2719 Scenae,
242 2684 281 2711 ut
295 2689 395 2711 unam
411 2679 606 2712 conficiant.

137 2734 176 2762 11
203 2732 258 2762 Ex
277 2740 333 2762 ara
356 2740 441 2762 sume
459 2730 623 2771 verbenas]
651 2730 731 2762 Arae
758 2731 793 2763 in

95 2789 196 2812 scena
210 2784 308 2812 erant
323 2789 415 2812 verae
426 2784 462 2812 et
475 2781 621 2822 propriae
637 2791 644 2812 ι
670 2782 793 2814 dextra

163 3238 194 3306 ἔτί-ι

848 2383 983 2414 Baccho
1000 2383 1033 2414 in
1046 2384 1246 2425 Tragoedia;
1271 2384 1420 2426 Apollini
1436 2387 1469 2418 in
1488 2389 1553 2420 Co·

849 2433 990 2472 moedia3
1022 2433 1161 2465 sinistra
1187 2435 1217 2465 ei
1241 2436 1328 2475 Deo,
1346 2437 1401 2468 vel
1429 2438 1550 2480 Heroi,

849 2483 902 2513 cui
918 2483 990 2514 ludi
1014 2483 1153 2516 fiebant.
1192 2485 1232 2515 In
1249 2486 1298 2516 liis
1317 2486 1474 2519 verbenae
1492 2490 1551 2520 im-

849 2533 1064 2572 ponebantur
1076 2533 1237 2574 Apollini.
1259 2535 1550 2570 Videatur-Evan-

849 2582 940 2612 thius
955 2583 990 2613 in
1007 2583 1265 2623 Prolegomenis
1288 2584 1322 2615 iu
1346 2586 1434 2618 hunc
1456 2587 1548 2620 Anc-

848 2637 968 2665 torem.
1001 2633 1090 2665 Item
1104 2633 1255 2674 Scaliger
1268 2635 1301 2665 in
1319 2635 1474 2676 Poetica,
1490 2638 1548 2670 lib.

848 2691 874 2714 1.
900 2693 976 2723 cap.
1004 2686 1058 2715 21.
1097 2685 1283 2716 Taubman.
1310 2685 1344 2716 in
1373 2686 1548 2720 Mostella-

846 2733 930 2764 riam
947 2734 1077 2774 Plauti,
1095 2735 1173 2766 Act.
1190 2744 1224 2767 v.
1237 2735 1292 2766 Sc.
1312 2739 1342 2766 1.
1356 2741 1389 2767 et
1408 2738 1548 2770 Vossius

847 2784 879 2815 in
899 2785 983 2817 [nst.
1000 2784 1164 2826 poeticis,
1180 2795 1255 2827 cap.
1273 2789 1324 2819 10.
1341 2787 1399 2819 lib.
1418 2796 1457 2819 ιι.
