1903 3306
331 245 417 288 226
819 251 1131 285 FRANOEscus
1164 249 1300 282 HARE

436 351 538 388 fores
775 347 865 386 viris
1033 346 1126 385 hero
1252 344 1360 384 dabit
1530 342 1672 383 sedens

434 413 540 451 idem
778 412 892 449 bonis
1034 409 1172 448 herum
1253 408 1337 447 dari
1528 415 1613 447 erat

437 477 512 514 levi
779 474 903 512 bonas
1038 485 1158 510 senex
1250 471 1359 510 dolet
1528 478 1639 511 erant

438 552 594 577 manum
781 538 906 576 bonos
1041 548 1150 575 soror
1255 535 1373 574 habet
1531 536 1604 574 erit

435 615 573 641 manus
591 601 723 653 (plur.)
776 600 889 639 malis
1039 611 1135 638 uxor
1251 599 1399 638 habent
1529 600 1630 638 foret

437 667 552 704 miser
778 665 901 702 malos
1044 663 1108 701 abi
1255 663 1384 701 solent
1534 664 1646 702 abest

438 731 559 767 minas
783 727 887 766 domi
1043 739 1138 766 cave
1148 725 1167 752 ⁶
1253 726 1387 765 studet
1532 734 1646 779 potes

435 793 552 831 modo
778 790 894 828 domo
1042 802 1155 829 mane
1255 789 1413 830 student
1532 796 1669 841 potest

438 869 528 894 aves
545 856 557 878 ⁵
779 852 936 892 domurn
1041 865 1144 903 nega
1250 859 1355 892 tacet
1532 853 1647 892 velim

437 932 530 958 oves
778 930 871 969 puer
1044 929 1139 967 roga
1252 922 1360 955 taces
1534 917 1632 955 velis

436 985 555 1022 boves
778 988 889 1032 pater
1045 987 1133 1019 tace
1254 987 1388 1019 tacens
1539 979 1661 1019 velint

437 1060 549 1086 novae
776 1044 898 1096 patris
1046 1043 1134 1082 vide
1250 1043 1360 1082 vides
1539 1044 1676 1082 volunt

438 1123 541 1148 novo
781 1108 882 1160 patri
1051 1113 1156 1145 amat
1253 1106 1371 1146 viden
1538 1108 1647 1146 lubet

437 1186 581 1212 novum
781 1170 898 1209 herus
1050 1169 1144 1208 dedi
1257 1170 1365 1209 videt
1539 1170 1631 1209 licet

443 1238 544 1276 dolis
785 1234 869 1273 heri
1051 1233 1162 1273 dedit
1261 1233 1399 1273 lubens

386 1339 548 1384 Quarto,
568 1337 607 1375 in
628 1334 884 1389 polysyllabis
904 1334 1147 1388 compositis,
1181 1334 1216 1374 si
1233 1333 1358 1387 prima
1377 1334 1529 1387 syllaba
1548 1325 1787 1388 componens

330 1403 458 1442 brevis
480 1407 541 1440 est
560 1406 671 1439 extra
688 1398 1025 1450 compositionem,
1044 1398 1083 1436 in
1104 1398 1384 1450 compositione
1400 1411 1555 1450 quoque
1574 1398 1787 1451 saepissime

331 1466 470 1517 corripi
503 1464 640 1511 solere,
676 1462 800 1515 (quod
837 1461 887 1501 de
919 1462 1199 1515 monosyllabis
1219 1461 1327 1514 prius
1359 1462 1573 1511 observavi,
1603 1455 1788 1516 quodque

331 1530 435 1568 valet
453 1528 571 1589 etiam
592 1528 632 1565 in
650 1526 875 1578 compositis
887 1526 952 1574 ab,
971 1533 1075 1575 ante,
1094 1533 1134 1566 et
1152 1526 1283 1575 inter‚)
1295 1526 1473 1578 exempla
1489 1526 1590 1575 haec,
1608 1522 1659 1569 ne
1676 1515 1788 1589 plura

333 1605 555 1646 congeram,
575 1590 803 1631 ostendunt.
1671 1584 1676 1588 ’

438 1689 598 1729 advenis
786 1699 942 1727 arcesso
1124 1687 1287 1726 interest
1461 1687 1710 1739 indiligenter

438 1753 591 1792 abduco
782 1757 975 1803 cognatus
1121 1750 1392 1789 interminatus
1461 1750 1662 1807 ingenium

440 1816 609 1856 absurde
785 1815 986 1866 colloquor
1120 1815 1285 1865 ignavus
1461 1816 1612 1866 integer

440 1880 577 1919 adsitis
786 1877 1033 1917 commodare
1126 1877 1264 1929 ignoro
1463 1879 1608 1917 invidia

438 1942 600 1982 advenis
619 1942 760 1993 (verb.)
784 1940 924 1980 incedo
1124 1939 1296 1992 impingo
1463 1941 1627 1980 inveniri

440 2008 576 2045 affines
782 2005 940 2056 incepto
1124 2003 1301 2056 intelligo
1464 2005 1619 2044 oblecto

440 2070 582 2109 ancilla
784 2068 952 2107 incertus
1122 2067 1271 2119 impero
1464 2059 1626 2108 obsecro

441 2134 606 2173 antehac
783 2131 965 2182 indignus
1123 2130 1327 2182 imperium
1461 2132 1639 2170 occultus

438 2199 620 2247 antiquus
783 2195 936 2234 interim
1123 2194 1348 2246 imprudens
1463 2194 1641 2234 ostendo.

388 2295 549 2341 Quinto,
579 2305 667 2343 quae
688 2297 879 2329 acuuntur
911 2291 950 2328 in
971 2291 1083 2329 tertia
1117 2292 1166 2330 ab
1200 2297 1386 2339 extrema,
1415 2290 1609 2330 interdum
1629 2298 1784 2332 acutam

334 2358 558 2408 corripiunt,
580 2357 611 2394 si
629 2355 820 2407 positione
842 2356 925 2393 sola
944 2355 1063 2406 longa
1083 2356 1173 2403 sint,
1192 2361 1249 2403 ut,
1271 2355 1428 2408 optime,
1457 2356 1632 2402 servitus,
1649 2369 1786 2408 perve-

333 2423 412 2466 lim,
434 2419 672 2470 Pamphilus,
693 2426 731 2458 et
746 2431 872 2471 pauca
891 2419 979 2466 alia,
1008 2433 1086 2471 quo
1107 2421 1238 2459 cretici
1257 2426 1456 2458 mutantur
1476 2420 1515 2457 in
1545 2427 1785 2472 anapaestos.

335 2488 442 2525 Idem
462 2485 608 2521 facturn
630 2490 689 2521 est
709 2484 762 2530 in,
783 2483 1021 2534 neutiquam,
1037 2485 1130 2524 licet
1147 2485 1309 2537 incipiat
1328 2497 1352 2524 a
1371 2484 1635 2537 diphthongo:
1665 2485 1784 2524 inter-

378 2639 396 2666 5
421 2634 518 2674 Aves]
553 2635 582 2665 V
608 2635 654 2673 in,
679 2643 771 2675 aves,
799 2641 834 2669 et
859 2636 1033 2677 similibus,
1130 2641 1152 2670 6
1177 2638 1274 2680 Cave]
1297 2638 1497 2678 In,caveto‚
1512 2638 1628 2676 etiam,
1641 2642 1781 2680 negato,

336 2686 472 2718 videtur
500 2687 535 2717 in
568 2687 716 2718 vocalem
748 2688 845 2728 verti,
871 2692 907 2719 ct
933 2697 1033 2720 voces
1088 2692 1124 2720 et
1148 2694 1269 2731 rogato
1296 2689 1442 2722 Plautus
1470 2689 1652 2722 secundam
1676 2690 1781 2722 corri-

337 2738 477 2778 proinde
506 2748 566 2779 pro
596 2738 832 2778 monosyllabis
860 2739 1030 2770 habendas
1087 2740 1148 2781 pit.

337 2797 424 2819 esse.
