1945 3296
332 269 388 310 86
643 270 884 306 DANlEms
918 270 1106 303 Hmnsu
1142 266 1486 299 mssnn'rArm.

334 374 445 413 nus?
475 372 612 411 Omnis
634 376 762 408 autem
793 367 967 412 imitatio,
994 371 1038 403 ut
1069 369 1210 415 postea
1229 361 1403 400 dicemus
1423 360 1613 413 pluribus,
1645 365 1784 399 natura

332 438 463 490 placet
482 443 520 474 et
540 435 720 473 delectat.
767 432 856 469 Hoc
875 430 977 467 enim
995 426 1193 479 proprium
1214 431 1274 464 est
1292 425 1472 471 hominis,
1491 431 1535 462 ut
1554 429 1658 462 recte
1679 423 1786 461 Aris-

333 501 489 546 toteles,
509 499 574 551 qui
596 505 634 536 et
651 496 937 547 μιμητικὼτατος
955 499 1027 530 τῶν
1047 491 1167 536 Ξώὼν,
1189 489 1325 527 merito
1353 490 1401 526 ab
1429 501 1474 526 eo
1495 488 1644 526 dicitur.
1700 486 1788 525 Joci

333 579 441 610 vero,
472 564 503 601 si
538 568 719 614 petantur
750 557 937 607 undique,
957 553 1111 592 molesti
1132 565 1178 591 ac
1197 552 1341 603 frigidi,
1362 558 1429 590 aut
1448 552 1656 590 theatrales
1677 551 1788 594 fiunt,

337 630 368 667 si
390 643 412 666 a
432 628 510 664 vita
531 626 608 664 sint
628 623 740 662 alieni
759 635 768 660 ε
799 621 863 671 qui
886 626 928 656 ut
948 618 1051 669 plebi
1086 618 1198 665 forte,
1227 617 1282 654 ita
1301 615 1426 654 doctis
1447 615 1600 667 placere
1619 628 1665 654 ac
1685 615 1789 665 sapi-

336 692 488 731 entibus
510 703 587 727 non
619 691 796 738 possunt.
854 681 1085 721 Constantis
1117 682 1219 720 enim
1247 679 1317 718 viri
1352 693 1398 718 ac
1431 679 1617 730 sapientis
1637 679 1789 717 animus

334 754 457 793 laxari
490 753 584 799 vult,
618 764 695 788 non
730 747 842 787 solvi.
898 745 1010 783 Illam
1030 750 1158 782 autem
1178 743 1511 789 constitutionem,
1543 744 1603 779 καὶ
1634 744 1714 788 τὴν,
1746 745 1791 778 ut

338 832 425 857 cum
441 816 581 855 Stoicis
596 815 661 852 hic
679 815 829 863 loquar,
847 812 887 848 ἐν
903 812 1021 861 ταύτῷ
1035 816 1098 846 τοῦ
1115 811 1220 854 ἤθους
1234 810 1365 859 μονὴν,
1381 805 1480 844 r1sus
1497 805 1623 843 solvit.
1663 805 1792 849 Quem

334 882 534 933 praeclare,
565 886 625 924 τῆς
643 878 881 928 περιχαρείας
900 874 1147 924 ὑπερέκχυσιν
1166 881 1226 917 τῆς
1245 871 1415 922 ψυχικῆς,
1450 868 1601 919 antiqui
1635 875 1791 907 vocant.

339 945 512 995 Ideoque
532 949 570 981 et
590 940 792 986 Socratici,
814 951 977 989 quorum
997 936 1083 974 libri
1102 935 1330 987 penuarium
1348 934 1522 985 leporum
1543 931 1712 970 omnium
1733 932 1794 969 fu-

338 1015 452 1047 erunt
470 1021 514 1046 ac
534 1006 774 1050 facetiarum,
794 1002 900 1053 quod
922 1015 942 1039 e
964 1000 1225 1052 Xenophonte
1241 1005 1280 1037 et
1298 998 1462 1036 Platone
1475 997 1592 1035 etiam
1607 996 1682 1034 hoc
1697 1002 1793 1034 tem-

338 1085 433 1123 pore
452 1077 624 1122 apparet,
645 1068 966 1120 χαριεντίὲεσθαι,
988 1078 1065 1102 non
1087 1069 1366 1113 γελωτοποιεῖν,
1387 1061 1529 1099 solent.
1574 1061 1632 1098 Ac
1653 1073 1702 1098 ne
1721 1058 1795 1110 ipsi

340 1136 498 1188 quidem
520 1133 651 1179 Siculi,
669 1132 718 1170 ad
738 1131 986 1169 festivitatem
1005 1129 1100 1175 nati,
1117 1134 1155 1166 et
1170 1128 1236 1178 qui
1256 1126 1367 1178 primi
1388 1125 1560 1164 omnium
1580 1122 1794 1162 Comoediae

340 1206 527 1251 putantur
545 1199 781 1241 inventores,
803 1195 919 1232 alium
940 1192 1042 1230 illius
1064 1193 1193 1237 finem,
1225 1203 1341 1241 quam
1362 1190 1401 1227 τὸ
1428 1191 1630 1241 χρήσιμον,
1661 1186 1702 1225 id
1721 1195 1799 1234 est,

341 1263 548 1302 utilitatem
569 1265 796 1311 posuerunt.
855 1258 916 1294 De
938 1256 1168 1307 Epicharmo
1188 1253 1414 1292 Theocritus
1433 1265 1442 1290 :

499 1347 638 1384 Πολλὰ
658 1347 730 1394 γὰρ
750 1346 887 1382 ποττὰν
906 1344 1010 1383 &mciv
1030 1346 1103 1380 τοῖς
1121 1341 1252 1378 παισὶν
1271 1337 1352 1378 εἶπε
1372 1339 1555 1391 χρήσιμα*

661 1408 831 1456 Μεγάλα
849 1407 954 1459 χάρις
973 1407 1084 1457 αὐτῷ.

345 1497 390 1534 Id
412 1497 503 1547 quia
523 1508 636 1533 secus
655 1495 693 1532 in
715 1493 918 1532 Comoedia
938 1492 1126 1543 Antiqua,
1147 1490 1277 1529 statIm
1298 1488 1466 1531 defecit:
1496 1488 1537 1525 in
1556 1500 1634 1538 qua
1652 1487 1797 1534 omnia,

345 1574 367 1599 a
386 1561 547 1598 veritate
567 1565 608 1597 et
626 1557 909 1597 consuetudine
931 1557 1070 1602 aliena,
1090 1556 1164 1594 hoc
1184 1561 1257 1601 est,
1276 1566 1365 1592 vere
1386 1556 1534 1601 γελοῖα,
1555 1558 1595 1589 et
1609 1551 1659 1589 ad
1678 1551 1798 1589 risum

344 1631 458 1663 erant
477 1629 714 1674 comparata.
764 1621 859 1665 Quis
880 1633 959 1658 non
980 1620 1094 1666 ridet,
1115 1632 1202 1657 cum
1223 1617 1441 1668 exemplum
1461 1616 1566 1662 vitae,
1588 1620 1698 1667 pater
1717 1627 1799 1652 om-

346 1689 451 1726 nium
472 1688 670 1734 virtutum,
705 1687 791 1737 ipsa
810 1685 1048 1732 innocentia,
1071 1683 1256 1736 probitaS‚
1277 1694 1322 1719 ac
1341 1681 1476 1726 virtus,
1497 1681 1678 1718 Socrates
1698 1677 1800 1715 ride-

345 1751 431 1790 tur?
461 1765 549 1790 cum
579 1752 617 1788 in
645 1752 760 1789 corbe
781 1749 1029 1787 festivissime
1064 1743 1389 1798 philosophatur?
1417 1755 1519 1789 cum,
1553 1748 1650 1795 quot
1678 1740 1800 1792 pedes

345 1817 463 1867 pulex
485 1816 613 1861 saliat,
634 1814 825 1852 subtiliter
845 1825 890 1850 ac
911 1810 1144 1863 geometrice
1164 1807 1344 1847 metitur?
1366 1807 1558 1857 Pleraque
1578 1805 1680 1844 enim
1701 1805 1802 1842 falsa

348 1880 397 1917 de
419 1878 619 1917 sententiis
641 1877 966 1930 opinionibusque
986 1881 1157 1912 veterum
1179 1870 1521 1922 Philosophorum,
1556 1875 1595 1907 et
1614 1868 1664 1907 ad
1683 1869 1801 1906 risum

347 1943 452 1981 sacta
483 1948 550 1980 aut
583 1942 805 1992 excogitata
841 1947 944 1984 sunt,
975 1952 1063 1989 quae
1099 1936 1293 1988 praecipue
1326 1935 1430 1972 hunc
1460 1933 1626 1971 excitare
1659 1932 1800 1971 solent.

348 2006 443 2044 Ideo
463 2018 535 2044 nec
555 2018 688 2043 omnes
710 2004 853 2050 Plauti,
887 2010 1034 2041 tantam
1067 2001 1265 2038 materiem
1299 1997 1466 2044 ridendi,
1499 2003 1685 2048 quantam
1705 2009 1802 2033 una·

349 2070 496 2121 quaevis
515 2082 562 2107 ex
582 2068 906 2119 Aristophanicis‚
936 2066 1172 2117 suppeditat.
1229 2063 1350 2102 Alteri
1384 2061 1487 2100 enim
1520 2060 1662 2107 omnia,
1692 2059 1803 2097 alteri

348 2146 476 2184 pauca
495 2146 562 2183 per
579 2133 686 2183 leges
706 2132 888 2170 licebant.
937 2131 1133 2175 Ceterum,
1154 2135 1198 2166 ut
1218 2127 1333 2165 modo
1355 2126 1594 2171 dicebamus,
1615 2122 1802 2174 quicquid

350 2196 515 2234 maxime
537 2196 585 2232 ab
607 2195 748 2245 agendi
770 2192 1055 2232 consuetudine
1087 2200 1155 2229 aut
1190 2190 1346 2229 dicendi
1379 2190 1544 2227 alienum
1574 2194 1648 2233 est,
1682 2187 1802 2225 risum

351 2259 515 2297 maxime
533 2271 686 2296 movere
707 2259 817 2296 solet.
877 2259 920 2294 In
943 2256 1157 2302 sententiis,
1178 2254 1302 2306 qualis
1322 2254 1388 2291 illa
1408 2252 1556 2290 Comici
1572 2251 1748 2298 Nebulis,

458 2345 537 2382 Καί
555 2360 608 2383 τοι
627 2346 801 2395 πρότερον
821 2345 885 2382 τὸν
904 2343 959 2380 Δι’
978 2346 1120 2389 ἀληθῶς
1139 2342 1243 2394 ᾤμην
1263 2339 1323 2378 διὰ
1343 2343 1511 2377 κοσκίνου
1529 2340 1663 2389 οὐρεῖν.

354 2430 399 2466 In
429 2431 568 2476 verbis,
603 2442 646 2469 ut
681 2444 769 2468 cum
789 2430 1056 2468 furacissimus
1078 2441 1211 2467 servus
1239 2427 1503 2465 κλεπτίστατος
1521 2438 1544 2463 a
1563 2424 1719 2462 domino
1738 2433 1805 2461 vo-

354 2502 477 2541 catur,
507 2495 572 2545 qui
592 2495 752 2532 laudare
772 2495 1074 2533 taciturnitatem
1096 2494 1134 2531 in
1155 2492 1290 2530 eodem
1308 2490 1458 2535 videtur
1475 2501 1484 2526 :

565 2578 675 2616 Ἀλλ’
695 2579 735 2615 οὔ
759 2596 799 2616 σε
821 2580 954 2628 κρύψω·
976 2587 1048 2617 τῶν
1068 2581 1166 2628 ἐμῶν
1186 2580 1258 2627 γὰρ
1278 2579 1426 2614 eim-:ror

569 2642 801 2680 slmrdrarov
820 2645 981 2692 ἡγοῦμαί
1002 2658 1044 2679 σε
1063 2644 1121 2679 καὶ
1141 2644 1420 2679 κλεπτίστατον.

358 2725 471 2770 Quod
495 2726 617 2776 ipsum
641 2725 839 2775 aliquanto
861 2725 1090 2775 castigatius
1112 2725 1216 2763 Nero
1246 2723 1395 2770 extulit,
1428 2722 1494 2773 qui
1524 2720 1661 2759 detali
1681 2733 1805 2766 servo,

358 2797 367 2813 ‘
393 2790 496 2827 Nulli
517 2788 618 2841 apud
643 2802 681 2827 sc
703 2790 789 2839 plus
812 2788 897 2827 fidei
929 2789 1097 2834 haberes
1128 2789 1306 2827 dicebat:
1339 2792 1349 2808 ‘
1373 2786 1468 2825 nihil
1504 2784 1602 2824 enim
1623 2784 1657 2822 ei
1678 2797 1805 2835 neque
