1903 3306
341 219 425 260 402
840 232 879 260 P.
913 229 1153 260 TERENTII
1186 231 1304 262 Arm

342 326 493 375 Prius,
515 325 630 365 unde
654 325 830 379 petitur,
853 337 1005 365 aurum
1028 336 1162 377 quare
1184 324 1242 365 sit
1263 337 1407 374 suum,

342 393 487 444 Quam
510 394 587 434 ille
610 394 685 446 qui
708 394 829 447 petit,
850 392 964 433 unde
986 392 1026 432 is
1050 392 1107 432 sit
1131 392 1362 432 thesaurus
1385 392 1501 444 sibi3

342 462 438 502 Aut
456 462 572 502 unde
593 462 636 501 in
658 461 847 513 patrium
865 464 1194 500 monumentum
1215 460 1477 512 pervenerit.

342 529 529 578 Dehinc,
550 542 602 569 ne
623 529 851 569 frustretur
872 527 967 579 ipse
989 540 1053 576 se,
1075 531 1152 568 aut
1175 527 1242 567 sic
1266 528 1432 579 cogitet
1455 541 1466 569 t

342 597 589 638 Defunctus
603 596 696 650 jam
719 608 832 644 sum,
853 594 959 635 nihil
979 598 1048 635 est
1069 594 1188 648 quod
1208 594 1330 635 dicat
1347 595 1470 636 mihi.
1744 597 1801 637 15

341 664 389 705 Is
409 677 465 704 ne
488 668 595 705 erret
611 675 782 711 moneo,
804 666 849 702 et
869 661 1044 702 desinat
1065 661 1301 702 lacessere.

339 732 500 773 Habeo
523 732 613 772 alia
632 731 785 779 multa,
808 743 908 783 quae
931 742 1044 770 nunc
1067 729 1415 781 condonabitur3

342 799 457 850 Quae
479 799 750 853 proferentur
770 801 886 851 post,
914 798 951 838 si
974 801 1128 850 perget
1147 797 1309 838 laedere
1786 811 1799 826 π

342 867 432 918 Ita,
454 873 500 908 ut
521 868 666 908 facere
685 866 889 906 instituit.
950 863 1097 914 Quam
1120 878 1235 905 nunc
1259 864 1400 906 acturi
1420 877 1575 906 sumus

343 935 577 976 Menandri
596 935 870 982 Eunuchum,
891 940 1127 987 postquam
1150 932 1320 973 AEdiles
1344 937 1559 983 emerunt,
1742 935 1800 976 20

340 1002 548 1052 Perfecit,
571 1002 656 1042 sibi
677 1004 726 1042 ut
750 1001 1018 1055 inspiciundi
1039 1003 1154 1040 esset
1176 1000 1320 1053 copia.

332 1116 455 1155 sabula,
470 1115 592 1146 inducit
605 1123 818 1153 possessorem,
833 1113 886 1153 qui
911 1114 957 1143 rei
978 1116 1083 1151 partes
1104 1113 1248 1150 sustinet,
1272 1112 1362 1152 prius
1387 1122 1511 1143 causam
1526 1112 1688 1152 dicentem,
1703 1123 1797 1153 quare

344 1160 515 1191 Thesaurus
541 1158 612 1188 auri
632 1158 772 1187 inventus
799 1158 839 1186 ud
863 1166 894 1186 se
914 1156 1080 1196 pertineat,
1106 1166 1193 1196 quam
1216 1156 1343 1195 petitor,
1359 1155 1411 1195 quz'
1424 1159 1511 1186 actor
1525 1159 1584 1192 est,
1600 1157 1678 1187 uncle
1696 1157 1755 1188 sibi
1771 1159 1799 1188 is

340 1202 508 1240 obvenerit,
530 1205 583 1232 aut
605 1201 683 1230 unde
705 1200 739 1230 in
762 1200 864 1239 patris
878 1200 1048 1238 sepulcrum
1063 1199 1239 1229 reconditus
1248 1199 1302 1228 sit.
1348 1198 1482 1238 Deinde,
1498 1208 1534 1229 ne
1540 1198 1640 1237 fallat
1652 1208 1729 1238 sese,
1744 1203 1800 1230 aut

339 1246 383 1276 sic
396 1245 496 1275 animo
510 1247 598 1284 putet
610 1254 619 1274 .·
647 1243 824 1282 Defunctus
835 1242 907 1280 jam
921 1252 987 1272 sum
1001 1242 1137 1282 periculo
1149 1245 1179 1272 et
1197 1251 1310 1281 expers
1324 1242 1422 1272 omnis
1436 1241 1681 1282 reprehensionis
1692 1252 1703 1273 .·
1717 1242 1800 1273 nihil

340 1292 399 1322 est,
413 1288 492 1327 quod
508 1287 584 1317 mihi
599 1285 730 1323 objicere
750 1287 848 1326 possit
867 1284 1041 1316 Terentius.
1080 1285 1176 1314 Hunc
1191 1284 1371 1323 Lavinium,
1388 1294 1426 1314 ne
1449 1288 1542 1322 erret,
1562 1293 1746 1324 proemoneo‚
1768 1288 1800 1316 et

340 1334 435 1362 cesset
451 1340 498 1360 me
510 1330 652 1360 irritare.
699 1329 832 1360 Possum
854 1329 917 1358 alia
939 1328 1029 1367 plura
1051 1328 1258 1366 expostulare,
1281 1337 1347 1367 quae
1370 1327 1404 1357 in
1429 1327 1577 1366 proesenti
1599 1326 1628 1357 εἰ
1650 1327 1775 1359 remitto
1787 1338 1800 1364 ;

340 1384 408 1414 quae
420 1377 526 1413 posteu
540 1375 770 1411 expromentur,
792 1372 819 1402 sz'
832 1374 942 1410 perget
958 1370 1129 1400 maledictis
1145 1380 1191 1400 me
1208 1369 1377 1410 offendere,
1390 1370 1436 1400 ita
1453 1373 1486 1400 ut
1494 1369 1565 1408 jam
1585 1369 1710 1409 incepit.
1755 1370 1801 1410 Is,

336 1420 501 1456 postquam
520 1415 640 1446 AEdiles
655 1417 791 1445 emerunt
807 1414 990 1444 Eunuchum
1012 1413 1199 1451 comoediam,
1224 1423 1315 1453 quam
1335 1423 1414 1444 nunc
1428 1413 1533 1443 daturi
1547 1421 1650 1443 sumus
1665 1412 1699 1442 in
1715 1412 1802 1444 thea-

338 1462 433 1500 trum,
446 1462 622 1490 consecutus
637 1461 682 1489 est
696 1461 729 1488 ut
747 1458 825 1488 hanc
840 1457 901 1488 sibi
915 1456 1073 1497 spectandi
1084 1459 1222 1496 potestas
1229 1455 1337 1497 fieret.
1389 1455 1452 1487 Vix
1459 1458 1611 1498 praesente
1620 1455 1799 1495 Magistra-

960 1551 1203 1564 ormnem

340 1614 458 1645 suuris:
482 1619 565 1653 puto
582 1613 687 1645 fnisse
701 1613 878 1653 scriptum,
895 1623 913 1643 a
930 1613 1072 1644 thesauro
1087 1613 1125 1644 is.
1149 1613 1294 1643 Fau—12
1317 1610 1405 1642 Tres
1422 1620 1464 1641 ex
1481 1610 1605 1641 nostris
1619 1611 1684 1650 ille,
1699 1610 1798 1642 multi

340 1659 401 1696 illi,
419 1668 503 1688 unus
527 1657 613 1688 illum
630 1668 639 1688 .·
662 1657 721 1687 sed
751 1657 815 1687 illie
831 1656 1059 1687 adsciscamus
1076 1666 1118 1686 ex
1135 1656 1244 1686 tribus
1262 1654 1363 1686 codd.
1388 1653 1491 1691 mvii,
1518 1653 1563 1685 G.
1575 1654 1616 1684 F.
1645 1657 1681 1684 et
1699 1653 1799 1684 Lind.

341 1702 439 1732 Bent.
466 1702 561 1731 Boin.
578 1701 618 1730 V.
641 1701 700 1730 Br.
719 1700 784 1730 Do.
801 1699 893 1730 Perl.
912 1699 951 1730 Z.
976 1699 1042 1730 ille.
1067 1698 1211 1729 Bothius
1235 1698 1331 1737 legit,
1355 1697 1457 1732 Quam
1473 1696 1569 1727 illunc
1586 1719 1594 1727 .
1607 1718 1615 1727 .
1630 1717 1638 1725 .
1651 1696 1712 1726 sibi
1733 1699 1801 1736 aut,

342 1750 391 1782 et,
416 1746 424 1760 ‘
438 1745 523 1779 illic:
549 1744 668 1783 inquit,
685 1743 846 1773 ‘vitiosez
872 1743 1044 1782 sequimur
1061 1751 1162 1772 unum
1184 1741 1330 1772 Bentleii
1348 1739 1422 1771 cod·
1454 1740 1531 1772 ,lam
1547 1740 1628 1770 unde
1643 1732 1801 1770 similiter

341 1787 491 1827 positum
508 1791 608 1827 atque
626 1787 658 1816 in
673 1786 898 1816 antecedente
917 1795 964 1816 vs.
990 1784 1055 1815 Aut
1069 1786 1100 1815 in
1113 1784 1274 1814 extremis
1289 1793 1357 1813 vss.
1371 1782 1493 1822 passim
1506 1782 1692 1820 invenitur,
1706 1783 1801 1813 velut

342 1830 409 1860 Ad.
428 1829 508 1860 Act.
526 1839 550 1861 1.
573 1830 669 1860 Sc.l.
689 1838 736 1859 vs.
756 1828 815 1859 13.⁷
839 1830 848 1844 ⁶
862 1829 964 1862 Quam
980 1828 1032 1858 ille
1049 1827 1277 1868 supplendum
1294 1825 1397 1863 facit;
1414 1825 1564 1866 alioquin
1579 1825 1668 1855 illum
1684 1824 1800 1856 dicen-

342 1874 421 1903 dum
439 1877 523 1903 erat.
547 1873 588 1903 V.
606 1872 752 1911 Giphan.
770 1872 803 1900 in
827 1871 895 1901 ind.
914 1871 1064 1901 Lucretii
1085 1880 1116 1901 v.
1133 1867 1448 1909 ιοοῐιηπινειῐίνιιε.Μ
1467 1868 1508 1899 R.
1525 1869 1564 1899 D.
1597 1868 1700 1902 Quam
1720 1867 1802 1907 illic]

341 1916 412 1946 Illic
438 1926 498 1956 pro
524 1915 587 1952 ille,
603 1920 640 1945 ut
659 1915 741 1944 alias
759 1923 872 1953 saepe:
896 1915 976 1944 unde
997 1917 1087 1952 esset,
1104 1913 1186 1943 alias
1204 1913 1231 1942 is
1251 1913 1305 1943 sit.
1331 1913 1476 1943 Er.-13
1492 1911 1542 1941 M.
1563 1910 1800 1949 pervenit—14

342 1959 424 1996 Alii,
438 1959 600 1997 srudetur.
639 1958 768 1988 Rursus
794 1956 864 1994 alii,
881 1956 1072 1994 fraudetur.-
1097 1956 1267 1996 quomodo
1284 1960 1319 1986 et
1335 1959 1389 1985 est
1405 1953 1437 1984 in
1457 1953 1551 1994 Lips.
1565 1953 1688 1991 altero,
1704 1953 1737 1983 in
1754 1953 1802 1984 al-

343 2006 433 2040 tero,
456 2001 631 2038 defraudet.
647 2000 688 2031 R.
702 2000 856 2037 fiustret,
870 2000 902 2028 in
920 1999 993 2029 aliis
1003 1998 1146 2036 fraudet.
1173 1999 1256 2029 GM.
1280 1998 1340 2028 ΒΓ.
1363 2000 1416 2027 aut
1431 1996 1460 2027 si
1475 1996 1691 2036 cogitet.--16
1708 1995 1750 2026 R.
1767 2000 1803 2026 et

343 2054 428 2075 unns
444 2043 562 2074 Leidd.
585 2047 690 2074 cesset.
715 2041 1057 2075 B1·.J.desz·net.—17
1081 2041 1227 2073 Variant
1242 2041 1331 2072 libri.
1354 2039 1388 2072 J.
1405 2039 1445 2070 C.
1471 2039 1626 2079 Scaliger
1652 2039 1816 2069 condona..

342 2087 456 2118 bzmtur
485 2086 648 2123 malebat,
674 2086 738 2126 [ita
763 2094 898 2125 qnoque
925 2084 968 2114 G.
998 2085 1057 2116 ΒΓ.
1088 2084 1156 2116 ΕΤ.
1186 2085 1267 2115 ΕΜ.
1285 2089 1320 2113 et
1337 2082 1466 2113 Donati
1482 2080 1714 2112 vetustissima
1729 2081 1802 2111 Du-

344 2129 531 2167 Boisiana‚]
557 2135 593 2159 ut
620 2129 662 2158 sit
692 2128 853 2158 senarius
880 2127 1089 2158 claudicans,
1126 2126 1242 2168 Atque
1258 2127 1306 2157 ita
1322 2130 1375 2157 est
1393 2125 1428 2155 in
1445 2125 1552 2156 tribus
1569 2123 1690 2154 Leidd.
1705 2124 1802 2164 Lips.

343 2173 485 2210 duohti&
515 2171 614 2202 Bodl.
642 2170 797 2201 omnibus
828 2169 928 2200 codd.
958 2171 1071 2201 Boecl.
1111 2170 1200 2202 Pau.
1232 2174 1380 2210 quatuor
1419 2173 1453 2198 et
1479 2168 1523 2199 G.
1549 2167 1584 2198 F.
1630 2166 1672 2197 In
1701 2165 1803 2197 editis

344 2216 392 2246 ita
416 2215 582 2246 exhibent
605 2215 679 2244 EV.
708 2217 736 2244 l.
780 2213 877 2245 Junt.
904 2213 1048 2252 aliaeqne
1077 2217 1225 2244 veteres.
1250 2212 1346 2243 Glar.
1374 2210 1612 2241 condonabimus
1635 2208 1802 2248 praefere-

347 2259 418 2289 bat.
445 2259 520 2288 Riv.
551 2256 773 2288 condonabitur
805 2260 931 2292 tuetur,
957 2256 1059 2286 etiam
1085 2255 1211 2286 Donati
1243 2253 1463 2286 auctoritate.
1501 2253 1596 2283 West.
1642 2251 1802 2291 Egregie,

344 2301 455 2341 inquit
490 2300 679 2337 Bendeius,
714 2299 813 2330 CCC.
845 2308 924 2328 nunc
960 2308 1026 2338 quae
1063 2298 1287 2329 condonabitur
1304 2308 1314 2329 :
1354 2298 1402 2327 ita
1441 2304 1571 2336 quoqne
1607 2293 1712 2324 habet
1746 2293 1799 2327 ed.

344 2344 534 2375 Rom—19
549 2343 649 2383 Vulg.
673 2352 753 2373 nuno
775 2351 878 2381 quum.
904 2341 970 2372 Do.
993 2341 1093 2372 acturi
1114 2341 1306 2373 simus—22
1333 2340 1444 2370 Recte
1469 2344 1552 2378 tres,
1568 2336 1679 2379 inquit
1697 2337 1800 2369 Bent.

1002 2425 1147 2457 NOTAE

388 2491 426 2518 ll
454 2488 563 2526 Prius,
585 2488 666 2518 unde
695 2485 826 2527 petitur,
852 2484 977 2525 aurum]
1012 2484 1047 2515 Is
1103 2483 1192 2526 quod
1209 2488 1262 2515 est
1277 2488 1399 2515 contra
1411 2480 1693 2514 consuetudinem
1712 2478 1806 2520 judi-

345 2538 434 2568 nnde
453 2538 594 2577 petitur,
610 2537 642 2566 id
663 2541 726 2575 est,
745 2545 933 2576 possessor,
948 2545 967 2565 a
983 2544 1048 2576 quo
1104 2536 1243 2566 ciorum.

345 2588 512 2629 possessio
530 2588 578 2618 rei
603 2588 743 2627 petitur,
770 2586 827 2627 qni
857 2586 905 2616 rei
934 2590 1047 2625 partes
1147 2589 1187 2618 17
1213 2587 1292 2622 Quae
1307 2595 1388 2616 nunc
1402 2580 1639 2621 condonabitur]
1659 2580 1805 2612 Veteres

346 2640 507 2677 sustinet,
539 2639 590 2678 qui
618 2642 661 2669 est
688 2639 864 2674 «Icssl'cndeur.
912 2637 1050 2668 Petitur
1105 2635 1502 2677 ‘condono’jungebant
1518 2631 1735 2664 accusativo:
1755 2630 1804 2661 sic

344 2698 426 2720 vero
443 2694 494 2719 est
508 2694 615 2727 actor,
633 2690 829 2718 denuouleur.
866 2687 1048 2717 Terentius
1105 2687 1137 2717 in
1170 2686 1373 2717 Phormione
1403 2683 1584 2715 Terentius
1602 2693 1610 2713 :
1646 2682 1656 2699 ‘
1676 2680 1808 2722 Argen·

346 2740 457 2780 arguit
475 2739 648 2770 Lavinium
673 2738 845 2768 induxisse
877 2747 1048 2777 possesso·
1104 2741 1190 2777 tuni,
1216 2736 1306 2777 quod
1334 2735 1451 2775 habes,
1487 2733 1718 2764 condonamus
1746 2729 1804 2771 te‚'

347 2801 417 2823 rem
435 2791 528 2832 prius
546 2798 717 2831 agentem,
735 2800 833 2830 quam
851 2789 1045 2830 petitorem,
1104 2797 1178 2827 pro,
1195 2786 1270 2818 tibi.
