1945 3296
568 233 749 263 vicToR
785 232 845 262 υΕ
878 231 1128 262 coMOEmA.
1519 224 1577 264 53

118 337 192 368 tes.
251 329 428 379 Denique
448 341 515 379 per
533 340 610 365 non
631 327 742 365 tritas
763 326 918 364 dicendi
954 326 1097 376 figuras
1126 327 1359 376 elegantiam
1391 327 1568 378 alicujus,

120 400 186 430 aut
206 392 298 430 rude
318 391 516 443 ingenium
536 390 807 441 exprimentes,
841 389 1032 426 theatrum
1055 402 1167 427 omne
1186 389 1264 427 risu
1287 388 1574 430 diffundebant.

119 457 260 494 Verum
280 456 365 494 haec
384 455 566 493 universa
585 454 692 492 nihili
714 466 992 504 nonnunquam
1017 461 1140 498 erant,
1172 453 1244 490 nisi
1264 466 1397 491 vocem
1420 454 1573 492 histrio-

117 532 186 557 nes
220 519 384 568 singulis
415 519 686 556 adhibuissent
715 517 1076 555 accommodatam:
1108 516 1424 567 quandoquidem
1446 520 1571 555 omnis

117 582 325 621 oblectatio
346 582 558 621 Comoediae
578 581 860 633 propemodum
880 582 918 618 in
940 581 1093 619 actione
1114 580 1307 619 consistit.
1367 581 1571 619 Hactenus

116 654 245 685 autem
266 660 354 698 quae
373 647 554 693 diximus,
573 647 677 684 bono
698 646 824 684 omine
845 645 1085 696 procedant:
1117 658 1164 683 ne
1185 645 1292 695 (licet
1321 645 1412 684 huic
1441 646 1570 684 libello

115 710 163 748 de
200 711 394 763 perplexis
432 710 532 749 adeo
565 710 847 761 quaestionibus
880 710 1119 760 propositum
1152 722 1230 747 non
1264 709 1315 747 sit
1353 709 1571 760 disputare)

114 773 226 811 nimis
248 775 370 812 multa
389 786 476 811 esse
495 773 714 812 videantur.

167 838 207 875 Si
237 838 413 876 funditus
436 839 584 875 Latinae
607 838 822 875 Comoediae
843 850 997 888 quaeras
1031 838 1248 888 perspicere
1279 836 1568 875 conditionem:

111 902 284 953 inprimis
303 901 386 953 ejus
407 901 592 952 originem
613 914 683 952 par
699 914 785 939 esse
805 901 967 938 arbitror
986 913 1063 938 non
1086 901 1290 951 ignorare:
1311 900 1455 952 quippe
1477 913 1566 938 cum

112 965 162 1003 ad
183 979 254 1003 nos
275 980 296 1004 e
318 966 459 1004 Graeco
479 965 587 1003 fonte
606 965 781 1004 derivata
799 978 865 1016 per
886 965 1042 1002 Latinos
1064 965 1176 1014 quasi
1202 964 1383 1003 traduces
1410 977 1568 1003 emana-

111 1030 172 1067 rit.
231 1030 275 1066 In
295 1030 481 1068 Veterum
501 1030 632 1080 itaque
666 1030 806 1067 fabulis
839 1030 1010 1080 quinque
1042 1028 1244 1079 perhibent
1271 1041 1357 1066 esse
1386 1028 1568 1066 differen-

110 1094 197 1139 tias,
219 1100 435 1145 temporum
456 1095 617 1140 scilicet,
649 1094 750 1145 styli,
783 1093 970 1138 materiae,
1000 1106 1261 1139 numerorum,
1282 1101 1320 1131 et
1340 1102 1566 1144 apparatus.

111 1158 234 1196 Nobis
262 1159 379 1209 igitur
408 1165 584 1209 tempora
617 1158 972 1204 considerantibus,
1002 1158 1075 1195 tria
1106 1157 1392 1195 Comoediarum
1423 1171 1568 1208 genera

110 1235 196 1260 sese
216 1222 383 1260 offerunt
400 1221 692 1273 distinguenda.
750 1222 921 1260 Primum
941 1223 1041 1260 enim
1063 1228 1136 1268 est,
1156 1221 1260 1272 quod
1282 1234 1361 1258 una
1380 1234 1466 1258 cum
1489 1222 1563 1259 Pe-

108 1286 422 1336 loponnesiorum
443 1287 614 1338 imperio,
637 1287 860 1333 Susarione,
876 1287 935 1325 vel
958 1286 1187 1323 Sannirione
1202 1283 1332 1323 floruit
1348 1285 1561 1324 inventore.

110 1349 298 1395 Alterum,
324 1351 430 1402 quod
451 1352 499 1389 ab
519 1351 708 1402 impositis
728 1365 797 1402 per
818 1350 1136 1389 Lacedaemonios
1158 1349 1454 1387 Atheniensium
1481 1362 1564 1387 cer-

109 1413 256 1451 vicibus
276 1414 435 1465 triginta
454 1415 566 1465 quasi
580 1414 679 1466 jugo
700 1415 873 1467 tyrannis
894 1415 944 1452 ad
966 1420 1120 1452 aetatem
1142 1427 1265 1464 usque
1287 1413 1454 1465 Philippi
1475 1413 1563 1451 Ma-

108 1477 267 1515 cedonis
297 1485 358 1516 est
383 1486 660 1530 propagatum,
693 1479 875 1517 videlicet
908 1492 975 1529 per
1008 1491 1131 1516 annos
1164 1478 1316 1515 circiter
1345 1478 1563 1528 sexaginta.

107 1541 292 1588 Tertium,
322 1541 428 1593 quod
459 1543 507 1580 ab
528 1542 739 1581 Alexandri
769 1542 1005 1594 temporibus
1026 1541 1125 1579 adeo
1146 1541 1315 1579 faustum
1337 1541 1475 1579 sumsit
1491 1541 1563 1578 ini-

106 1605 215 1651 tium,
244 1613 288 1643 ut
313 1605 428 1643 etiam
463 1618 486 1643 a
514 1607 661 1645 Latinis
696 1607 734 1644 in
763 1607 973 1658 praesentia
1001 1605 1228 1644 celebretur.
1287 1605 1563 1643 Verumtamen

107 1682 180 1720 ego
201 1669 442 1708 Comoediam
470 1669 653 1709 Graecum
685 1684 772 1709 esse
801 1671 1001 1708 inventum
1030 1668 1187 1707 minime
1222 1669 1406 1706 arbitror:
1437 1681 1562 1719 neque

105 1735 166 1781 (ut
184 1732 354 1770 Thomas
377 1732 581 1784 Magister,
613 1741 652 1772 et
671 1747 759 1772 eum
781 1733 917 1779 secuti,
949 1732 1130 1771 videntur
1161 1733 1371 1780 aestimare)
1390 1733 1438 1770 ab
1459 1733 1561 1783 agri-

106 1796 202 1834 colis
223 1797 362 1835 civium
392 1797 551 1848 injurias
572 1799 898 1850 conquerentibus
920 1811 1006 1836 esse
1027 1797 1253 1835 derivatam.
1312 1797 1399 1835 Hoc
1419 1809 1558 1847 nempe

104 1873 264 1898 causam
285 1861 519 1912 asperitatis,
537 1868 577 1900 et
589 1862 806 1913 jurgIOrum
827 1864 866 1900 in
887 1862 1018 1900 Veteri
1039 1861 1242 1899 Comoedia
1260 1861 1412 1899 reddit:
1443 1873 1559 1911 quam

103 1936 194 1961 mox
213 1924 286 1974 ipsi
305 1923 421 1974 longe
442 1924 555 1962 aliam
576 1938 662 1963 esse
684 1926 908 1964 docebimus
927 1939 936 1964 :
958 1939 1084 1976 neque
1105 1925 1258 1963 videtur
1273 1924 1495 1976 quicquam,
1516 1931 1561 1962 ut

104 2001 202 2033 reor,
224 1987 274 2025 ad
296 1987 509 2026 Comoediae
538 1990 748 2040 primordia
766 1991 956 2041 pertinere
976 2004 982 2027 :
1014 1991 1198 2040 quoniam
1224 1989 1417 2039 Orpheus,
1444 2001 1560 2038 quem

104 2058 258 2090 constat
290 2066 359 2104 per
393 2059 549 2090 centum
585 2053 747 2105 amplius
782 2067 906 2091 annos
945 2061 1035 2091 ante
1070 2052 1229 2103 Trojani
1262 2052 1351 2089 belli
1386 2059 1560 2102 tempora

104 2115 260 2161 vixisse,
300 2116 372 2153 sub
403 2116 669 2154 Laomedonte
704 2117 869 2162 scilicet,
905 2130 949 2154 ac
980 2117 1145 2153 Athenis
1176 2116 1299 2166 AEgeo
1330 2116 1558 2166 imperante,

106 2179 250 2217 Bacchi
282 2181 466 2231 mysteria
497 2182 544 2218 ab
565 2181 758 2232 AEgyptiis
779 2182 920 2219 tralata
940 2181 1020 2218 suis
1041 2180 1328 2218 Thracensibus
1359 2180 1558 2217 indicavit.

103 2243 223 2293 Atqui
246 2243 473 2291 Comoediae,
501 2244 828 2295 quemadmodum
859 2244 961 2282 idem
982 2244 1120 2283 asserit
1138 2244 1322 2290 Thomas,
1343 2244 1441 2281 veris
1461 2251 1558 2281 tem-

102 2319 195 2358 pore
229 2307 267 2344 in
301 2307 610 2346 Bacchanalibus
642 2309 871 2359 agebantur.
929 2308 1043 2346 Unde
1077 2308 1193 2346 etiam
1224 2306 1328 2357 apud
1358 2307 1556 2344 Romanos

104 2383 170 2408 ara
190 2370 325 2408 Libero
345 2371 444 2422 patri
466 2384 578 2409 sacra
597 2372 634 2409 in
665 2372 802 2410 dextro
830 2371 947 2409 latere
983 2385 1125 2418 scenae,
1155 2370 1483 2422 quemadmodum
1506 2372 1558 2408 ait

105 2434 299 2482 Donatus,
318 2435 378 2473 vel
399 2435 622 2482 orchestrae,
642 2442 685 2473 ut
704 2435 859 2482 Pollux,
881 2449 1030 2487 semper
1049 2436 1281 2487 erigebatur,
1309 2435 1414 2486 quod
1436 2435 1557 2472 maxi-

102 2510 207 2535 mum
229 2505 293 2536 est
311 2506 595 2549 argumentum,
621 2513 645 2537 a
665 2499 810 2538 Bacchi
829 2500 1022 2551 mysteriis
1043 2513 1155 2538 omne
1177 2499 1410 2537 Fabularum
1432 2512 1556 2549 genus

101 2574 189 2599 esse
210 2562 466 2613 depromtum.
524 2564 568 2601 Id
602 2565 787 2602 Horatius
818 2565 957 2610 innuit,
989 2577 1077 2603 cum
1098 2569 1356 2614 spectatorem
1377 2569 1415 2600 et
1436 2562 1555 2600 sacris

101 2625 292 2673 functum,
324 2634 363 2665 et
387 2634 521 2678 potum
549 2628 732 2679 appellat.
790 2628 866 2666 Par
888 2637 948 2666 est
977 2628 1092 2679 igitur
1119 2626 1307 2672 arbitrari,
1335 2627 1458 2677 prima
1478 2626 1555 2664 Co-

101 2689 254 2727 moediae
276 2692 423 2729 semina
442 2704 510 2742 per
526 2692 723 2744 Orpheum
742 2694 789 2730 ab
806 2693 977 2744 AEgypto
993 2692 1031 2729 in
1049 2691 1241 2729 Graeciam
1262 2690 1381 2727 fuisse
1402 2689 1553 2728 delata:

101 2752 206 2791 unde
227 2755 428 2805 complura
458 2768 536 2794 non
567 2756 748 2808 Orpheus
775 2757 907 2804 modo,
935 2768 1066 2794 verum
1097 2762 1136 2794 et
1166 2755 1230 2793 alii
1260 2753 1554 2792 transtulerunt.
