1903 3306
630 246 834 277 ANDRIAE
871 247 977 276 aer.
1005 246 1055 276 ιι.
1089 245 1156 274 sc.
1183 245 1231 274 11.
1568 234 1652 276 313

200 345 540 398 Circumspicio:
559 355 798 396 nusquam:
820 341 932 382 forte
948 341 1010 381 ibi
1026 341 1157 395 hujus
1171 340 1303 381 video
1322 339 1549 393 Byrrhiam
1566 354 1574 381 :
1597 340 1652 380 20

199 413 330 464 Rogo
347 425 357 453 z
376 417 506 465 negat
529 411 720 452 vidisse:
753 410 860 451 mihi
880 410 1137 451 molestum:
1169 408 1274 462 quid
1297 420 1438 462 agam,
1462 408 1622 461 cogito.

199 479 423 522 Redeunti
453 480 617 520 interca
637 491 694 519 ex
715 479 814 532 ipsa
833 491 877 518 1e
898 477 1004 518 mihi
1025 476 1180 518 incidit
1199 476 1424 533 suspicio:
1456 475 1568 524 hem,

137 543 140 546 ’
198 547 436 588 Paululum
458 546 641 587 obsoni:
634 546 803 654 PiApsus
822 545 988 586 tristis·
1021 545 1075 585 de
1096 545 1338 605 improviso
1358 543 1553 596 nuptiae:

198 614 306 656 Non
337 614 573 655 cohaerent
714 596 1092 664 .Quorsu1nnam
1123 611 1274 652 istuc?
1337 611 1429 652 D.»
1468 611 1562 664 Ego
1584 623 1652 651 me

369 681 573 723 continuo
593 613 672 722 ad)
673 680 917 722 Chremem.

199 749 309 790 Cum
326 749 428 790 illoc
446 749 660 790 advenio:
685 737 879 790 solitudo
896 752 998 790 ante
1016 749 1199 790 ostium:
1217 748 1311 802 jam
1329 747 1374 788 id
1392 747 1578 800 gaudeo.
1599 745 1656 786 25

200 817 289 858 CH.
320 816 465 858 Recte
499 817 628 858 dicis.
690 816 776 858 PA.
810 817 958 870 Perge.
1022 817 1116 858 DA.
1152 816 1328 856 Maneo.
1390 814 1564 855 Interea
1596 813 1658 853 in-

368 884 502 925 troire
525 884 742 925 neminem

198 950 363 1000 Video,
384 953 506 993 exire
526 953 744 993 neminem
763 966 772 994 z
802 957 1047 1008 matronam
1069 952 1235 1004 nullam
1257 965 1265 993 :
1298 951 1342 991 in
1367 950 1541 991 aedibus

200 1019 325 1061 Nihil
342 1020 497 1070 ornati,
519 1020 625 1061 nihil
647 1021 844 1062 tumulti:
869 1020 1064 1061 accessi:
1088 1008 1200 1060 intro
1217 1019 1392 1073 aspexi.
1426 1017 1515 1058 ΡΛ.
1533 1017 1655 1059 Scio.

197 1138 303 1180 spicio.
348 1139 511 1180 Nusquam
528 1149 560 1179 e
547 1149 583 1169 ‘ro
599 1143 629 1170 te
644 1140 769 1188 aspicio.
810 1140 904 1170 Forte
917 1139 960 1170 ibi
975 1139 1065 1178 liujus
1080 1139 1213 1172 Charini
1227 1149 1295 1170 serr
1300 1150 1347 1169 um
1364 1139 1536 1180 Byrrla'am
1551 1138 1661 1172 tideo,-

198 1192 302 1222 quoero
317 1182 354 1213 ab
368 1192 413 1222 eo,
428 1192 500 1213 num
516 1185 546 1212 te
563 1183 697 1219 aiamim
724 1184 884 1223 respondet
908 1193 967 1213 non
983 1183 1108 1214 vidisse.
1155 1184 1254 1222 AEgre
1270 1183 1302 1213 id
1319 1182 1415 1220 stro:
1438 1182 1510 1221 qaid
1526 1181 1602 1212 mila
1615 1181 1658 1211 sit

198 1226 351 1264 agendum
365 1225 478 1264 cogito.
523 1225 647 1256 Interea
662 1226 739 1256 mihi
764 1225 907 1256 redeunti
922 1236 938 1256 e
956 1225 1030 1264 foro
1045 1227 1133 1264 forte
1148 1229 1217 1256 orta
1231 1229 1274 1256 est
1291 1225 1423 1266 suspicio
1449 1236 1487 1255 est·
1503 1225 1567 1264 ipso
1583 1234 1660 1264 nup-

198 1268 315 1299 tiarum
326 1271 490 1309 apparatu.
536 1268 632 1307 Hem,
652 1269 778 1309 inquam
793 1270 874 1307 apud
891 1278 956 1300 me:
977 1269 1134 1309 paululum
1158 1269 1275 1300 obsonii
1289 1272 1334 1300 est
1360 1271 1553 1308 apparatum,
1578 1267 1658 1306 ipse-

197 1314 262 1342 met
272 1314 364 1351 pater
379 1311 468 1342 Simo
482 1311 585 1341 tristis
597 1315 653 1351 est,
670 1321 757 1352 quem
772 1311 902 1342 hilarem
917 1321 980 1343 esse
993 1313 1091 1351 decet,
1107 1315 1170 1342 tam
1185 1312 1286 1342 subito
1306 1310 1530 1351 naptioefinnt.
1578 1309 1660 1341 Hcec

198 1353 282 1385 inter
304 1363 335 1385 se
359 1364 418 1384 non
442 1353 634 1385 com-eninm.
687 1355 755 1386 ΡΛ.
782 1353 987 1390 Quamobrem
1014 1354 1080 1385 lzoec
1105 1355 1181 1385 dieis
1192 1353 1207 1387 ’.Ρ
1255 1356 1324 1385 DA.
1353 1355 1421 1394 Ego
1445 1364 1491 1385 me
1516 1354 1660 1384 continuo

198 1397 320 1435 consero
334 1398 376 1427 ad
393 1397 568 1427 Chremetis
577 1399 709 1428 domum.
746 1396 824 1428 Cum
837 1407 892 1436 ego
907 1398 980 1428 illuc
995 1397 1135 1437 advenio,
1150 1398 1283 1429 solitudo
1300 1397 1424 1428 videtur
1439 1400 1511 1428 ante
1527 1396 1636 1427 ostium
1649 1407 1659 1426 .-

190 1440 260 1477 y'am
269 1449 310 1470 ex
322 1450 356 1470 eo
366 1441 498 1478 gaudeo.
523 1441 591 1471 CH.
608 1440 706 1472 Recte
717 1441 807 1471 dicis.
834 1440 901 1471 ΡΑ.
916 1440 1031 1479 Perge.
1055 1441 1126 1472 DA.
1137 1440 1208 1472 Illic
1220 1445 1362 1481 expecto.-
1376 1442 1495 1471 interea
1508 1440 1660 1470 neminem

198 1482 330 1513 introire
344 1483 443 1521 video,
456 1482 542 1513 exire
557 1485 708 1514 neminem
717 1494 729 1519 ,·
751 1486 924 1514 matronam
938 1485 1053 1514 nullam
1077 1484 1109 1515 in
1132 1484 1231 1522 domo,
1246 1485 1361 1514 nullum
1375 1487 1529 1519 ornatum,
1544 1483 1660 1513 nullum

198 1526 365 1556 tumultum
379 1525 581 1556 discurrentis
596 1526 817 1558 multitudinis.
861 1526 986 1557 Accessi
1009 1526 1105 1566 intro,
1131 1526 1346 1567 circumspexi.
1392 1527 1458 1558 ΡΑ.
1482 1525 1658 1566 Scio,curi-

809 1621 906 1634 ‘050‘
912 1622 1025 1634 ‘ecee‘
1031 1621 1050 1633 ο

197 1688 207 1704 ‘
221 1687 311 1718 Edit.
329 1687 546 1728 distinguunt
561 1691 641 1729 post
664 1688 673 1706 ⁴
686 1688 846 1729 invenio‚'
873 1694 978 1721 recte.
982 1688 991 1701 '
1031 1688 1139 1720 Notat
1156 1688 1248 1719 Pei-l.
1266 1686 1275 1704 ‘
1289 1687 1336 1718 ibi
1349 1685 1357 1700 ’
1374 1696 1448 1718 esse
1465 1690 1543 1727 post
1558 1686 1567 1703 ‘
1581 1685 1648 1717 inv.
1652 1685 1660 1699 '

196 1730 231 1761 in
247 1729 362 1762 Guelf.
381 1733 410 1762 1.
426 1733 457 1763 3.
474 1735 510 1762 et
526 1731 559 1762 in
584 1734 615 1763 3.
641 1740 717 1762 esse
742 1733 880 1763 ascendo.
883 1735 968 1764 -20
992 1732 1108 1763 Post‘
1119 1730 1303 1772 nusquam'
1328 1730 1559 1770 reponendum
1584 1739 1659 1761 esse

198 1782 324 1805 censeo
339 1783 382 1805 es.
420 1773 536 1823 Atque
551 1778 620 1805 tres
633 1784 651 1805 e
667 1775 793 1806 nostris
812 1780 909 1807 lecte
926 1774 1095 1806 collocant
1112 1773 1219 1813 zbzsm
1222 1778 1263 1805 te
1286 1773 1389 1805 Bent.
1427 1773 1573 1804 Accedit
1590 1782 1659 1804 om-

198 1816 279 1847 nino
295 1817 390 1847 Perl.
407 1816 465 1858 qui
487 1822 622 1848 monet:
647 1817 774 1850 ‘Bent.
790 1817 867 1850 add.
890 1828 935 1858 es,
960 1828 1027 1859 quo
1044 1818 1128 1849 GM.
1153 1819 1298 1858 glossam
1326 1816 1449 1857 tangit,
1477 1814 1598 1848 ‘erasss
1609 1818 1659 1839 '—

198 1861 236 1890 21
255 1859 357 1892 Bodl.
372 1863 407 1891 et
422 1859 477 1891 ed.
494 1869 549 1891 an.
566 1862 660 1891 1469.
678 1860 792 1892 vidisse
805 1870 848 1892 se.
872 1862 984 1892 West.
1028 1861 1169 1892 Vidisse.-
1186 1860 1267 1891 Par.
1284 1860 1370 1890 Mss.
1386 1869 1429 1891 se.
1452 1860 1543 1891 Peri.
1587 1858 1660 1890 Via.

196 1912 261 1933 sese
276 1903 336 1933 Bt.
383 1903 445 1934 Est
465 1907 575 1942 post‘
590 1902 737 1934 molest!
765 1904 798 1934 in
817 1903 931 1935 Guelf.
948 1905 1065 1935 2.—23
1092 1903 1209 1935 Tristis
1224 1907 1290 1935 erat
1314 1901 1574 1934 Guelf.1.—·24
1599 1902 1659 1934 Pr.

196 1944 271 1985 [lib.
289 1945 475 1986 V1.p.62.]
501 1947 658 1985 Egomet3
686 1956 752 1986 quo
778 1947 879 1978 modo
904 1952 939 1978 et
965 1948 1033 1978 Do.
1054 1947 1127 1987 jam
1144 1947 1239 1986 legit.
1267 1946 1308 1977 W
1306 1949 1360 1976 est.
1409 1945 1588 1976 Chremem.-
1611 1945 1660 1976 ita

200 1988 302 2019 Bent.
318 1988 377 2020 Er.
393 1989 485 2020 Mur.
503 1989 601 2020 Lind.
617 1990 660 2020 al.
684 1988 732 2020 At
748 1989 828 2021 Par.
856 1990 1061 2029 Chremetem,
1075 1993 1204 2021 testans
1220 1989 1252 2020 in
1271 1989 1362 2020 nullo
1378 1989 1461 2020 Mss.
1475 1998 1550 2019 esse
1565 1988 1660 2019 Chre-

196 2041 284 2062 mem.
307 2030 402 2062 Perl.
446 2031 456 2049 ‘
471 2031 548 2063 Non
566 2031 756 2063 cohaerent’
780 2032 839 2064 dat
857 2032 1003 2064 Charino
1019 2033 1080 2063 ΒΓ.
1098 2038 1134 2064 at
1148 2037 1248 2063 notat
1264 2033 1397 2063 Bruns:
1421 2036 1429 2049 ‘
1441 2031 1534 2062 Edit.
1550 2032 1660 2063 omitt.

196 2083 331 2110 nomen,
349 2079 385 2104 et
401 2074 522 2105 melius
539 2075 737 2106 tribuuntur
753 2075 857 2106 verba
871 2075 995 2107 Davo.²
1041 2077 1175 2115 Egomet
1201 2074 1318 2106 Guelf.
1342 2077 1457 2106 2.-25
1484 2075 1552 2106 Pro
1576 2075 1661 2114 illoc,

198 2117 288 2156 quod
305 2120 357 2148 est
374 2117 516 2156 Donati,
531 2127 648 2148 omnes
665 2117 765 2149 codd.
783 2128 865 2158 qnos
880 2119 964 2150 vidit
978 2117 1143 2158 Faernus,
1156 2122 1192 2149 et
1208 2119 1331 2159 priscae
1345 2118 1444 2149 editt.
1458 2118 1578 2157 legunt
1593 2117 1659 2149 ilco.

198 2160 302 2191 Bent.
350 2160 394 2190 Et
410 2159 459 2191 sic
475 2159 534 2191 dat
552 2161 653 2191 Bent.
698 2161 780 2192 Illuc
797 2160 913 2193 Guelf.
930 2164 962 2193 2.
989 2161 1045 2202 qui
1064 2141 1158 2192 addit
1175 2165 1242 2192 erat
1269 2166 1347 2201 post
1368 2160 1479 2192 ‘solit.
1484 2159 1580 2191 '—26
1603 2161 1660 2191 Ita

198 2202 284 2234 Mss.
303 2202 468 2243 plerique,
492 2202 592 2234 etiam
610 2202 814 2243 Bod1.A1ii‚
839 2204 904 2235 PA.
921 2204 1018 2234 Recte
1032 2204 1121 2235 dicis.
1167 2205 1236 2235 Cu.
1262 2205 1377 2243 Perge.
1422 2204 1487 2234 Sed
1515 2207 1549 2234 et
1575 2203 1657 2234 editi

195 2245 341 2277 variant.
387 2245 504 2276 Malim
529 2255 605 2277 cum
631 2246 698 2278 Do.
721 2250 904 2288 utrumque
928 2247 1077 2278 tribuere
1098 2247 1290 2288 Pamphilo.
1322 2248 1416 2278 West.
1419 2249 1504 2278 —27
1528 2247 1657 2278 Omnes

197 2289 334 2330 quidem
352 2288 401 2319 ita
415 2287 646 2329 distinguunt,
670 2289 729 2320 sed
757 2293 835 2330 post
861 2290 1072 2321 ‘matronam
1095 2290 1239 2321 nnllam'
1263 2291 1575 2331 interpunctionem
1593 2290 1657 2320 tol-

196 2331 331 2362 lendam
348 2340 486 2371 censeo,
503 2336 539 2363 et
554 2341 684 2363 comma
700 2331 953 2364 rescribendum
969 2337 1071 2373 post‘
1087 2332 1241 2364 aedibus!
1263 2333 1362 2364 Bent.
1408 2334 1558 2364 Matrona
1572 2333 1658 2364 nulla

197 2374 326 2414 optime
356 2374 423 2406 Gn.
448 2377 478 2405 1.
507 2379 545 2406 et
570 2375 651 2406 Hel.
696 2375 809 2416 Vulgo
835 2379 1009 2407 matronam
1036 2376 1165 2416 nullam,
1185 2376 1295 2407 minus
1318 2376 1444 2407 vivide.
1468 2376 1566 2407 Both.
1598 2376 1656 2417 qui

197 2417 357 2448 Bentleio
373 2417 507 2448 accedit
526 2418 558 2448 in
575 2417 758 2458 pungendo
775 2422 853 2459 post
876 2418 1060 2450 ‘aedibusz'
1084 2424 1120 2449 et
1145 2419 1194 2450 sic
1221 2419 1280 2450 ΒΓ.
1305 2422 1340 2450 et
1365 2418 1547 2450 Pe1·1.—28
1571 2419 1657 2450 Sunt

196 2459 283 2492 Mss.
304 2459 337 2491 in
355 2459 476 2501 quibus
499 2464 552 2491 est
573 2461 756 2502 introspexi.
782 2462 890 2493 West.
936 2462 1065 2503 Vulgo,
1092 2462 1190 2493 ΡΑΜ.
1219 2462 1302 2493 Scio.
1346 2462 1504 2503 Magnum
1517 2462 1654 2502 signum.

852 2546 994 2579 NOTAE

238 2612 280 2642 27
302 2610 485 2642 Matronam
496 2610 626 2651 nullam]
644 2611 810 2642 Matronae
821 2621 897 2653 pro·
951 2611 1076 2653 geniali
1102 2615 1178 2643 toro
1202 2610 1431 2643 collocabant.
1470 2611 1522 2643 Ad
1539 2612 1654 2654 hujus-

196 2661 295 2692 nubae
325 2661 519 2702 nuptiarum
548 2661 772 2694 celebrationi
809 2672 895 2703 prae-
950 2662 1040 2693 modi
1051 2660 1200 2693 officium
1214 2666 1382 2702 spectatae
1395 2662 1570 2702 pudicitiae
1584 2673 1654 2694 mn-

196 2716 295 2744 erant
311 2721 353 2742 ex
370 2717 468 2752 parte
485 2713 611 2752 uxoris,
625 2713 715 2744 sicut
737 2712 895 2754 Aruspex
950 2715 1049 2745 lieres
1076 2714 1339 2754 adhibebantur,
1367 2724 1442 2756 quae
1469 2715 1527 2746 uni
1543 2716 1651 2747 solum

196 2772 239 2793 ex
254 2766 351 2804 parte
364 2762 489 2794 mariti.
526 2763 601 2794 111ae
619 2768 759 2804 nuptam
776 2764 810 2795 in
826 2773 893 2794 ma·
950 2766 1022 2797 viro
1035 2765 1244 2805 nupsissent.

198 2813 256 2846 riti
286 2812 420 2845 domum
442 2812 674 2854 deducebant,
701 2820 736 2846 et
761 2824 835 2846 eam
859 2815 893 2847 in
992 2817 1033 2846 28
1058 2815 1149 2847 Nihil
1176 2815 1295 2856 omasi]
1331 2813 1503 2856 Antiquus
1530 2815 1650 2855 geniti..
