1903 3306
548 259 610 288 nt:
643 258 841 289 comicis
878 258 1132 290 VERsrssUs.
1478 252 1558 292 181

109 356 159 393 Et
177 368 186 392 :

482 417 531 456 Et
551 429 737 468 equorum
758 414 928 453 duellica
947 416 1088 466 proles.

108 482 183 519 Ubi
203 489 243 521 et
262 482 445 531 σύλληψις
465 494 551 519 esse
570 487 701 531 potest
720 484 730 501 ‘
749 479 868 517 duel.'
925 480 975 517 Et
991 493 1000 516 t

479 545 529 582 Et
548 545 679 582 sonitu
701 544 856 582 sterilia.

109 608 208 646 Item
224 621 234 646 z

479 672 595 710 Nunc
617 671 698 709 scio
719 669 813 721 quid
838 669 888 707 sit
908 682 1027 707 amor.

106 759 116 776 ‘
133 755 209 794 Sco
223 756 233 772 ’
261 755 337 794 κατ’
357 758 649 808 ἐπισυναλοιφὴν
668 755 895 806 legendum,
925 760 970 792 ut
1005 754 1186 792 Diomedi
1205 754 1347 805 placet.
1404 754 1529 792 Sodes
1549 769 1557 793 t

107 819 139 856 si
172 818 307 857 audes.
364 820 511 858 Sultis:
543 819 574 857 si
606 819 737 866 vultis,
775 818 853 857 κατ’
886 818 1070 866 ἔκθλιψιν.
1127 818 1259 864 Suam,
1294 831 1400 856 sam:
1431 831 1557 864 suum,

108 895 214 920 sum:
246 883 340 929 suis,
362 883 413 919 sis
432 895 441 920 ε
472 895 574 927 eum,
594 883 644 920 im
663 895 671 919 :
702 895 833 932 eapse,
855 894 901 919 ea
919 881 1029 932 ipsa:
1060 894 1188 931 sapsa,
1211 895 1250 919 se
1271 882 1357 932 ipsa
1376 895 1385 919 ι

265 968 481 1019 Postquam
500 968 645 1005 lumina
665 968 716 1005 sis
737 966 861 1004 oculis
880 968 1006 1004 bonus
1028 968 1160 1003 Ancus
1181 966 1348 1017 reliquit.

264 1032 443 1083 Virgines
463 1046 554 1070 nam
574 1032 645 1070 sibi
665 1031 830 1082 quisque
851 1031 953 1068 domi
976 1031 1177 1068 Romanus
1195 1029 1314 1068 habet
1335 1042 1413 1067 sas.

266 1096 354 1140 Quo
372 1109 433 1134 res
455 1108 572 1146 sapsa
590 1096 677 1134 loco
698 1107 783 1133 sese
803 1100 1051 1144 ostentatque
1066 1094 1269 1145 jubetque.

106 1182 226 1227 Tuus,
247 1188 334 1220 tus:
363 1187 443 1227 tua,
467 1189 530 1220 ta:
561 1194 656 1227 suae,
690 1194 758 1218 se:
791 1187 858 1217 aut
892 1181 1074 1228 συλλήψει
1093 1179 1400 1230 μονοσυλλάβως,
1434 1181 1559 1217 sicut:

107 1246 250 1283 suavis.
310 1245 382 1283 Est
401 1251 440 1283 et
459 1246 594 1283 crebra
614 1246 793 1294 ἔκθλιψις,
823 1250 862 1281 et
893 1251 1031 1294 postea
1050 1246 1292 1283 contractio:
1323 1251 1378 1290 ut,
1406 1257 1561 1281 amave-

106 1315 207 1355 runt,
227 1308 461 1355 decreverat,
492 1309 767 1348 commoverit:
798 1315 990 1355 amarunt,
1024 1308 1212 1355 decrerat,
1242 1308 1456 1347 commorit.
1513 1308 1563 1345 Et

107 1371 212 1423 apud
232 1372 451 1410 Lucretium
470 1385 479 1411 ε

482 1435 611 1474 Irritat
629 1435 810 1474 virtutem
831 1437 960 1475 animi.

106 1499 183 1536 Pro
203 1499 384 1537 Irritavit.
440 1499 578 1546 Sultis,
598 1513 681 1550 pro,
703 1500 734 1537 si
755 1499 870 1537 vultis
889 1514 898 1537 ε

263 1563 431 1601 Pandite
454 1563 566 1602 sultis
590 1577 712 1614 genas
732 1570 772 1602 et
790 1563 909 1602 corde
928 1563 1134 1613 relinquite
1156 1574 1347 1600 somnum.

110 1646 278 1685 Omnino
299 1655 444 1694 autem,
476 1661 553 1699 quo
575 1648 701 1685 minus
721 1648 976 1699 corriperetur
1008 1648 1287 1698 pronuntiatio,
1316 1660 1394 1684 non
1415 1648 1567 1686 obstitit

108 1711 314 1749 Veteribus
336 1726 359 1749 u
380 1725 451 1763 pro
471 1719 739 1750 consonante:
771 1718 815 1749 ut
842 1716 852 1733 ⁴
871 1712 960 1749 Sine
995 1711 1141 1749 invidia
1172 1710 1329 1749 laudern
1361 1711 1565 1750 invenias.’

109 1773 180 1811 Est
198 1774 299 1812 enim
317 1775 385 1812 Sin
406 1775 502 1813 inid.
520 1775 737 1826 τρίβραχυς.
785 1774 943 1821 Audivi,
963 1775 1083 1813 audii,
1141 1775 1307 1814 Eliditur
1324 1781 1363 1813 et
1381 1775 1492 1814 litera
1511 1790 1564 1818 m,

108 1837 308 1875 ‘Multum
342 1838 406 1875 ille
429 1845 468 1875 et
488 1838 628 1876 terris.'
682 1838 796 1875 Hanc
825 1838 1068 1876 collisionem
1087 1845 1242 1876 vocant.
1300 1839 1425 1876 Etiam
1456 1840 1566 1878 litera

107 1903 133 1939 b
156 1915 234 1939 non
268 1903 416 1940 obstitit
433 1902 626 1940 interdum
647 1903 901 1940 contractioni
922 1902 1156 1953 syllabarum
1175 1916 1184 1940 :
1208 1912 1265 1949 ut,
1286 1904 1362 1949 abi,
1381 1907 1565 1954 μονοσυλ·

105 1966 231 2014 λάβως
264 1967 480 2017 prolatum:
521 1970 684 2015 συγκοπὴ
719 1975 779 2004 est
812 1967 999 2013 concisio,
1033 1980 1121 2005 cum
1153 1967 1305 2017 syllaba
1340 1967 1566 2005 diminuitur

108 2032 279 2069 verbum.
337 2031 424 2077 Nis,
444 2044 527 2081 pro,
548 2031 687 2068 nobis:
719 2031 878 2077 scilicet,
912 2043 996 2081 pro,
1032 2031 1133 2068 scias
1165 2031 1281 2068 licet:
1313 2031 1455 2081 capsis,
1482 2044 1567 2081 pro,

108 2109 204 2146 cape
227 2095 257 2132 si
279 2096 348 2132 vis.
378 2095 526 2141 Emem,
547 2108 630 2145 pro,
651 2095 830 2133 eundem.
871 2096 984 2133 Cette
1003 2107 1155 2141 manuS‚
1176 2107 1259 2145 pro,
1275 2095 1415 2133 cedite.
1454 2096 1564 2134 Actae

111 2172 186 2198 non
209 2159 285 2197 alio
305 2172 394 2210 rege
414 2159 589 2210 puertiae,
609 2172 692 2210 pro,
712 2159 887 2210 pueritiae
905 2173 914 2196 ι

273 2242 437 2281 Evasti?
465 2242 583 2281 credo
604 2250 767 2289 metues,
798 2243 1016 2295 doctusque
1036 2244 1207 2290 cavebis,

271 2306 400 2352 Vixet,
421 2306 483 2344 cui
503 2306 621 2344 vitam
643 2307 750 2344 Deus
773 2313 812 2345 et
831 2320 903 2345 sua
923 2308 1060 2346 dextra
1079 2307 1266 2347 dedisset.

274 2370 411 2408 Motus
432 2383 585 2420 quoque
606 2383 763 2421 surpere
783 2370 911 2409 debet.

269 2434 368 2478 Quae
388 2447 449 2472 me
470 2441 673 2484 surpuerat
691 2434 797 2471 mihi.

118 2519 279 2558 Extritio
300 2525 429 2557 autem
449 2520 601 2570 proprie
621 2520 735 2557 unius
756 2526 907 2558 tanturn
926 2519 1048 2557 literae
1069 2525 1142 2564 est,
1177 2525 1217 2555 ut
1249 2518 1314 2556 illa
1340 2522 1501 2570 ἕκθλιψις
1521 2522 1565 2559 Ιί-

113 2592 206 2623 terae
226 2597 278 2630 m,
298 2590 338 2621 et
355 2583 478 2621 literae
498 2598 537 2630 u,
557 2597 626 2635 pro
648 2591 890 2622 consonante
908 2597 916 2621 :
947 2591 998 2629 et,
1019 2582 1180 2629 caldior,
1199 2582 1353 2629 lamnae,
1383 2597 1452 2636 pro
1472 2586 1566 2623 cali-

116 2647 213 2694 dior,
240 2648 422 2686 laminae:
451 2648 551 2694 istic,
583 2648 708 2698 priore
739 2648 868 2686 brevi:
899 2648 946 2684 ab
982 2647 1068 2691 olis,
1098 2659 1182 2697 pro,
1211 2648 1258 2684 ab
1288 2647 1388 2685 illis:
1418 2649 1566 2700 antiqui

116 2712 218 2750 enim
241 2712 389 2750 literam
411 2725 488 2749 non
512 2713 775 2762 geminabant,
805 2719 848 2749 ut
881 2711 1006 2763 inquit
1035 2711 1199 2749 Festus:
1229 2711 1295 2762 qui
1323 2719 1362 2749 et
1381 2712 1565 2750 senstram

116 2776 258 2824 dixere,
288 2788 404 2826 quam
422 2775 655 2827 posteriores
677 2776 931 2825 τρισυλλάβως
949 2776 1173 2814 fenestram.
1230 2776 1347 2822 Senx,
1368 2776 1427 2814 vel
1456 2789 1565 2821 snex,
