1903 3306
681 226 1015 256 ARGUMENTA.
1488 216 1571 256 271

161 324 241 352 cant
257 320 300 352 de
325 329 437 352 rerum
464 329 504 351 ac
526 324 717 361 temporum
743 319 947 360 quantitate.
993 319 1078 349 Post
1096 318 1185 349 euim
1204 317 1290 358 fieri,
1308 322 1343 350 ut
1361 324 1397 350 et
1422 319 1574 359 ingressa

163 374 206 404 sit
229 383 267 405 ac
292 383 440 414 egressa,
454 383 553 415 quam
570 383 674 414 prave
691 373 860 404 credimus
876 372 919 402 de
941 371 1121 412 proscenio
1144 381 1210 401 non
1227 372 1420 402 recessisse.
1466 372 1575 403 Posse

161 432 274 458 autem
290 427 409 468 quinto
425 427 540 467 egredi
558 436 749 467 personam,
763 435 828 456 non
852 431 887 456 et
904 434 1044 455 necesse
1068 433 1141 455 esse
1166 423 1329 461 dicimus:
1355 429 1393 455 ut
1408 431 1573 464 appareat

125 472 128 476 Δ
161 480 251 511 ultra
266 480 363 511 exire
379 490 446 511 non
463 489 574 520 posse.
619 480 658 510 In
675 479 855 519 Tragoedia
871 483 907 509 et
924 478 1059 518 parcius
1077 478 1183 515 exire,
1200 482 1234 507 et
1253 478 1362 508 solere
1385 478 1524 517 pariter,
1539 483 1575 510 et

160 532 279 564 licere.
325 532 460 564 Primus
484 532 593 564 Actus
621 533 655 563 in
670 532 800 563 Andria
817 532 1049 562 narrationem
1066 531 1210 562 Simonis
1233 530 1323 571 apud
1349 530 1478 562 Sosiam
1495 541 1575 562 con-

161 586 248 617 tinet
270 587 481 627 argumenti:
506 587 597 628 quod
625 586 770 627 populus
793 585 855 616 hac
880 586 1058 616 occasione
1083 584 1272 625 perdiscit:
1296 594 1373 615 mox
1398 584 1575 625 querelam

163 639 253 679 apud
266 649 302 671 se
320 640 409 671 Davi
425 640 467 671 de
485 640 633 679 domino,
648 645 683 671 et
694 639 843 680 ejusdem
860 649 936 670 cum
953 639 1089 670 domino
1106 638 1223 678 verba,
1239 643 1274 669 et
1290 647 1404 668 rursus
1421 637 1576 678 ejusdem

162 693 250 724 servi
267 692 653 734 deliberationem,quid
678 703 790 724 rerum
815 698 923 733 gerat.
968 692 1115 724 Secundi
1136 691 1245 723 Actus
1271 692 1346 723 haec
1363 696 1462 722 sunt:
1488 691 1576 722 Cha-

162 746 227 777 rini
238 746 343 778 verba
359 747 469 787 primo
483 757 560 778 cum
577 746 724 788 Byrrhia
737 756 850 786 servo,
862 751 898 778 et
915 751 993 787 post
1010 746 1175 786 cumipse
1188 745 1368 785 Pamphilo
1385 744 1428 776 de
1445 745 1575 784 nuptiis

163 799 387 831 Philumenae:
412 801 504 831 Davi
519 801 745 840 interventus,
760 804 796 831 et
811 809 887 830 cum
904 809 944 831 eo
962 799 1149 840 disputatio
1170 799 1213 830 de
1234 798 1364 838 nuptiis
1381 798 1574 838 Pamphili:

163 851 334 893 Pamphili
351 862 462 883 sermo
472 862 546 884 cum
563 858 673 894 patre,
689 852 765 884 dolo
783 852 1029 884 consentientis
1043 853 1078 883 in
1092 852 1249 893 nuptias:
1277 851 1433 892 Byrrhiae
1449 851 1574 883 verba:

164 905 255 936 Davi
280 906 405 937 callida
431 907 538 938 oratio
565 906 746 938 adversum
774 916 900 938 senem.
944 906 1060 938 Tertio
1087 905 1192 937 Actui
1215 907 1290 936 haec
1316 905 1576 936 attribuuntur:

161 959 306 1000 Mysidis
322 969 398 991 cum
415 960 603 992 obstetrice
619 961 838 1001 colloquium,
856 962 954 992 Davo
979 970 1019 991 ac
1035 961 1171 991 Simone
1193 958 1408 990 audientibus
1423 970 1431 990 :
1457 963 1577 999 partus

164 1012 319 1053 Glycerii
346 1019 527 1054 suspectus
552 1014 643 1044 seni:
673 1018 709 1045 et
738 1014 825 1044 Davi
856 1013 946 1054 apud
975 1023 1051 1044 eum
1077 1012 1301 1044 fraudulenta
1328 1012 1577 1043 sermocinatio.

163 1066 306 1098 Simonis
321 1067 427 1098 verba
441 1077 517 1098 cum
541 1067 720 1098 Chremete
743 1067 786 1098 de
810 1067 961 1107 nuptiis:
986 1066 1073 1097 Davi
1101 1065 1314 1107 perturbatio
1338 1075 1377 1096 ac
1395 1065 1577 1106 Pamphili.

163 1119 331 1152 Quartum
358 1119 483 1151 Actum
500 1129 563 1161 per
588 1120 663 1151 haec
679 1119 910 1160 intelligimus.
956 1119 1074 1150 Prima
1090 1119 1230 1151 Charini
1245 1119 1350 1150 verba
1366 1124 1455 1155 sunt,
1469 1119 1577 1160 indig-

163 1173 276 1205 nantis
303 1173 396 1204 velut
418 1172 520 1205 fidem
548 1173 611 1205 sibi
635 1183 702 1204 non
730 1178 901 1205 servatam
929 1184 948 1205 a
970 1172 1177 1213 Pamphilo:
1203 1177 1273 1203 tum
1299 1172 1444 1213 Mysidis
1470 1173 1577 1203 verba

162 1227 254 1268 apud
269 1226 498 1267 Pamphilum,
515 1226 732 1268 ejusdemque
756 1230 918 1267 questus:
942 1226 1033 1258 Davi
1057 1224 1305 1257 administratio
1331 1225 1398 1256 doli
1415 1224 1576 1257 adversus

163 1280 393 1312 Chremetem.
438 1279 480 1311 In
505 1280 624 1321 quinto
642 1279 754 1312 Actu:
776 1279 922 1311 Simonis
947 1286 982 1311 et
1000 1279 1191 1311 Chremetis
1221 1289 1328 1319 prope
1346 1279 1498 1320 jurgium
1515 1279 1579 1310 dis-

163 1333 319 1374 putati0;
344 1337 416 1365 tum
437 1333 588 1364 detectio
603 1332 814 1364 fallaciarum
839 1333 949 1371 Davi3
974 1336 1045 1364 tum
1070 1332 1257 1374 indignatio
1284 1332 1389 1373 patris
1412 1332 1576 1364 adversus

162 1387 289 1426 filium3
313 1391 385 1418 tum
402 1386 552 1418 Critonis
568 1386 806 1418 interventus:
831 1391 867 1417 et
890 1396 952 1427 per
980 1395 1055 1418 eum
1072 1386 1216 1427 cognitis
1241 1385 1344 1416 rebus
1365 1386 1398 1416 in
1415 1387 1579 1427 tranquil-

163 1442 232 1472 lum
247 1450 302 1472 res
314 1444 405 1480 acta,
416 1440 618 1472 ducentibus
634 1450 769 1480 uxores,
782 1450 864 1481 quas
880 1440 1160 1480 concupiverant,
1172 1438 1352 1479 Pamphilo
1367 1443 1402 1470 et
1420 1439 1578 1471 Charino.

164 1493 254 1527 Illud
274 1503 342 1525 non
358 1503 572 1525 commovere
595 1504 655 1526 nos
680 1494 795 1533 debet,
811 1495 902 1535 quod
926 1494 960 1524 in
986 1494 1104 1525 horum
1123 1493 1269 1524 Actuum
1293 1492 1512 1524 distinctione
1530 1494 1578 1523 vi-

164 1547 290 1579 dentur
302 1546 346 1579 de
362 1548 541 1588 proscenio
557 1558 623 1579 non
647 1547 846 1580 discessisse
869 1557 1025 1589 personae
1050 1546 1227 1588 quaedam:
1253 1545 1313 1577 sed
1330 1549 1448 1577 tenere
1474 1545 1577 1577 debe-

163 1610 250 1642 mus,
272 1599 352 1632 ideo
377 1600 579 1632 Terentium
595 1600 782 1632 vicinitatis
803 1602 1012 1632 mentionem
1035 1599 1159 1631 fecisse
1186 1600 1220 1630 in
1250 1599 1431 1640 principio,
1446 1604 1483 1630 ut
1507 1609 1577 1631 mo—

163 1653 244 1685 dico
259 1658 403 1695 receptu
425 1657 462 1685 et
485 1654 604 1685 adesse
620 1659 657 1685 et
681 1654 800 1685 abesse
825 1663 1005 1694 personam
1023 1653 1263 1693 intelligamus.
1311 1652 1404 1682 Nihil
1428 1662 1509 1693 ergo
1526 1662 1577 1683 se-

164 1706 292 1748 quius4
313 1705 443 1738 factum
458 1711 513 1739 est
529 1706 570 1739 ab
595 1706 756 1749 antiquis,
779 1707 837 1748 qui
853 1706 896 1737 ad
916 1707 1005 1739 hunc
1028 1706 1166 1739 modum
1189 1706 1416 1737 Terentianas
1434 1704 1577 1738 Fabulas

166 1759 368 1792 diviserunt.

748 1828 766 1857 4
791 1825 886 1857 Sec-us
910 1825 949 1856 Z.

305 2155 667 2187 ARGUMEN'PUM
704 2149 1016 2186 EUGRAPI-ln*
1047 2155 1099 2186 IN
1133 2154 1388 2186 ANDRIAM.

122 2255 195 2287 SED
209 2265 298 2289 nunc
315 2257 359 2289 de
378 2257 512 2289 Andria
526 2258 712 2289 videamus.
762 2256 893 2288 Andria
913 2257 1021 2298 prima
1037 2257 1152 2289 fabula
1166 2257 1242 2289 ideo
1256 2262 1411 2298 vocatur,
1427 2266 1467 2288 eo
1487 2255 1577 2298 quod

166 2318 209 2341 ex
233 2309 367 2351 Andro,
386 2311 498 2343 insula
524 2312 738 2351 Graecorum,
763 2311 897 2342 venerit
915 2311 1052 2353 Chrysis
1080 2310 1218 2343 foemina
1233 2311 1397 2350 Athenas,
1426 2310 1481 2342 ubi
1504 2311 1576 2342 haec

165 2367 242 2395 acta
257 2363 467 2405 referuntur,
483 2369 519 2396 et
536 2374 612 2397 cum
629 2364 794 2405 Chryside
807 2364 883 2404 alia,
898 2374 972 2406 quae
990 2365 1176 2396 vocabatur
1193 2365 1405 2406 Glycerium,
1420 2374 1495 2396 cum
1508 2373 1576 2395 non

165 2422 257 2449 esset
278 2427 321 2449 ex
346 2417 466 2450 Andro
494 2418 553 2449 sed
576 2419 689 2459 potius
709 2417 941 2458 Atheniensis,
964 2419 1053 2450 sicut
1077 2419 1322 2460 consequentia
1344 2417 1578 2450 manifestant.

166 2470 416 2512 Argumentum
442 2472 546 2503 totius
562 2471 686 2502 fabulae
701 2471 792 2502 istud
808 2475 873 2502 est.

124 2524 222 2556 Bello
237 2529 359 2557 exorto
375 2525 521 2557 Athenis
538 2526 700 2557 Chremes
721 2525 858 2567 quidam
877 2524 1104 2564 Atheniensis,
1119 2524 1247 2556 relictis
1271 2524 1438 2564 omnibus,
1451 2523 1494 2555 ad
1511 2522 1579 2554 alia

166 2577 381 2620 demigravit.
428 2580 535 2620 Cujus
562 2579 669 2611 frater
689 2579 830 2618 Phania,
845 2579 902 2620 qui
926 2579 1150 2610 Rhamnusius
1175 2578 1287 2609 dictus
1313 2582 1379 2618 est,
1401 2577 1576 2618 accipiens

165 2630 268 2663 filiam
292 2632 395 2671 illius,
408 2638 549 2673 neptem
565 2633 728 2664 videlicet
752 2643 860 2672 snam,
876 2633 1011 2664 nomine
1027 2632 1238 2672 Pasibulam,
1251 2642 1326 2674 quae
1350 2636 1472 2672 postea
1495 2630 1578 2670 Gly-

167 2684 294 2717 cerium
319 2684 415 2718 dicta
436 2690 502 2724 est,
520 2686 554 2716 in
572 2684 687 2717 Asiam
714 2686 956 2726 proficiscitur,
973 2687 1140 2727 quaerene
1151 2684 1293 2717 fratrem
1317 2695 1426 2724 suum,
1443 2683 1578 2716 nomine

316 2764 330 2793 †
353 2758 431 2791 Vid.
464 2758 706 2790 Praefationem
733 2764 932 2800 excerptam
956 2769 974 2790 e
991 2759 1034 2792 D.
1050 2759 1160 2791 Paulo
1172 2759 1250 2791 Jac.
1267 2758 1388 2789 Bruns.
