1903 3306
496 245 559 274 DE
592 242 790 275 comicis
831 242 1085 273 vERsrssus.
1432 236 1516 276 175

64 355 156 381 num
174 342 340 379 varietas
361 351 607 377 numerorum
638 337 908 388 depositionis,
940 344 983 375 ut
1015 345 1181 376 vocant:
1230 351 1275 376 ea
1304 347 1364 377 est
1384 353 1514 379 versus

64 405 278 451 conclusio,
298 403 386 442 talis
407 401 600 453 quaedam.
658 402 804 439 Versus
827 401 967 439 dicitur
987 403 1252 449 ἀκατάληκι-ος,
1273 403 1338 452 qui
1357 410 1415 441 est
1435 405 1516 454 ple-

63 482 137 508 nus
158 476 197 507 et
216 469 378 518 integer,
398 473 437 504 et
455 465 576 516 pedes
598 478 690 503 suos
716 466 834 503 habet
853 472 956 503 totos
973 479 981 503 :
1014 472 1056 503 ut
1073 480 1082 504 ε

170 559 294 597 Poeta
313 570 401 596 cum
422 558 585 608 primum
607 557 776 594 animum
797 556 847 594 ad
870 556 1117 594 scribendum
1138 555 1300 607 appulit.

63 646 210 683 Versus
230 649 290 682 est
307 643 495 681 iambicus
515 642 699 687 trimeter,
721 642 787 692 qui
807 648 846 679 et
861 641 1033 679 senarius
1053 643 1316 687 ἀκατάληκτος.
1373 641 1437 678 Sic
1458 648 1518 679 est

62 709 312 753 ἀκατάληκτος
330 706 579 743 Theocriteus
596 704 657 742 hic
677 704 823 755 primus
844 704 882 741 in
905 704 1080 743 Fistula:

169 791 333 831 Οὐδενὸς
352 793 559 840 εὐνάτειρα,
575 792 895 840 μακροπτολὲμοιο
916 788 958 827 δὲ
976 793 1109 840 ματήρ.

66 885 116 922 Et
134 889 271 935 postea
290 883 462 923 σκάέωνε

170 964 299 1009 Μαίης
317 961 554 1012 ἀντιπάτροιο
572 960 657 999 θοὸν
685 964 782 999 τέκες
804 962 989 1010 ἶθυντῆριι.

67 1049 117 1087 Et
136 1061 226 1087 mox
246 1048 506 1094 καταληπτικὸς
526 1048 577 1085 εἷς
597 1045 820 1094 συλλαβὴντ

171 1135 270 1187 Οὐχὶ
290 1134 502 1183 Κεράσταν,
523 1132 567 1171 ὅν
586 1148 675 1170 ποτε
695 1132 856 1181 θρέψατο
880 1133 1132 1182 ταυροπάτωρ.

67 1225 117 1263 Et
134 1228 379 1276 πεντάμετρος
397 1222 554 1269 deinde,
573 1222 635 1261 vel
662 1222 922 1269 καταληπτικὸς
942 1225 993 1261 εἷς
1014 1221 1207 1270 συλλαβάς
1225 1234 1233 1258 t

170 1309 315 1361 Oiivoft'
337 1309 427 1347 ὅλον
447 1307 563 1349 ὅίὲων
583 1308 601 1346 ὃ
621 1313 685 1347 τᾶς
703 1312 861 1359 μέροπος
879 1310 1007 1346 πόθον.

67 1407 196 1458 Atque
216 1405 272 1444 ita
295 1418 420 1457 usque
451 1404 502 1443 ad
538 1404 691 1455 δίμετρα
724 1407 970 1451 καταληκτικᾶ
1005 1406 1055 1441 εἷς
1091 1403 1304 1452 συλλαβὴν,
1339 1407 1525 1455 καλλιόπᾳ

67 1476 106 1508 et
126 1469 326 1521 νηλεύστῳ.
400 1468 502 1506 Nam
532 1468 570 1505 in
604 1468 679 1505 hoc
714 1481 856 1518 genere
888 1470 1110 1519 μονόμετρος
1142 1469 1391 1515 ἀκατάληκτος
1418 1470 1527 1506 fieret

67 1546 168 1571 unus
187 1545 271 1583 peS.
328 1532 511 1570 Metimur
531 1532 633 1570 enim
655 1532 784 1570 omnia
804 1544 949 1582 genera
969 1531 1182 1569 carminum
1211 1532 1375 1582 pedibus
1397 1532 1526 1583 dupli-

68 1596 180 1643 catis,
211 1601 352 1647 praeter
372 1595 621 1647 dactylicum.
680 1595 804 1645 quue
825 1601 865 1632 et
885 1595 1050 1633 Rufinus
1083 1596 1307 1633 testimonio
1335 1596 1526 1634 Herodoti

68 1660 347 1710 comprobavit,
377 1659 539 1697 Veteres
559 1659 785 1697 factitasse:
829 1672 919 1696 nam
955 1658 1149 1710 dactylica
1182 1660 1341 1697 oracula
1373 1660 1526 1697 reddita

67 1722 189 1761 fuisse
211 1723 265 1761 ait
284 1725 376 1774 τόνῳ
397 1725 591 1775 ἑξαμέτρῳ.
651 1722 776 1774 Gygis
798 1730 928 1760 autem
950 1722 1132 1761 facinoris
1152 1724 1371 1761 meminisse
1390 1723 1527 1761 Archi·

68 1786 198 1824 locum
226 1787 266 1824 in
295 1787 461 1826 iambico
490 1800 602 1825 versu
633 1791 821 1839 τριμέτρῳ,
851 1787 917 1837 qui
947 1786 1170 1838 hujusmodi
1198 1787 1355 1838 quidam
1387 1788 1438 1825 ibi
1465 1800 1527 1825 as-

68 1849 254 1888 cribitur:

230 1923 289 1963 Oi}
307 1929 370 1975 μοί
391 1941 437 1974 ’γε
454 1925 585 1974 Γύγεω
605 1935 667 1964 τοῦ
688 1930 924 1978 πολυχρύσου
943 1930 1063 1978 μέλει.

73 2016 144 2054 Est
162 2029 255 2067 ergo
271 2022 309 2054 et
328 2016 526 2067 elegiacus
547 2017 779 2068 dactylicus,
801 2030 930 2067 quern,
949 2024 992 2055 ut
1012 2018 1169 2064 scimus,
1183 2017 1305 2055 tribus
1326 2017 1527 2069 dactylicis

70 2079 236 2130 pedibus
259 2080 381 2118 additi
399 2081 589 2132 anapaesti
610 2081 688 2118 duo
711 2082 934 2128 absolvunt,

223 2164 334 2204 ’Ὀττι
354 2164 394 2202 δὲ
412 2171 524 2216 μοῖρα
542 2169 691 2212 παθεῖν,
709 2166 750 2203 οὔ
769 2183 804 2205 τι
825 2166 973 2204 δέδοικα
994 2170 1141 2205 παθεῖν.

234 2229 296 2266 Lis
316 2235 376 2267 est
395 2242 482 2267 cum
502 2230 625 2267 forma
644 2242 788 2280 magna
807 2229 1020 2280 pudicitiae.

72 2305 132 2347 Ita
162 2309 477 2360 penthemimeris
508 2316 673 2360 utraque
711 2310 933 2360 conjuncta,
969 2318 1007 2349 et
1041 2312 1128 2362 ipsa
1157 2311 1250 2349 facit
1285 2310 1530 2361 spondaeum,

73 2379 118 2411 ut
137 2372 192 2410 sic
212 2372 332 2423 pedes
353 2372 522 2423 quinque
557 2373 738 2424 dactylici
772 2380 1062 2412 construantur.
1122 2375 1193 2413 Est
1218 2382 1346 2413 autem
1368 2376 1530 2426 penthe-

75 2437 241 2475 mimeris
262 2437 301 2475 τὸ
320 2440 370 2488 μὴ
389 2440 671 2488 πενθημιμερὴς,
692 2436 729 2474 id
752 2443 826 2484 est,
856 2439 1045 2488 quinaria,
1066 2452 1154 2477 cum
1175 2439 1327 2491 syllaba
1346 2440 1385 2477 in
1414 2440 1530 2477 verbo

78 2507 258 2552 superest
274 2507 365 2552 post
383 2501 502 2551 pedes
523 2501 622 2539 duos
641 2514 649 2537 :

446 2587 565 2624 Arma
583 2585 784 2636 virumque
802 2598 914 2623 cano.

81 2670 421 2723 HepthemimeriS,
443 2671 482 2709 τὸ
503 2674 552 2718 μὴ
573 2673 830 2723 ἑφθημιμερὴς,
852 2683 939 2708 cum
961 2670 1092 2710 fithoc
1112 2677 1202 2722 post
1220 2677 1296 2710 tres
1319 2670 1461 2722 pedes:

345 2755 555 2795 Mnesthea
576 2757 880 2807 Sergestumque
900 2764 1028 2795 vocat.
