1903 3306
338 231 421 273 130
825 240 952 271 mvn
987 239 1298 271 cAsr1cA‘rro.

335 336 384 373 ab
404 347 527 385 eoque
547 347 596 372 ne
615 340 876 371 transversum
897 333 1065 385 quidem,
1097 339 1140 371 ut
1170 334 1291 381 aiunt,
1322 333 1485 385 digitum
1516 334 1754 374 discederem
1774 348 1784 373 :

337 398 406 438 sed
427 398 522 436 citra
541 396 853 448 superstitionem
874 403 1017 442 tamen,
1035 403 1073 434 et
1093 408 1180 434 cum
1195 396 1344 447 judicio
1365 411 1528 449 semper.
1586 398 1783 442 Ceterum,

335 475 423 500 cum
444 461 650 513 plerosque
669 461 750 499 fore
771 460 1024 512 suspicemur,
1045 460 1125 510 qui,
1147 459 1252 510 quod
1272 460 1452 514 carminis
1468 461 1656 499 rationem
1675 462 1787 512 igno-

335 533 434 571 rent,
462 525 525 563 vix
556 531 645 576 apte
665 524 759 562 satis
779 523 840 561 his
861 523 909 562 de
931 523 1045 561 rebus
1072 522 1249 574 judicare
1270 531 1438 574 queant3
1469 525 1594 562 visum
1615 531 1676 563 est
1696 525 1788 563 sub-

329 588 451 639 jicere
482 588 671 626 nonnulla
700 587 777 634 hic,
807 600 895 637 quae
924 586 1032 624 velut
1053 586 1214 637 januam
1244 588 1495 639 patefaciant,
1527 594 1566 626 et
1596 588 1712 635 viam,
1745 594 1789 626 ut

336 653 491 698 dicitur,
519 650 780 702 praemuniant
809 650 1133 701 imperitioribus:
1164 663 1243 702 quo
1271 652 1413 689 certius
1445 652 1492 691 de
1522 653 1788 703 recognitione

338 722 472 753 nostra
496 714 685 766 judicium
705 714 832 751 facere
854 719 893 751 et
913 713 1146 751 sententiam
1166 713 1263 751 ferre
1290 715 1454 766 possint.
1510 709 1633 767 Igitur
1652 717 1790 755 comici

337 780 501 817 Plautus
523 784 561 816 et
579 778 783 815 Terentius
804 784 926 814 metro
946 777 1025 815 fere
1042 783 1203 815 utuntur
1223 779 1284 816 vel
1304 779 1483 827 iambico,
1497 779 1559 817 vel
1578 779 1788 825 trochaico,

335 843 398 881 vel
417 849 580 892 utroque
601 841 712 879 simul
733 840 910 879 confuso.
969 841 1182 880 Iambicum
1201 843 1261 881 vel
1282 851 1563 882 monometrum
1583 849 1656 890 est,
1681 843 1787 894 quod

337 907 490 945 duobus
511 904 674 956 pedibus
695 905 933 955 simplicibus
954 912 1132 944 constat:
1154 906 1214 945 vel
1235 906 1454 952 dimetrum,
1474 906 1579 958 quod
1599 913 1788 957 quatuor:

336 971 398 1008 vel
418 971 645 1016 trimetrum,
665 968 770 1019 quod
792 982 874 1015 sex,
903 969 969 1020 qui
989 975 1029 1007 et
1048 970 1188 1008 senarii
1208 971 1391 1009 dicuntur
1412 971 1470 1009 M.
1489 971 1615 1009 Tullio
1635 978 1674 1009 et
1693 971 1788 1009 Fab.

338 1033 601 1078 Quintiliano:
631 1033 692 1070 vel
722 1039 1002 1079 tetrametrum,
1035 1034 1140 1085 quod
1171 1042 1288 1078 octo;
1318 1035 1443 1086 quiet
1461 1034 1639 1086 quadrati
1658 1034 1792 1087 appel-

335 1098 477 1144 lantur,
498 1104 536 1136 et
556 1096 756 1134 octonarii.
812 1097 871 1135 Ex
889 1097 998 1136 hisce
1018 1097 1191 1136 trimetro
1211 1099 1348 1138 comici
1367 1105 1407 1137 et
1426 1105 1648 1137 tetrametro
1667 1098 1790 1136 maxi-

336 1174 396 1199 me
416 1167 602 1199 utuntur:
632 1160 717 1198 aliis
741 1173 841 1208 raro,
871 1168 911 1199 et
928 1161 966 1198 in
988 1161 1115 1199 medio
1136 1162 1214 1199 fere
1233 1163 1365 1212 (sicuti
1386 1162 1605 1200 Priscianus
1625 1169 1791 1200 annota-

336 1224 408 1273 vit)
427 1224 688 1262 distinctionis
709 1237 842 1263 causa.
901 1224 1016 1268 Quod
1043 1224 1092 1262 ad
1126 1224 1245 1276 pedes
1277 1226 1416 1264 attinet
1444 1225 1613 1271 iambici,
1647 1238 1789 1277 magna

334 1288 513 1326 libertate
534 1288 670 1326 comici
692 1287 954 1326 indifferenter
985 1288 1110 1326 ubivis
1141 1297 1304 1338 ponunt,
1336 1289 1522 1336 iambum,
1552 1289 1790 1341 tribrachyn,

275 1388 278 1392 ,
338 1358 595 1402 anapaestum,
612 1351 826 1403 dactylum,
842 1351 1071 1402 spondaeum
1089 1365 1099 1390 :
1121 1352 1159 1389 in
1176 1353 1250 1390 fine
1267 1353 1504 1404 plerumque,
1519 1360 1587 1391 aut
1606 1352 1790 1399 iambum,

337 1421 403 1453 aut
434 1413 709 1466 pyrrhichium,
740 1427 939 1465 nunquam
970 1415 1044 1453 nisi
1077 1415 1115 1452 in
1147 1422 1328 1453 scazonte
1359 1415 1604 1467 spondaeum.
1664 1416 1791 1456 Utitur

337 1477 541 1517 Terentius
561 1490 666 1528 saepe
687 1478 725 1514 in
746 1478 926 1526 iambico,
948 1478 1047 1528 pede
1069 1485 1235 1529 quatuor
1255 1479 1489 1531 syllabarum
1510 1479 1683 1518 brevium
1701 1493 1790 1531 pro-

337 1541 628 1587 celeusmatico,
656 1540 774 1591 idque
808 1554 877 1591 per
912 1541 1186 1579 resolutionem
1224 1542 1426 1593 spondaei:
1469 1550 1512 1580 ut
1541 1543 1583 1581 in
1613 1544 1761 1582 Andria
1779 1557 1789 1583 t

339 1610 349 1627 ‘
367 1605 479 1643 Mala
497 1617 622 1651 mens,
639 1604 765 1642 malus
787 1605 952 1651 animus,
972 1618 1086 1656 quem
1107 1605 1263 1656 quidem
1284 1619 1358 1657 ego
1379 1607 1410 1645 si
1430 1620 1590 1645 sensero
1604 1607 1627 1646 ι’
1645 1607 1709 1645 hic
1729 1620 1789 1646 se-

337 1668 467 1707 cundo
485 1668 574 1706 loco
594 1674 654 1706 est
675 1668 1059 1718 proceleusmaticus.
1116 1670 1159 1707 In
1182 1669 1318 1708 eadem
1336 1683 1346 1708 ι
1377 1674 1387 1692 ‘
1404 1670 1490 1708 Tibi
1522 1684 1706 1722 generum
1725 1672 1790 1709 fir-

336 1745 456 1778 mum,
478 1740 516 1770 et
533 1732 623 1769 filiae
644 1731 817 1770 invenies
838 1733 958 1770 virum
976 1733 999 1771 :⁹
1026 1733 1090 1772 hic
1120 1734 1243 1784 prima
1272 1734 1430 1785 regione
1454 1734 1558 1773 idem
1579 1748 1660 1786 pes.
1718 1734 1790 1773 Est

337 1804 466 1833 autem
487 1795 631 1846 duplex
651 1795 972 1846 iambici'genus:
995 1796 1157 1835 alterum
1175 1804 1322 1835 rectum
1338 1798 1600 1849 perfectumve
1615 1806 1789 1845 vocatur,

336 1860 497 1897 alterum
529 1860 667 1899 σκάέον
685 1860 708 1903 ἢ
728 1858 955 1910 χωλίαμβον
972 1873 983 1898 2
1025 1859 1135 1910 cujus
1168 1859 1421 1911 penultimam
1453 1861 1492 1899 in
1525 1861 1600 1900 fine
1629 1862 1788 1913 longam

337 1936 424 1961 esse
443 1928 608 1974 oportet.
667 1921 876 1972 Utriusque
897 1922 1071 1960 meminit
1092 1922 1269 1969 Ovidius,
1304 1936 1392 1961 cum
1426 1925 1544 1972 canit,
1577 1929 1587 1946 ‘
1606 1924 1718 1963 Liber
1741 1921 1787 1963 'in

337 1986 521 2024 adversos
540 1986 674 2023 hostes
697 1985 908 2036 stringatur
927 1986 1092 2031 iambus,
1112 1986 1190 2023 Seu
1210 1985 1325 2031 celer,
1341 1993 1552 2025 extremum
1573 2001 1642 2026 seu
1660 1987 1789 2026 trahat

334 2049 398 2088 ille
418 2049 584 2100 pedem!
639 2049 766 2087 Utitur
800 2048 1013 2087 identidem
1047 2050 1164 2101 po'e'ta
1194 2048 1358 2088 iambico
1378 2055 1599 2088 tetrametro
1618 2051 1788 2090 catalec-

335 2113 436 2151 tico:
466 2112 504 2150 id
526 2119 598 2158 est,
618 2112 680 2150 cui
703 2111 854 2163 syllaba
875 2112 912 2149 in
934 2113 1010 2150 fine
1031 2112 1157 2151 desit:
1179 2126 1257 2163 quo
1276 2114 1314 2151 in
1334 2113 1576 2160 catalectico,
1598 2115 1668 2153 sibi
1689 2115 1788 2154 inter

337 2176 413 2213 alia
431 2176 506 2213 hoc
526 2188 682 2227 quoque
701 2175 898 2226 permittit,
929 2182 972 2214 ut
991 2189 1060 2227 pro
1081 2177 1294 2228 penultima
1319 2177 1439 2229 longa
1456 2178 1562 2216 haud
1582 2192 1668 2218 raro
1688 2179 1787 2218 duas

335 2240 469 2278 breves
489 2245 623 2290 ponat,
657 2238 764 2290 quod
789 2239 902 2277 facile
922 2240 988 2290 qui
1008 2253 1143 2278 versus
1164 2240 1202 2277 in
1225 2253 1317 2278 suos
1336 2240 1458 2292 pedes
1477 2241 1651 2292 digerere
1670 2243 1788 2290 volet,

337 2304 392 2342 sic
416 2304 559 2342 habere
591 2303 815 2354 comperiet.
873 2303 915 2340 In
954 2303 1156 2342 trochaicis
1188 2304 1325 2342 comici
1356 2304 1565 2344 indiscrete
1593 2305 1787 2343 interdum

335 2367 527 2418 dactylos,
556 2367 618 2404 vel
647 2367 840 2405 trochaeos
876 2375 1041 2418 ponunt,
1071 2369 1249 2406 nimirum
1280 2379 1358 2419 quo
1392 2381 1505 2419 paene
1536 2368 1728 2407 dissoluta
1748 2375 1788 2407 et

335 2428 506 2479 pedestri
527 2429 719 2467 simillima
740 2442 826 2467 esse
858 2430 1035 2469 videatur
1062 2444 1311 2482 personarum
1345 2431 1643 2470 sermocinatio:
1675 2431 1786 2484 cujus

333 2492 416 2542 ipse
436 2491 658 2529 Priscianus
679 2492 865 2539 meminit,
895 2493 999 2543 apud
1033 2507 1147 2544 quem
1166 2494 1387 2532 Victorinus
1409 2507 1486 2532 non
1506 2495 1634 2533 minus
1653 2495 1785 2542 libere,

336 2566 451 2603 quam
472 2565 559 2592 vere
581 2553 648 2599 ait,
666 2555 840 2601 comicis,
860 2555 951 2593 dum
972 2556 1242 2606 quotidianum
1259 2569 1473 2596 sermonem
1493 2557 1633 2595 imitari
1654 2557 1787 2595 nitun-

335 2623 410 2663 tur,
438 2624 560 2654 metra
581 2617 714 2654 vitiare
735 2618 878 2664 studio,
907 2632 986 2656 non
1008 2620 1221 2670 imperitia;
1253 2619 1358 2670 quod
1377 2626 1416 2658 et
1433 2618 1692 2665 Terentianus
1706 2627 1785 2659 tes·

335 2688 438 2717 tatur
457 2680 563 2718 hisee
584 2681 756 2719 versibus
776 2694 784 2719 ε
817 2686 825 2703 ‘
846 2682 1058 2734 Fidemque
1079 2683 1177 2721 fictis
1199 2683 1289 2721 dum
1319 2690 1528 2734 procurant
1554 2683 1708 2731 fabulis,
1739 2685 1783 2721 In

337 2750 457 2782 metro
487 2751 650 2794 peccant
674 2752 769 2790 arte,
790 2758 866 2782 non
891 2746 1071 2784 inscitia.’
1125 2747 1251 2784 Tanta
1272 2754 1399 2784 autem
1421 2747 1587 2785 affinitas
1608 2755 1667 2785 est
1685 2748 1789 2787 inter·
1836 2782 1839 2785 .
