<?xml version="1.0" encoding="UTF-8"?>
<!DOCTYPE html PUBLIC "-//W3C//DTD XHTML 1.0 Transitional//EN"
    "http://www.w3.org/TR/xhtml1/DTD/xhtml1-transitional.dtd">
<html xmlns="http://www.w3.org/1999/xhtml" xml:lang="en" lang="en">
 <head>
  <title>
</title>
<meta http-equiv="Content-Type" content="text/html;charset=utf-8" />
  <meta name='ocr-system' content='tesseract 3.04.00' />
  <meta name='ocr-capabilities' content='ocr_page ocr_carea ocr_par ocr_line ocrx_word'/>
</head>
<body>
  <div class='ocr_page' id='page_1' title='image "./pubterentiiafric01tereuoft/pubterentiiafric01tereuoft_0482.png"; bbox 0 0 1903 3306; ppageno 0'>
   <div class='ocr_carea' id='block_1_1' title="bbox 259 183 1222 226">
    <p class='ocr_par' dir='ltr' id='par_1_1' title="bbox 259 183 1222 226">
     <span class='ocr_line' id='line_1_1' title="bbox 259 183 1222 226; baseline 0.001 -1"><span class='ocrx_word' id='word_1_1' title='bbox 259 183 345 226; x_wconf 78' lang='lat'>472</span> <span class='ocrx_word' id='word_1_2' title='bbox 754 196 794 225; x_wconf 88' lang='lat' dir='ltr'>P.</span> <span class='ocrx_word' id='word_1_3' title='bbox 826 194 1068 226; x_wconf 64' lang='lat' dir='ltr'>&#39;rEREN&#39;rn</span> <span class='ocrx_word' id='word_1_4' title='bbox 1104 196 1222 226; x_wconf 66' lang='lat' dir='ltr'>Arni</span> 
     </span>
    </p>
   </div>
   <div class='ocr_carea' id='block_1_2' title="bbox 259 289 1724 822">
    <p class='ocr_par' dir='ltr' id='par_1_2' title="bbox 259 289 1724 822">
     <span class='ocr_line' id='line_1_2' title="bbox 260 289 1722 346; baseline 0.002 -15"><span class='ocrx_word' id='word_1_5' title='bbox 260 290 452 331; x_wconf 84' lang='lat' dir='ltr'>Militem</span> <span class='ocrx_word' id='word_1_6' title='bbox 474 292 610 343; x_wconf 83' lang='lat' dir='ltr'>rogat,</span> <span class='ocrx_word' id='word_1_7' title='bbox 633 295 683 331; x_wconf 85' lang='lat' dir='ltr'>ut</span> <span class='ocrx_word' id='word_1_8' title='bbox 701 289 824 331; x_wconf 89' lang='lat' dir='ltr'>illum</span> <span class='ocrx_word' id='word_1_9' title='bbox 847 290 1017 331; x_wconf 81' lang='lat' dir='ltr'>admitti</span> <span class='ocrx_word' id='word_1_10' title='bbox 1032 290 1212 345; x_wconf 85' lang='lat' dir='ltr'>jubeat:</span> <span class='ocrx_word' id='word_1_11' title='bbox 1234 291 1308 332; x_wconf 90' lang='lat' dir='ltr'>ille</span> <span class='ocrx_word' id='word_1_12' title='bbox 1330 291 1537 333; x_wconf 87' lang='lat' dir='ltr'>continuo</span> <span class='ocrx_word' id='word_1_13' title='bbox 1560 292 1722 346; x_wconf 78' lang='lat' dir='ltr'>irasei3</span> 
     </span>
     <span class='ocr_line' id='line_1_3' title="bbox 262 357 1721 413; baseline 0.001 -13"><span class='ocrx_word' id='word_1_14' title='bbox 262 358 421 413; x_wconf 83' lang='lat' dir='ltr'>Neque</span> <span class='ocrx_word' id='word_1_15' title='bbox 463 370 621 410; x_wconf 84' lang='lat' dir='ltr'>negare</span> <span class='ocrx_word' id='word_1_16' title='bbox 660 357 846 399; x_wconf 83' lang='lat' dir='ltr'>audere:</span> <span class='ocrx_word' id='word_1_17' title='bbox 878 357 1019 398; x_wconf 81' lang='lat' dir='ltr'>Thais</span> <span class='ocrx_word' id='word_1_18' title='bbox 1048 372 1178 412; x_wconf 87' lang='lat' dir='ltr'>porro</span> <span class='ocrx_word' id='word_1_19' title='bbox 1209 360 1389 410; x_wconf 82' lang='lat' dir='ltr'>instare,</span> <span class='ocrx_word' id='word_1_20' title='bbox 1422 363 1468 401; x_wconf 90' lang='lat' dir='ltr'>ut</span> <span class='ocrx_word' id='word_1_21' title='bbox 1497 359 1721 402; x_wconf 89' lang='lat' dir='ltr'>hominem</span> 
     </span>
     <span class='ocr_line' id='line_1_4' title="bbox 431 426 1723 469; baseline 0.002 -3"><span class='ocrx_word' id='word_1_22' title='bbox 431 426 601 468; x_wconf 88' lang='lat' dir='ltr'>invitet.</span> <span class='ocrx_word' id='word_1_23' title='bbox 1693 429 1723 469; x_wconf 85' lang='lat'><strong><em>5</em></strong></span> 
     </span>
     <span class='ocr_line' id='line_1_5' title="bbox 259 493 1722 550; baseline 0.001 -15"><span class='ocrx_word' id='word_1_24' title='bbox 259 494 314 536; x_wconf 85' lang='lat' dir='ltr'>Id</span> <span class='ocrx_word' id='word_1_25' title='bbox 335 494 525 535; x_wconf 81' lang='lat' dir='ltr'>faciebat</span> <span class='ocrx_word' id='word_1_26' title='bbox 546 494 760 535; x_wconf 84' lang='lat' dir='ltr'>retinendi</span> <span class='ocrx_word' id='word_1_27' title='bbox 790 493 911 534; x_wconf 87' lang='lat' dir='ltr'>illius</span> <span class='ocrx_word' id='word_1_28' title='bbox 935 507 1096 536; x_wconf 87' lang='lat' dir='ltr'>causa:</span> <span class='ocrx_word' id='word_1_29' title='bbox 1129 495 1235 548; x_wconf 82' lang='lat' dir='ltr'>quia</span> <span class='ocrx_word' id='word_1_30' title='bbox 1263 495 1354 546; x_wconf 81' lang='lat' dir='ltr'>illa,</span> <span class='ocrx_word' id='word_1_31' title='bbox 1384 508 1485 549; x_wconf 84' lang='lat' dir='ltr'>quae</span> <span class='ocrx_word' id='word_1_32' title='bbox 1506 496 1722 550; x_wconf 82' lang='lat' dir='ltr'>cupiebat</span> 
     </span>
     <span class='ocr_line' id='line_1_6' title="bbox 261 562 1592 617; baseline -0.001 -12"><span class='ocrx_word' id='word_1_33' title='bbox 261 563 330 605; x_wconf 89' lang='lat' dir='ltr'>De</span> <span class='ocrx_word' id='word_1_34' title='bbox 352 575 498 603; x_wconf 87' lang='lat' dir='ltr'>sorore</span> <span class='ocrx_word' id='word_1_35' title='bbox 520 562 616 616; x_wconf 88' lang='lat' dir='ltr'>ejus</span> <span class='ocrx_word' id='word_1_36' title='bbox 639 562 850 612; x_wconf 83' lang='lat' dir='ltr'>indicare,</span> <span class='ocrx_word' id='word_1_37' title='bbox 873 562 930 603; x_wconf 88' lang='lat' dir='ltr'>ad</span> <span class='ocrx_word' id='word_1_38' title='bbox 951 575 1050 603; x_wconf 85' lang='lat' dir='ltr'>eam</span> <span class='ocrx_word' id='word_1_39' title='bbox 1071 576 1161 604; x_wconf 89' lang='lat' dir='ltr'>rem</span> <span class='ocrx_word' id='word_1_40' title='bbox 1185 566 1358 617; x_wconf 87' lang='lat' dir='ltr'>tempus</span> <span class='ocrx_word' id='word_1_41' title='bbox 1378 576 1465 604; x_wconf 89' lang='lat' dir='ltr'>non</span> <span class='ocrx_word' id='word_1_42' title='bbox 1485 566 1592 605; x_wconf 85' lang='lat' dir='ltr'>erat.</span> 
     </span>
     <span class='ocr_line' id='line_1_7' title="bbox 259 630 1692 686; baseline -0.001 -15"><span class='ocrx_word' id='word_1_43' title='bbox 259 630 428 672; x_wconf 79' lang='lat' dir='ltr'>Invitat</span> <span class='ocrx_word' id='word_1_44' title='bbox 448 631 612 672; x_wconf 84' lang='lat' dir='ltr'>tristis:</span> <span class='ocrx_word' id='word_1_45' title='bbox 642 631 827 672; x_wconf 82' lang='lat' dir='ltr'>mansit:</span> <span class='ocrx_word' id='word_1_46' title='bbox 848 631 911 672; x_wconf 82' lang='lat' dir='ltr'>ibi</span> <span class='ocrx_word' id='word_1_47' title='bbox 934 631 1014 672; x_wconf 82' lang='lat' dir='ltr'>illa</span> <span class='ocrx_word' id='word_1_48' title='bbox 1032 644 1132 672; x_wconf 88' lang='lat' dir='ltr'>cum</span> <span class='ocrx_word' id='word_1_49' title='bbox 1155 631 1230 672; x_wconf 89' lang='lat' dir='ltr'>illo</span> <span class='ocrx_word' id='word_1_50' title='bbox 1247 644 1493 673; x_wconf 88' lang='lat' dir='ltr'>sermonem</span> <span class='ocrx_word' id='word_1_51' title='bbox 1511 631 1692 686; x_wconf 89' lang='lat' dir='ltr'>occipit.</span> 
     </span>
     <span class='ocr_line' id='line_1_8' title="bbox 261 698 1614 752; baseline 0.001 -13"><span class='ocrx_word' id='word_1_52' title='bbox 261 698 398 739; x_wconf 86' lang='lat' dir='ltr'>Miles</span> <span class='ocrx_word' id='word_1_53' title='bbox 421 711 523 740; x_wconf 86' lang='lat' dir='ltr'>vero</span> <span class='ocrx_word' id='word_1_54' title='bbox 543 698 628 739; x_wconf 83' lang='lat' dir='ltr'>sibi</span> <span class='ocrx_word' id='word_1_55' title='bbox 649 703 803 752; x_wconf 81' lang='lat' dir='ltr'>putare</span> <span class='ocrx_word' id='word_1_56' title='bbox 826 698 1064 740; x_wconf 86' lang='lat' dir='ltr'>adductum</span> <span class='ocrx_word' id='word_1_57' title='bbox 1086 703 1185 741; x_wconf 84' lang='lat' dir='ltr'>ante</span> <span class='ocrx_word' id='word_1_58' title='bbox 1206 700 1359 741; x_wconf 89' lang='lat' dir='ltr'>oculos</span> <span class='ocrx_word' id='word_1_59' title='bbox 1382 699 1614 741; x_wconf 85' lang='lat' dir='ltr'>aemulum:</span> 
     </span>
     <span class='ocr_line' id='line_1_9' title="bbox 260 766 1724 822; baseline 0 -14"><span class='ocrx_word' id='word_1_60' title='bbox 260 766 419 808; x_wconf 88' lang='lat' dir='ltr'>Voluit</span> <span class='ocrx_word' id='word_1_61' title='bbox 437 767 579 808; x_wconf 87' lang='lat' dir='ltr'>facere</span> <span class='ocrx_word' id='word_1_62' title='bbox 603 770 754 808; x_wconf 85' lang='lat' dir='ltr'>contra</span> <span class='ocrx_word' id='word_1_63' title='bbox 773 766 875 808; x_wconf 86' lang='lat' dir='ltr'>huic</span> <span class='ocrx_word' id='word_1_64' title='bbox 897 780 1031 819; x_wconf 86' lang='lat' dir='ltr'>aegre.</span> <span class='ocrx_word' id='word_1_65' title='bbox 1096 766 1246 809; x_wconf 87' lang='lat' dir='ltr'>Heus!</span> <span class='ocrx_word' id='word_1_66' title='bbox 1272 767 1431 822; x_wconf 88' lang='lat' dir='ltr'>inquit,</span> <span class='ocrx_word' id='word_1_67' title='bbox 1448 780 1573 821; x_wconf 88' lang='lat' dir='ltr'>puer,</span> <span class='ocrx_word' id='word_1_68' title='bbox 1592 766 1724 809; x_wconf 85' lang='lat' dir='ltr'>Pam-</span> 
     </span>
    </p>
   </div>
   <div class='ocr_carea' id='block_1_3' title="bbox 259 834 1724 1019">
    <p class='ocr_par' dir='ltr' id='par_1_3' title="bbox 259 834 1724 1019">
     <span class='ocr_line' id='line_1_10' title="bbox 468 834 1723 877; baseline 0.001 -1"><span class='ocrx_word' id='word_1_69' title='bbox 468 834 605 876; x_wconf 85' lang='lat' dir='ltr'>hilam</span> <span class='ocrx_word' id='word_1_70' title='bbox 1665 835 1723 877; x_wconf 86' lang='lat'>10</span> 
     </span>
     <span class='ocr_line' id='line_1_11' title="bbox 259 849 1724 963; baseline -0.001 -12"><span class='ocrx_word' id='word_1_71' title='bbox 259 849 472 960; x_wconf 54' lang='lat' dir='ltr'>Arcessg,</span> <span class='ocrx_word' id='word_1_72' title='bbox 504 913 553 951; x_wconf 90' lang='lat' dir='ltr'>ut</span> <span class='ocrx_word' id='word_1_73' title='bbox 586 908 778 951; x_wconf 85' lang='lat' dir='ltr'>delectet</span> <span class='ocrx_word' id='word_1_74' title='bbox 795 908 869 950; x_wconf 84' lang='lat' dir='ltr'>hie</span> <span class='ocrx_word' id='word_1_75' title='bbox 891 921 987 950; x_wconf 86' lang='lat' dir='ltr'>nos.</span> <span class='ocrx_word' id='word_1_76' title='bbox 1049 908 1136 951; x_wconf 89' lang='lat' dir='ltr'>Illa</span> <span class='ocrx_word' id='word_1_77' title='bbox 1159 908 1396 959; x_wconf 84' lang='lat' dir='ltr'>exclamat,</span> <span class='ocrx_word' id='word_1_78' title='bbox 1418 906 1602 950; x_wconf 85' lang='lat' dir='ltr'>Minime</span> <span class='ocrx_word' id='word_1_79' title='bbox 1621 921 1724 963; x_wconf 82' lang='lat' dir='ltr'>gen-</span> 
     </span>
     <span class='ocr_line' id='line_1_12' title="bbox 435 977 575 1019; baseline 0 0"><span class='ocrx_word' id='word_1_80' title='bbox 435 977 546 1019; x_wconf 85' lang='lat' dir='ltr'>tium</span> <span class='ocrx_word' id='word_1_81' title='bbox 565 991 575 1019; x_wconf 89' lang='lat'><strong>:</strong></span> 
     </span>
    </p>
   </div>
   <div class='ocr_carea' id='block_1_4' title="bbox 262 1045 1571 1101">
    <p class='ocr_par' dir='ltr' id='par_1_4' title="bbox 262 1045 1571 1101">
     <span class='ocr_line' id='line_1_13' title="bbox 262 1045 1571 1101; baseline -0.002 -14"><span class='ocrx_word' id='word_1_82' title='bbox 262 1047 313 1087; x_wconf 92' lang='lat' dir='ltr'>In</span> <span class='ocrx_word' id='word_1_83' title='bbox 335 1046 586 1088; x_wconf 82' lang='lat' dir='ltr'>convivium</span> <span class='ocrx_word' id='word_1_84' title='bbox 607 1046 725 1087; x_wconf 85' lang='lat' dir='ltr'>illam</span> <span class='ocrx_word' id='word_1_85' title='bbox 743 1046 762 1087; x_wconf 80' lang='lat' dir='ltr'>&#39;l</span> <span class='ocrx_word' id='word_1_86' title='bbox 787 1045 924 1088; x_wconf 86' lang='lat' dir='ltr'>Miles</span> <span class='ocrx_word' id='word_1_87' title='bbox 944 1047 1144 1089; x_wconf 90' lang='lat' dir='ltr'>tendere:</span> <span class='ocrx_word' id='word_1_88' title='bbox 1166 1045 1270 1088; x_wconf 90' lang='lat' dir='ltr'>inde</span> <span class='ocrx_word' id='word_1_89' title='bbox 1292 1045 1348 1087; x_wconf 82' lang='lat' dir='ltr'>ad</span> <span class='ocrx_word' id='word_1_90' title='bbox 1362 1045 1571 1101; x_wconf 86' lang='lat' dir='ltr'>jurgium.</span> 
     </span>
    </p>
   </div>
   <div class='ocr_carea' id='block_1_5' title="bbox 252 1166 1731 1596">
    <p class='ocr_par' dir='ltr' id='par_1_5' title="bbox 252 1166 1731 1596">
     <span class='ocr_line' id='line_1_14' title="bbox 259 1166 1726 1208; baseline 0.002 -12"><span class='ocrx_word' id='word_1_91' title='bbox 259 1170 363 1206; x_wconf 75' lang='lat' dir='ltr'>rogat,</span> <span class='ocrx_word' id='word_1_92' title='bbox 377 1169 413 1197; x_wconf 81' lang='lat' dir='ltr'>ut</span> <span class='ocrx_word' id='word_1_93' title='bbox 427 1166 515 1197; x_wconf 77' lang='lat' dir='ltr'>illam</span> <span class='ocrx_word' id='word_1_94' title='bbox 531 1166 565 1197; x_wconf 90' lang='lat' dir='ltr'>in</span> <span class='ocrx_word' id='word_1_95' title='bbox 580 1167 702 1197; x_wconf 81' lang='lat' dir='ltr'>domum</span> <span class='ocrx_word' id='word_1_96' title='bbox 717 1166 813 1207; x_wconf 81' lang='lat' dir='ltr'>recipi</span> <span class='ocrx_word' id='word_1_97' title='bbox 820 1166 930 1205; x_wconf 76' lang='lat' dir='ltr'>jubeat</span> <span class='ocrx_word' id='word_1_98' title='bbox 943 1178 954 1204; x_wconf 89' lang='lat'>‚·</span> <span class='ocrx_word' id='word_1_99' title='bbox 980 1167 1033 1199; x_wconf 85' lang='lat' dir='ltr'>ille</span> <span class='ocrx_word' id='word_1_100' title='bbox 1048 1166 1156 1198; x_wconf 80' lang='lat' dir='ltr'>statim</span> <span class='ocrx_word' id='word_1_101' title='bbox 1171 1168 1220 1198; x_wconf 90' lang='lat' dir='ltr'>ira</span> <span class='ocrx_word' id='word_1_102' title='bbox 1235 1170 1403 1199; x_wconf 80' lang='lat' dir='ltr'>commotus</span> <span class='ocrx_word' id='word_1_103' title='bbox 1427 1170 1484 1205; x_wconf 87' lang='lat' dir='ltr'>est,</span> <span class='ocrx_word' id='word_1_104' title='bbox 1506 1175 1602 1208; x_wconf 79' lang='lat' dir='ltr'>neque</span> <span class='ocrx_word' id='word_1_105' title='bbox 1623 1170 1726 1200; x_wconf 71' lang='lat' dir='ltr'>tamen</span> 
     </span>
     <span class='ocr_line' id='line_1_15' title="bbox 260 1209 1726 1250; baseline 0.003 -11"><span class='ocrx_word' id='word_1_106' title='bbox 260 1219 400 1240; x_wconf 80' lang='lat' dir='ltr'>recusare</span> <span class='ocrx_word' id='word_1_107' title='bbox 416 1219 509 1240; x_wconf 85' lang='lat' dir='ltr'>ausas</span> <span class='ocrx_word' id='word_1_108' title='bbox 522 1209 602 1248; x_wconf 68' lang='lat' dir='ltr'>fucit.</span> <span class='ocrx_word' id='word_1_109' title='bbox 650 1210 745 1240; x_wconf 83' lang='lat' dir='ltr'>Thais</span> <span class='ocrx_word' id='word_1_110' title='bbox 766 1213 918 1250; x_wconf 68' lang='lat' dir='ltr'>praeterea</span> <span class='ocrx_word' id='word_1_111' title='bbox 943 1210 1055 1248; x_wconf 85' lang='lat' dir='ltr'>instat,</span> <span class='ocrx_word' id='word_1_112' title='bbox 1080 1214 1114 1241; x_wconf 82' lang='lat' dir='ltr'>ut</span> <span class='ocrx_word' id='word_1_113' title='bbox 1137 1211 1290 1241; x_wconf 86' lang='lat' dir='ltr'>hominem</span> <span class='ocrx_word' id='word_1_114' title='bbox 1313 1211 1426 1242; x_wconf 78' lang='lat' dir='ltr'>invitet</span> <span class='ocrx_word' id='word_1_115' title='bbox 1450 1210 1491 1241; x_wconf 84' lang='lat' dir='ltr'>ad</span> <span class='ocrx_word' id='word_1_116' title='bbox 1512 1220 1639 1241; x_wconf 87' lang='lat' dir='ltr'>coenam.</span> <span class='ocrx_word' id='word_1_117' title='bbox 1686 1212 1726 1243; x_wconf 84' lang='lat' dir='ltr'>Id</span> 
     </span>
     <span class='ocr_line' id='line_1_16' title="bbox 252 1253 1726 1295; baseline 0.001 -12"><span class='ocrx_word' id='word_1_118' title='bbox 252 1253 393 1291; x_wconf 80' lang='lat' dir='ltr'>faciebat</span> <span class='ocrx_word' id='word_1_119' title='bbox 420 1253 528 1292; x_wconf 86' lang='lat' dir='ltr'>Thais,</span> <span class='ocrx_word' id='word_1_120' title='bbox 554 1257 589 1283; x_wconf 82' lang='lat' dir='ltr'>ut</span> <span class='ocrx_word' id='word_1_121' title='bbox 608 1253 803 1284; x_wconf 81' lang='lat' dir='ltr'>Chremetem</span> <span class='ocrx_word' id='word_1_122' title='bbox 819 1255 901 1294; x_wconf 82' lang='lat' dir='ltr'>apud</span> <span class='ocrx_word' id='word_1_123' title='bbox 924 1263 957 1284; x_wconf 91' lang='lat' dir='ltr'>se</span> <span class='ocrx_word' id='word_1_124' title='bbox 984 1254 1145 1292; x_wconf 74' lang='lat' dir='ltr'>retineret,</span> <span class='ocrx_word' id='word_1_125' title='bbox 1171 1253 1333 1294; x_wconf 80' lang='lat' dir='ltr'>quominus</span> <span class='ocrx_word' id='word_1_126' title='bbox 1347 1253 1445 1285; x_wconf 82' lang='lat' dir='ltr'>abiret</span> <span class='ocrx_word' id='word_1_127' title='bbox 1457 1264 1469 1291; x_wconf 91' lang='lat'><em>;</em></span> <span class='ocrx_word' id='word_1_128' title='bbox 1491 1254 1563 1295; x_wconf 82' lang='lat' dir='ltr'>quia</span> <span class='ocrx_word' id='word_1_129' title='bbox 1577 1263 1627 1285; x_wconf 86' lang='lat' dir='ltr'>res</span> <span class='ocrx_word' id='word_1_130' title='bbox 1642 1254 1726 1291; x_wconf 81' lang='lat' dir='ltr'>illas,</span> 
     </span>
     <span class='ocr_line' id='line_1_17' title="bbox 261 1295 1726 1336; baseline 0.001 -10"><span class='ocrx_word' id='word_1_131' title='bbox 261 1306 336 1335; x_wconf 80' lang='lat' dir='ltr'>quas</span> <span class='ocrx_word' id='word_1_132' title='bbox 350 1295 541 1327; x_wconf 75' lang='lat' dir='ltr'>vehementer</span> <span class='ocrx_word' id='word_1_133' title='bbox 562 1296 591 1326; x_wconf 89' lang='lat' dir='ltr'>ei</span> <span class='ocrx_word' id='word_1_134' title='bbox 608 1297 645 1327; x_wconf 84' lang='lat' dir='ltr'>de</span> <span class='ocrx_word' id='word_1_135' title='bbox 668 1306 771 1327; x_wconf 88' lang='lat' dir='ltr'>sorore</span> <span class='ocrx_word' id='word_1_136' title='bbox 786 1296 885 1336; x_wconf 81' lang='lat' dir='ltr'>ipsius</span> <span class='ocrx_word' id='word_1_137' title='bbox 901 1297 1044 1335; x_wconf 84' lang='lat' dir='ltr'>detegere</span> <span class='ocrx_word' id='word_1_138' title='bbox 1059 1297 1190 1335; x_wconf 80' lang='lat' dir='ltr'>volebat,</span> <span class='ocrx_word' id='word_1_139' title='bbox 1210 1297 1370 1327; x_wconf 84' lang='lat' dir='ltr'>indicandi</span> <span class='ocrx_word' id='word_1_140' title='bbox 1388 1300 1459 1327; x_wconf 85' lang='lat' dir='ltr'>tunc</span> <span class='ocrx_word' id='word_1_141' title='bbox 1474 1297 1556 1327; x_wconf 82' lang='lat' dir='ltr'>locus</span> <span class='ocrx_word' id='word_1_142' title='bbox 1570 1306 1628 1328; x_wconf 91' lang='lat' dir='ltr'>non</span> <span class='ocrx_word' id='word_1_143' title='bbox 1644 1303 1726 1328; x_wconf 84' lang='lat' dir='ltr'>erae.</span> 
     </span>
     <span class='ocr_line' id='line_1_18' title="bbox 262 1338 1729 1380; baseline 0.001 -11"><span class='ocrx_word' id='word_1_144' title='bbox 262 1339 359 1370; x_wconf 83' lang='lat' dir='ltr'>Miles</span> <span class='ocrx_word' id='word_1_145' title='bbox 384 1339 471 1370; x_wconf 81' lang='lat' dir='ltr'>illum</span> <span class='ocrx_word' id='word_1_146' title='bbox 496 1338 610 1369; x_wconf 88' lang='lat' dir='ltr'>invitat</span> <span class='ocrx_word' id='word_1_147' title='bbox 627 1339 756 1380; x_wconf 82' lang='lat' dir='ltr'>invitus,</span> <span class='ocrx_word' id='word_1_148' title='bbox 783 1343 813 1370; x_wconf 88' lang='lat' dir='ltr'>et</span> <span class='ocrx_word' id='word_1_149' title='bbox 834 1339 921 1370; x_wconf 80' lang='lat' dir='ltr'>tristi</span> <span class='ocrx_word' id='word_1_150' title='bbox 944 1340 1054 1370; x_wconf 81' lang='lat' dir='ltr'>vultu:</span> <span class='ocrx_word' id='word_1_151' title='bbox 1085 1340 1200 1370; x_wconf 85' lang='lat' dir='ltr'>mansit</span> <span class='ocrx_word' id='word_1_152' title='bbox 1223 1341 1396 1370; x_wconf 79' lang='lat' dir='ltr'>adolescens</span> <span class='ocrx_word' id='word_1_153' title='bbox 1421 1343 1573 1371; x_wconf 83' lang='lat' dir='ltr'>retentus.</span> <span class='ocrx_word' id='word_1_154' title='bbox 1630 1339 1729 1371; x_wconf 80' lang='lat' dir='ltr'>Thais</span> 
     </span>
     <span class='ocr_line' id='line_1_19' title="bbox 261 1382 1728 1422; baseline 0.001 -10"><span class='ocrx_word' id='word_1_155' title='bbox 261 1382 443 1422; x_wconf 81' lang='lat' dir='ltr'>colloquium</span> <span class='ocrx_word' id='word_1_156' title='bbox 459 1382 593 1412; x_wconf 77' lang='lat' dir='ltr'>camillo</span> <span class='ocrx_word' id='word_1_157' title='bbox 609 1382 733 1422; x_wconf 79' lang='lat' dir='ltr'>incipit.</span> <span class='ocrx_word' id='word_1_158' title='bbox 780 1382 878 1413; x_wconf 87' lang='lat' dir='ltr'>Miles</span> <span class='ocrx_word' id='word_1_159' title='bbox 892 1392 976 1419; x_wconf 84' lang='lat' dir='ltr'>vero,</span> <span class='ocrx_word' id='word_1_160' title='bbox 989 1392 1059 1413; x_wconf 86' lang='lat' dir='ltr'>cum</span> <span class='ocrx_word' id='word_1_161' title='bbox 1075 1383 1255 1422; x_wconf 85' lang='lat' dir='ltr'>opinaretur</span> <span class='ocrx_word' id='word_1_162' title='bbox 1270 1393 1288 1412; x_wconf 82' lang='lat' dir='ltr'>a</span> <span class='ocrx_word' id='word_1_163' title='bbox 1307 1383 1424 1413; x_wconf 82' lang='lat' dir='ltr'>Thaide</span> <span class='ocrx_word' id='word_1_164' title='bbox 1439 1383 1569 1414; x_wconf 87' lang='lat' dir='ltr'>rivalem</span> <span class='ocrx_word' id='word_1_165' title='bbox 1581 1382 1641 1414; x_wconf 84' lang='lat' dir='ltr'>sibi</span> <span class='ocrx_word' id='word_1_166' title='bbox 1653 1386 1728 1414; x_wconf 83' lang='lat' dir='ltr'>ante</span> 
     </span>
     <span class='ocr_line' id='line_1_20' title="bbox 262 1424 1727 1466; baseline 0.001 -11"><span class='ocrx_word' id='word_1_167' title='bbox 262 1426 363 1455; x_wconf 78' lang='lat' dir='ltr'>oculos</span> <span class='ocrx_word' id='word_1_168' title='bbox 378 1424 570 1465; x_wconf 83' lang='lat' dir='ltr'>propositum</span> <span class='ocrx_word' id='word_1_169' title='bbox 587 1434 665 1461; x_wconf 85' lang='lat' dir='ltr'>esse,</span> <span class='ocrx_word' id='word_1_170' title='bbox 688 1425 786 1456; x_wconf 83' lang='lat' dir='ltr'>voluit</span> <span class='ocrx_word' id='word_1_171' title='bbox 802 1425 939 1456; x_wconf 78' lang='lat' dir='ltr'>vicissim</span> <span class='ocrx_word' id='word_1_172' title='bbox 955 1425 1065 1464; x_wconf 85' lang='lat' dir='ltr'>facere</span> <span class='ocrx_word' id='word_1_173' title='bbox 1081 1425 1214 1466; x_wconf 78' lang='lat' dir='ltr'>aliquid,</span> <span class='ocrx_word' id='word_1_174' title='bbox 1230 1427 1308 1466; x_wconf 82' lang='lat' dir='ltr'>quod</span> <span class='ocrx_word' id='word_1_175' title='bbox 1330 1427 1489 1456; x_wconf 78' lang='lat' dir='ltr'>molestum</span> <span class='ocrx_word' id='word_1_176' title='bbox 1506 1429 1582 1457; x_wconf 82' lang='lat' dir='ltr'>esset</span> <span class='ocrx_word' id='word_1_177' title='bbox 1600 1425 1727 1457; x_wconf 82' lang='lat' dir='ltr'>Thaidi.</span> 
     </span>
     <span class='ocr_line' id='line_1_21' title="bbox 265 1467 1727 1509; baseline 0.001 -11"><span class='ocrx_word' id='word_1_178' title='bbox 265 1467 370 1505; x_wconf 83' lang='lat' dir='ltr'>Heus,</span> <span class='ocrx_word' id='word_1_179' title='bbox 386 1468 500 1508; x_wconf 80' lang='lat' dir='ltr'>inquit,</span> <span class='ocrx_word' id='word_1_180' title='bbox 514 1477 602 1508; x_wconf 81' lang='lat' dir='ltr'>puer,</span> <span class='ocrx_word' id='word_1_181' title='bbox 619 1468 816 1508; x_wconf 82' lang='lat' dir='ltr'>Pamphilam</span> <span class='ocrx_word' id='word_1_182' title='bbox 827 1478 913 1505; x_wconf 87' lang='lat' dir='ltr'>voca,</span> <span class='ocrx_word' id='word_1_183' title='bbox 922 1472 957 1499; x_wconf 84' lang='lat' dir='ltr'>ut</span> <span class='ocrx_word' id='word_1_184' title='bbox 972 1470 1041 1509; x_wconf 85' lang='lat' dir='ltr'>lyra</span> <span class='ocrx_word' id='word_1_185' title='bbox 1051 1478 1163 1499; x_wconf 87' lang='lat' dir='ltr'>canens</span> <span class='ocrx_word' id='word_1_186' title='bbox 1174 1478 1228 1499; x_wconf 81' lang='lat' dir='ltr'>nos</span> <span class='ocrx_word' id='word_1_187' title='bbox 1240 1468 1378 1500; x_wconf 83' lang='lat' dir='ltr'>oblectet.</span> <span class='ocrx_word' id='word_1_188' title='bbox 1409 1468 1504 1500; x_wconf 85' lang='lat' dir='ltr'>Thais</span> <span class='ocrx_word' id='word_1_189' title='bbox 1514 1469 1727 1500; x_wconf 81' lang='lat' dir='ltr'>exclamabat.-</span> 
     </span>
     <span class='ocr_line' id='line_1_22' title="bbox 266 1511 1729 1551; baseline 0.002 -11"><span class='ocrx_word' id='word_1_190' title='bbox 266 1511 402 1541; x_wconf 73' lang='lat' dir='ltr'>Minime</span> <span class='ocrx_word' id='word_1_191' title='bbox 417 1511 551 1542; x_wconf 81' lang='lat' dir='ltr'>omnium</span> <span class='ocrx_word' id='word_1_192' title='bbox 567 1511 622 1542; x_wconf 85' lang='lat' dir='ltr'>hoc</span> <span class='ocrx_word' id='word_1_193' title='bbox 636 1511 708 1541; x_wconf 84' lang='lat' dir='ltr'>licet</span> <span class='ocrx_word' id='word_1_194' title='bbox 725 1522 734 1542; x_wconf 90' lang='grc'>.·</span> <span class='ocrx_word' id='word_1_195' title='bbox 766 1512 798 1542; x_wconf 90' lang='lat' dir='ltr'>in</span> <span class='ocrx_word' id='word_1_196' title='bbox 815 1511 989 1542; x_wconf 84' lang='lat' dir='ltr'>convivium</span> <span class='ocrx_word' id='word_1_197' title='bbox 1004 1515 1038 1543; x_wconf 82' lang='lat' dir='ltr'>tu</span> <span class='ocrx_word' id='word_1_198' title='bbox 1053 1512 1140 1543; x_wconf 86' lang='lat' dir='ltr'>illam</span> <span class='ocrx_word' id='word_1_199' title='bbox 1154 1512 1265 1542; x_wconf 82' lang='lat' dir='ltr'>adduci</span> <span class='ocrx_word' id='word_1_200' title='bbox 1281 1511 1418 1551; x_wconf 72' lang='lat' dir='ltr'>jubeas?</span> <span class='ocrx_word' id='word_1_201' title='bbox 1442 1512 1538 1543; x_wconf 82' lang='lat' dir='ltr'>Miles</span> <span class='ocrx_word' id='word_1_202' title='bbox 1558 1522 1629 1543; x_wconf 85' lang='lat' dir='ltr'>vero</span> <span class='ocrx_word' id='word_1_203' title='bbox 1643 1512 1678 1543; x_wconf 77' lang='lat' dir='ltr'>id</span> <span class='ocrx_word' id='word_1_204' title='bbox 1692 1514 1729 1543; x_wconf 80' lang='lat' dir='ltr'>nt</span> 
     </span>
     <span class='ocr_line' id='line_1_23' title="bbox 254 1554 1731 1596; baseline 0.001 -11"><span class='ocrx_word' id='word_1_205' title='bbox 254 1554 348 1595; x_wconf 85' lang='lat' dir='ltr'>fieret</span> <span class='ocrx_word' id='word_1_206' title='bbox 371 1555 578 1591; x_wconf 85' lang='lat' dir='ltr'>contendere;</span> <span class='ocrx_word' id='word_1_207' title='bbox 601 1554 673 1585; x_wconf 84' lang='lat' dir='ltr'>inde</span> <span class='ocrx_word' id='word_1_208' title='bbox 695 1555 735 1585; x_wconf 84' lang='lat' dir='ltr'>ad</span> <span class='ocrx_word' id='word_1_209' title='bbox 751 1554 897 1594; x_wconf 76' lang='lat' dir='ltr'>jurgium</span> <span class='ocrx_word' id='word_1_210' title='bbox 912 1558 1035 1586; x_wconf 84' lang='lat' dir='ltr'>ventum</span> <span class='ocrx_word' id='word_1_211' title='bbox 1051 1558 1109 1586; x_wconf 87' lang='lat' dir='ltr'>est.</span> <span class='ocrx_word' id='word_1_212' title='bbox 1157 1555 1284 1586; x_wconf 83' lang='lat' dir='ltr'>Interea</span> <span class='ocrx_word' id='word_1_213' title='bbox 1295 1564 1418 1594; x_wconf 77' lang='lat' dir='ltr'>aarum,</span> <span class='ocrx_word' id='word_1_214' title='bbox 1441 1557 1581 1595; x_wconf 81' lang='lat' dir='ltr'>annulos,</span> <span class='ocrx_word' id='word_1_215' title='bbox 1595 1559 1731 1596; x_wconf 81' lang='lat' dir='ltr'>torques,</span> 
     </span>
    </p>
   </div>
   <div class='ocr_carea' id='block_1_6' title="bbox 875 1628 1111 1640">
    <p class='ocr_par' dir='ltr' id='par_1_6' title="bbox 875 1628 1111 1640">
     <span class='ocr_line' id='line_1_24' title="bbox 875 1628 1111 1640; baseline 0.004 -1"><span class='ocrx_word' id='word_1_216' title='bbox 875 1628 1111 1640; x_wconf 58' lang='lat' dir='ltr'>eeeeeeeeeeee</span> 
     </span>
    </p>
   </div>
   <div class='ocr_carea' id='block_1_7' title="bbox 260 1682 1742 2796">
    <p class='ocr_par' dir='ltr' id='par_1_7' title="bbox 260 1682 1742 2796">
     <span class='ocr_line' id='line_1_25' title="bbox 266 1682 1730 1723; baseline 0.002 -10"><span class='ocrx_word' id='word_1_217' title='bbox 266 1684 421 1714; x_wconf 75' lang='lat' dir='ltr'>Chremes.</span> <span class='ocrx_word' id='word_1_218' title='bbox 467 1683 513 1714; x_wconf 88' lang='lat' dir='ltr'>Et</span> <span class='ocrx_word' id='word_1_219' title='bbox 550 1692 631 1714; x_wconf 81' lang='lat' dir='ltr'>sane</span> <span class='ocrx_word' id='word_1_220' title='bbox 662 1683 696 1714; x_wconf 88' lang='lat' dir='ltr'>in</span> <span class='ocrx_word' id='word_1_221' title='bbox 728 1687 861 1715; x_wconf 85' lang='lat' dir='ltr'>textum</span> <span class='ocrx_word' id='word_1_222' title='bbox 886 1693 929 1714; x_wconf 86' lang='lat' dir='ltr'>ex</span> <span class='ocrx_word' id='word_1_223' title='bbox 955 1682 1243 1723; x_wconf 81' lang='lat' dir='ltr'>interpretatione</span> <span class='ocrx_word' id='word_1_224' title='bbox 1268 1683 1416 1722; x_wconf 75' lang='lat' dir='ltr'>irrepsit.</span> <span class='ocrx_word' id='word_1_225' title='bbox 1462 1683 1617 1723; x_wconf 87' lang='lat' dir='ltr'>Repone,</span> <span class='ocrx_word' id='word_1_226' title='bbox 1642 1685 1730 1716; x_wconf 75' lang='lat' dir='ltr'>Nam</span> 
     </span>
     <span class='ocr_line' id='line_1_26' title="bbox 260 1725 1728 1768; baseline 0.001 -11"><span class='ocrx_word' id='word_1_227' title='bbox 260 1730 423 1768; x_wconf 82' lang='lat' dir='ltr'>postquam</span> <span class='ocrx_word' id='word_1_228' title='bbox 442 1725 503 1757; x_wconf 86' lang='lat' dir='ltr'>iste</span> <span class='ocrx_word' id='word_1_229' title='bbox 515 1726 684 1758; x_wconf 71' lang='lat' dir='ltr'>advenerat</span> <span class='ocrx_word' id='word_1_230' title='bbox 696 1726 872 1758; x_wconf 71' lang='lat' dir='ltr'>adulescens</span> <span class='ocrx_word' id='word_1_231' title='bbox 881 1727 989 1765; x_wconf 83' lang='lat' dir='ltr'>frater</span> <span class='ocrx_word' id='word_1_232' title='bbox 1005 1726 1149 1766; x_wconf 73' lang='lat' dir='ltr'>virginis.</span> <span class='ocrx_word' id='word_1_233' title='bbox 1167 1726 1269 1758; x_wconf 86' lang='lat' dir='ltr'>Bent.</span> <span class='ocrx_word' id='word_1_234' title='bbox 1315 1727 1444 1757; x_wconf 87' lang='lat' dir='ltr'>Versus</span> <span class='ocrx_word' id='word_1_235' title='bbox 1460 1729 1492 1758; x_wconf 81' lang='lat'>3.</span> <span class='ocrx_word' id='word_1_236' title='bbox 1508 1729 1541 1757; x_wconf 87' lang='grc'>4.</span> <span class='ocrx_word' id='word_1_237' title='bbox 1555 1730 1586 1758; x_wconf 88' lang='grc'>5.</span> <span class='ocrx_word' id='word_1_238' title='bbox 1602 1729 1632 1759; x_wconf 89' lang='grc'>6.</span> <span class='ocrx_word' id='word_1_239' title='bbox 1647 1729 1679 1759; x_wconf 85' lang='grc'>7.</span> <span class='ocrx_word' id='word_1_240' title='bbox 1696 1730 1728 1758; x_wconf 91' lang='grc'>8.</span> 
     </span>
     <span class='ocr_line' id='line_1_27' title="bbox 266 1769 1729 1810; baseline 0.001 -10"><span class='ocrx_word' id='word_1_241' title='bbox 266 1771 314 1801; x_wconf 89' lang='lat' dir='ltr'>sic</span> <span class='ocrx_word' id='word_1_242' title='bbox 334 1769 419 1809; x_wconf 88' lang='lat' dir='ltr'>legit</span> <span class='ocrx_word' id='word_1_243' title='bbox 436 1774 472 1800; x_wconf 89' lang='lat' dir='ltr'>et</span> <span class='ocrx_word' id='word_1_244' title='bbox 499 1769 686 1800; x_wconf 86' lang='lat' dir='ltr'>diminutos</span> <span class='ocrx_word' id='word_1_245' title='bbox 703 1770 735 1800; x_wconf 93' lang='lat' dir='ltr'>in</span> <span class='ocrx_word' id='word_1_246' title='bbox 755 1773 823 1801; x_wconf 87' lang='lat' dir='ltr'>tres</span> <span class='ocrx_word' id='word_1_247' title='bbox 841 1769 966 1810; x_wconf 82' lang='lat' dir='ltr'>redigit</span> <span class='ocrx_word' id='word_1_248' title='bbox 982 1769 1127 1801; x_wconf 84' lang='lat' dir='ltr'>Bothius</span> <span class='ocrx_word' id='word_1_249' title='bbox 1143 1780 1153 1802; x_wconf 85' lang='lat'>:</span> <span class='ocrx_word' id='word_1_250' title='bbox 1200 1770 1248 1801; x_wconf 90' lang='lat' dir='ltr'>N.</span> <span class='ocrx_word' id='word_1_251' title='bbox 1261 1780 1295 1810; x_wconf 85' lang='lat' dir='ltr'>p.</span> <span class='ocrx_word' id='word_1_252' title='bbox 1320 1769 1344 1801; x_wconf 85' lang='lat' dir='ltr'>i.</span> <span class='ocrx_word' id='word_1_253' title='bbox 1360 1780 1391 1800; x_wconf 88' lang='lat' dir='ltr'>a.</span> <span class='ocrx_word' id='word_1_254' title='bbox 1412 1770 1450 1800; x_wconf 85' lang='lat' dir='ltr'>C.</span> <span class='ocrx_word' id='word_1_255' title='bbox 1466 1772 1558 1807; x_wconf 81' lang='lat' dir='ltr'>rogat</span> <span class='ocrx_word' id='word_1_256' title='bbox 1579 1769 1729 1805; x_wconf 83' lang='lat' dir='ltr'>Militem,</span> 
     </span>
     <span class='ocr_line' id='line_1_28' title="bbox 266 1811 1731 1853; baseline 0 -9"><span class='ocrx_word' id='word_1_257' title='bbox 266 1814 356 1844; x_wconf 81' lang='lat' dir='ltr'>illum</span> <span class='ocrx_word' id='word_1_258' title='bbox 366 1811 492 1843; x_wconf 86' lang='lat' dir='ltr'>admitti</span> <span class='ocrx_word' id='word_1_259' title='bbox 522 1813 564 1843; x_wconf 93' lang='lat' dir='ltr'>Ut</span> <span class='ocrx_word' id='word_1_260' title='bbox 576 1812 711 1850; x_wconf 74' lang='lat' dir='ltr'>jubeat5</span> <span class='ocrx_word' id='word_1_261' title='bbox 734 1812 762 1843; x_wconf 89' lang='lat' dir='ltr'>is</span> <span class='ocrx_word' id='word_1_262' title='bbox 785 1813 931 1844; x_wconf 80' lang='lat' dir='ltr'>continuo</span> <span class='ocrx_word' id='word_1_263' title='bbox 946 1812 1056 1852; x_wconf 79' lang='lat' dir='ltr'>irasci,</span> <span class='ocrx_word' id='word_1_264' title='bbox 1071 1822 1168 1853; x_wconf 83' lang='lat' dir='ltr'>neque</span> <span class='ocrx_word' id='word_1_265' title='bbox 1183 1822 1296 1852; x_wconf 85' lang='lat' dir='ltr'>negare</span> <span class='ocrx_word' id='word_1_266' title='bbox 1318 1813 1453 1849; x_wconf 85' lang='lat' dir='ltr'>audere;</span> <span class='ocrx_word' id='word_1_267' title='bbox 1479 1812 1560 1842; x_wconf 79' lang='lat' dir='ltr'>Hcec</span> <span class='ocrx_word' id='word_1_268' title='bbox 1573 1822 1665 1853; x_wconf 85' lang='lat' dir='ltr'>porro</span> <span class='ocrx_word' id='word_1_269' title='bbox 1679 1813 1731 1844; x_wconf 87' lang='lat' dir='ltr'>in-</span> 
     </span>
     <span class='ocr_line' id='line_1_29' title="bbox 266 1855 1730 1895; baseline -0.001 -7"><span class='ocrx_word' id='word_1_270' title='bbox 266 1859 378 1892; x_wconf 81' lang='lat' dir='ltr'>stare;</span> <span class='ocrx_word' id='word_1_271' title='bbox 411 1855 528 1886; x_wconf 84' lang='lat' dir='ltr'>invitat</span> <span class='ocrx_word' id='word_1_272' title='bbox 561 1855 689 1893; x_wconf 85' lang='lat' dir='ltr'>tristis;</span> <span class='ocrx_word' id='word_1_273' title='bbox 725 1856 867 1893; x_wconf 84' lang='lat' dir='ltr'>mansit,·</span> <span class='ocrx_word' id='word_1_274' title='bbox 898 1864 1068 1887; x_wconf 83' lang='lat' dir='ltr'>sermonem</span> <span class='ocrx_word' id='word_1_275' title='bbox 1094 1855 1215 1895; x_wconf 83' lang='lat' dir='ltr'>occipit.</span> <span class='ocrx_word' id='word_1_276' title='bbox 1261 1855 1370 1886; x_wconf 81' lang='lat' dir='ltr'>‘Istis</span> <span class='ocrx_word' id='word_1_277' title='bbox 1398 1855 1526 1885; x_wconf 82' lang='lat' dir='ltr'>laciniis</span> <span class='ocrx_word' id='word_1_278' title='bbox 1553 1855 1730 1891; x_wconf 83' lang='lat' dir='ltr'>excussis,&#39;</span> 
     </span>
     <span class='ocr_line' id='line_1_30' title="bbox 268 1897 1732 1940; baseline 0 -10"><span class='ocrx_word' id='word_1_279' title='bbox 268 1899 317 1930; x_wconf 87' lang='lat' dir='ltr'>ait</span> <span class='ocrx_word' id='word_1_280' title='bbox 344 1898 466 1929; x_wconf 84' lang='lat' dir='ltr'>audaci</span> <span class='ocrx_word' id='word_1_281' title='bbox 493 1907 589 1938; x_wconf 85' lang='lat' dir='ltr'>voce,</span> <span class='ocrx_word' id='word_1_282' title='bbox 613 1899 622 1916; x_wconf 90' lang='lat'>‘</span> <span class='ocrx_word' id='word_1_283' title='bbox 644 1898 720 1930; x_wconf 91' lang='lat' dir='ltr'>vide</span> <span class='ocrx_word' id='word_1_284' title='bbox 737 1909 837 1939; x_wconf 87' lang='lat' dir='ltr'>qnam</span> <span class='ocrx_word' id='word_1_285' title='bbox 861 1904 971 1930; x_wconf 82' lang='lat' dir='ltr'>tersus</span> <span class='ocrx_word' id='word_1_286' title='bbox 996 1902 1100 1940; x_wconf 87' lang='lat' dir='ltr'>atque</span> <span class='ocrx_word' id='word_1_287' title='bbox 1117 1900 1253 1939; x_wconf 84' lang='lat' dir='ltr'>elegans</span> <span class='ocrx_word' id='word_1_288' title='bbox 1270 1898 1313 1929; x_wconf 85' lang='lat' dir='ltr'>sit</span> <span class='ocrx_word' id='word_1_289' title='bbox 1329 1897 1512 1929; x_wconf 74' lang='lat' dir='ltr'>iocus.’—4</span> <span class='ocrx_word' id='word_1_290' title='bbox 1537 1898 1634 1930; x_wconf 76' lang='lat' dir='ltr'>Illum</span> <span class='ocrx_word' id='word_1_291' title='bbox 1647 1899 1732 1930; x_wconf 81' lang='lat' dir='ltr'>adm.</span> 
     </span>
     <span class='ocr_line' id='line_1_31' title="bbox 266 1940 1732 1983; baseline 0 -10"><span class='ocrx_word' id='word_1_292' title='bbox 266 1945 301 1973; x_wconf 84' lang='lat' dir='ltr'>ut</span> <span class='ocrx_word' id='word_1_293' title='bbox 318 1941 348 1980; x_wconf 74' lang='lat' dir='ltr'>j.</span> <span class='ocrx_word' id='word_1_294' title='bbox 366 1947 401 1972; x_wconf 92' lang='lat' dir='ltr'>et</span> <span class='ocrx_word' id='word_1_295' title='bbox 417 1941 524 1980; x_wconf 85' lang='lat' dir='ltr'>irasci,</span> <span class='ocrx_word' id='word_1_296' title='bbox 547 1951 643 1982; x_wconf 83' lang='lat' dir='ltr'>neque</span> <span class='ocrx_word' id='word_1_297' title='bbox 661 1942 790 1981; x_wconf 83' lang='lat' dir='ltr'>Negare</span> <span class='ocrx_word' id='word_1_298' title='bbox 812 1942 867 1973; x_wconf 80' lang='lat' dir='ltr'>ed.</span> <span class='ocrx_word' id='word_1_299' title='bbox 885 1942 1014 1983; x_wconf 84' lang='lat' dir='ltr'>Delph.</span> <span class='ocrx_word' id='word_1_300' title='bbox 1061 1941 1217 1972; x_wconf 82' lang='lat' dir='ltr'>Alteram</span> <span class='ocrx_word' id='word_1_301' title='bbox 1245 1941 1470 1972; x_wconf 85' lang='lat' dir='ltr'>variationem</span> <span class='ocrx_word' id='word_1_302' title='bbox 1491 1940 1629 1973; x_wconf 84' lang='lat' dir='ltr'>exhibet</span> <span class='ocrx_word' id='word_1_303' title='bbox 1651 1941 1732 1982; x_wconf 81' lang='lat' dir='ltr'>Bip.</span> 
     </span>
     <span class='ocr_line' id='line_1_32' title="bbox 269 1983 1734 2026; baseline -0.001 -10"><span class='ocrx_word' id='word_1_304' title='bbox 269 1986 350 2016; x_wconf 83' lang='lat' dir='ltr'>Eum</span> <span class='ocrx_word' id='word_1_305' title='bbox 363 1994 425 2025; x_wconf 85' lang='lat' dir='ltr'>pro</span> <span class='ocrx_word' id='word_1_306' title='bbox 441 1985 532 2016; x_wconf 86' lang='lat' dir='ltr'>illum</span> <span class='ocrx_word' id='word_1_307' title='bbox 546 1983 662 2016; x_wconf 86' lang='lat' dir='ltr'>Guelf.</span> <span class='ocrx_word' id='word_1_308' title='bbox 676 1988 707 2017; x_wconf 84' lang='lat'>2.</span> <span class='ocrx_word' id='word_1_309' title='bbox 719 1987 826 2016; x_wconf 65' lang='lat'><strong>3.—6&#39;</strong></span> <span class='ocrx_word' id='word_1_310' title='bbox 843 1987 851 2002; x_wconf 92' lang='lat'>‘</span> <span class='ocrx_word' id='word_1_311' title='bbox 864 1984 906 2016; x_wconf 95' lang='lat' dir='ltr'>Id</span> <span class='ocrx_word' id='word_1_312' title='bbox 920 1984 928 1998; x_wconf 94' lang='grc'><strong><em>’</em></strong></span> <span class='ocrx_word' id='word_1_313' title='bbox 944 1984 1109 2026; x_wconf 83' lang='lat' dir='ltr'>rejiciunt</span> <span class='ocrx_word' id='word_1_314' title='bbox 1125 1985 1227 2016; x_wconf 89' lang='lat' dir='ltr'>Both.</span> <span class='ocrx_word' id='word_1_315' title='bbox 1244 1983 1373 2025; x_wconf 82' lang='lat' dir='ltr'>Delph.</span> <span class='ocrx_word' id='word_1_316' title='bbox 1390 1983 1432 2014; x_wconf 89' lang='lat' dir='ltr'>ad</span> <span class='ocrx_word' id='word_1_317' title='bbox 1450 1993 1499 2015; x_wconf 90' lang='lat' dir='ltr'>vs.</span> <span class='ocrx_word' id='word_1_318' title='bbox 1516 1986 1612 2016; x_wconf 82' lang='grc'><strong>5.-’7</strong></span> <span class='ocrx_word' id='word_1_319' title='bbox 1635 1984 1734 2025; x_wconf 81' lang='lat' dir='ltr'>Erat]</span> 
     </span>
     <span class='ocr_line' id='line_1_33' title="bbox 268 2026 1734 2069; baseline 0 -10"><span class='ocrx_word' id='word_1_320' title='bbox 268 2029 344 2059; x_wconf 78' lang='lat' dir='ltr'>Pal.</span> <span class='ocrx_word' id='word_1_321' title='bbox 359 2031 389 2059; x_wconf 85' lang='lat'>3.</span> <span class='ocrx_word' id='word_1_322' title='bbox 407 2031 526 2069; x_wconf 77' lang='lat' dir='ltr'>aptum.</span> <span class='ocrx_word' id='word_1_323' title='bbox 546 2028 706 2059; x_wconf 86' lang='lat' dir='ltr'>Perl.-8</span> <span class='ocrx_word' id='word_1_324' title='bbox 723 2028 792 2060; x_wconf 85' lang='lat' dir='ltr'>Ms.</span> <span class='ocrx_word' id='word_1_325' title='bbox 810 2028 904 2069; x_wconf 81' lang='lat' dir='ltr'>Lips.</span> <span class='ocrx_word' id='word_1_326' title='bbox 920 2028 1036 2059; x_wconf 80' lang='lat' dir='ltr'>mansit</span> <span class='ocrx_word' id='word_1_327' title='bbox 1052 2027 1106 2059; x_wconf 83' lang='lat' dir='ltr'>ibi.</span> <span class='ocrx_word' id='word_1_328' title='bbox 1149 2028 1199 2059; x_wconf 90' lang='lat' dir='ltr'>M.</span> <span class='ocrx_word' id='word_1_329' title='bbox 1217 2037 1387 2059; x_wconf 87' lang='lat' dir='ltr'>sermonem</span> <span class='ocrx_word' id='word_1_330' title='bbox 1402 2027 1486 2059; x_wconf 88' lang='lat' dir='ltr'>illico</span> <span class='ocrx_word' id='word_1_331' title='bbox 1500 2026 1622 2068; x_wconf 81' lang='lat' dir='ltr'>occipit.</span> <span class='ocrx_word' id='word_1_332' title='bbox 1635 2026 1657 2059; x_wconf 85' lang='lat' dir='ltr'>J</span> <span class='ocrx_word' id='word_1_333' title='bbox 1662 2030 1734 2059; x_wconf 87' lang='lat' dir='ltr'>unt.</span> 
     </span>
     <span class='ocr_line' id='line_1_34' title="bbox 267 2069 1733 2113; baseline -0.001 -11"><span class='ocrx_word' id='word_1_334' title='bbox 267 2072 363 2111; x_wconf 78' lang='lat' dir='ltr'>illico,</span> <span class='ocrx_word' id='word_1_335' title='bbox 378 2072 502 2102; x_wconf 84' lang='lat' dir='ltr'>omisso</span> <span class='ocrx_word' id='word_1_336' title='bbox 518 2070 641 2112; x_wconf 84' lang='lat' dir='ltr'>occipit.</span> <span class='ocrx_word' id='word_1_337' title='bbox 657 2071 723 2102; x_wconf 84' lang='lat' dir='ltr'>Ms.</span> <span class='ocrx_word' id='word_1_338' title='bbox 748 2071 842 2112; x_wconf 79' lang='lat' dir='ltr'>Lips.</span> <span class='ocrx_word' id='word_1_339' title='bbox 865 2071 997 2111; x_wconf 80' lang='lat' dir='ltr'>incipit.-</span> <span class='ocrx_word' id='word_1_340' title='bbox 1030 2071 1118 2113; x_wconf 88' lang='lat' dir='ltr'>quod</span> <span class='ocrx_word' id='word_1_341' title='bbox 1141 2077 1177 2102; x_wconf 91' lang='lat' dir='ltr'>et</span> <span class='ocrx_word' id='word_1_342' title='bbox 1203 2071 1306 2101; x_wconf 88' lang='lat' dir='ltr'>estin</span> <span class='ocrx_word' id='word_1_343' title='bbox 1324 2069 1432 2102; x_wconf 86' lang='lat' dir='ltr'>tribus</span> <span class='ocrx_word' id='word_1_344' title='bbox 1455 2069 1574 2101; x_wconf 87' lang='lat' dir='ltr'>Leidd.</span> <span class='ocrx_word' id='word_1_345' title='bbox 1588 2070 1733 2101; x_wconf 87' lang='lat' dir='ltr'>totidem</span> 
     </span>
     <span class='ocr_line' id='line_1_35' title="bbox 268 2113 1734 2154; baseline 0 -9"><span class='ocrx_word' id='word_1_346' title='bbox 268 2114 359 2145; x_wconf 84' lang='lat' dir='ltr'>Pau.</span> <span class='ocrx_word' id='word_1_347' title='bbox 376 2118 465 2145; x_wconf 84' lang='lat' dir='ltr'>teste</span> <span class='ocrx_word' id='word_1_348' title='bbox 481 2114 606 2154; x_wconf 80' lang='lat' dir='ltr'>Pareo,</span> <span class='ocrx_word' id='word_1_349' title='bbox 629 2114 672 2145; x_wconf 87' lang='lat' dir='ltr'>V.</span> <span class='ocrx_word' id='word_1_350' title='bbox 689 2115 727 2145; x_wconf 73' lang='grc' dir='ltr'>(ἶ.</span> <span class='ocrx_word' id='word_1_351' title='bbox 744 2114 1026 2154; x_wconf 75' lang='lat' dir='ltr'>Lindenbruchii,</span> <span class='ocrx_word' id='word_1_352' title='bbox 1041 2119 1077 2145; x_wconf 90' lang='lat' dir='ltr'>et</span> <span class='ocrx_word' id='word_1_353' title='bbox 1101 2115 1174 2145; x_wconf 86' lang='grc' dir='ltr'>ΕΡ.</span> <span class='ocrx_word' id='word_1_354' title='bbox 1204 2114 1304 2146; x_wconf 83' lang='lat' dir='ltr'>West.</span> <span class='ocrx_word' id='word_1_355' title='bbox 1327 2113 1505 2144; x_wconf 85' lang='lat' dir='ltr'>Sermonem</span> <span class='ocrx_word' id='word_1_356' title='bbox 1521 2113 1604 2144; x_wconf 88' lang='lat' dir='ltr'>illico</span> <span class='ocrx_word' id='word_1_357' title='bbox 1619 2113 1734 2154; x_wconf 77' lang='lat' dir='ltr'>incipit</span> 
     </span>
     <span class='ocr_line' id='line_1_36' title="bbox 270 2155 1735 2197; baseline 0 -9"><span class='ocrx_word' id='word_1_358' title='bbox 270 2157 313 2188; x_wconf 83' lang='lat' dir='ltr'>G.</span> <span class='ocrx_word' id='word_1_359' title='bbox 331 2158 412 2189; x_wconf 89' lang='lat' dir='ltr'>EM.</span> <span class='ocrx_word' id='word_1_360' title='bbox 460 2157 549 2188; x_wconf 84' lang='lat' dir='ltr'>Illico</span> <span class='ocrx_word' id='word_1_361' title='bbox 565 2157 677 2197; x_wconf 78' lang='lat' dir='ltr'>occipit</span> <span class='ocrx_word' id='word_1_362' title='bbox 697 2158 767 2188; x_wconf 79' lang='lat' dir='ltr'>ET.</span> <span class='ocrx_word' id='word_1_363' title='bbox 813 2158 864 2188; x_wconf 83' lang='lat' dir='ltr'>Id.</span> <span class='ocrx_word' id='word_1_364' title='bbox 881 2157 914 2188; x_wconf 87' lang='lat' dir='ltr'>in</span> <span class='ocrx_word' id='word_1_365' title='bbox 932 2158 1015 2189; x_wconf 77' lang='lat' dir='ltr'>Aaa.</span> <span class='ocrx_word' id='word_1_366' title='bbox 1050 2157 1171 2188; x_wconf 79' lang='lat' dir='ltr'>Invitat</span> <span class='ocrx_word' id='word_1_367' title='bbox 1189 2157 1290 2188; x_wconf 82' lang='lat' dir='ltr'>tristis</span> <span class='ocrx_word' id='word_1_368' title='bbox 1304 2156 1421 2188; x_wconf 87' lang='lat' dir='ltr'>mansit</span> <span class='ocrx_word' id='word_1_369' title='bbox 1438 2155 1503 2187; x_wconf 83' lang='lat' dir='ltr'>ibi.-</span> <span class='ocrx_word' id='word_1_370' title='bbox 1528 2155 1583 2186; x_wconf 83' lang='lat' dir='ltr'>illa</span> <span class='ocrx_word' id='word_1_371' title='bbox 1595 2166 1663 2187; x_wconf 86' lang='lat' dir='ltr'>cum</span> <span class='ocrx_word' id='word_1_372' title='bbox 1678 2157 1735 2188; x_wconf 78' lang='lat' dir='ltr'>illo</span> 
     </span>
     <span class='ocr_line' id='line_1_37' title="bbox 268 2198 1733 2240; baseline -0.001 -9"><span class='ocrx_word' id='word_1_373' title='bbox 268 2210 437 2232; x_wconf 87' lang='lat' dir='ltr'>sermonem</span> <span class='ocrx_word' id='word_1_374' title='bbox 453 2200 553 2240; x_wconf 86' lang='lat' dir='ltr'>illico]</span> <span class='ocrx_word' id='word_1_375' title='bbox 571 2201 700 2232; x_wconf 86' lang='lat' dir='ltr'>Omnes</span> <span class='ocrx_word' id='word_1_376' title='bbox 714 2200 792 2231; x_wconf 86' lang='lat' dir='ltr'>libri</span> <span class='ocrx_word' id='word_1_377' title='bbox 811 2204 936 2240; x_wconf 81' lang='lat' dir='ltr'>praeter</span> <span class='ocrx_word' id='word_1_378' title='bbox 952 2201 1050 2232; x_wconf 87' lang='lat' dir='ltr'>Bem.</span> <span class='ocrx_word' id='word_1_379' title='bbox 1067 2200 1195 2231; x_wconf 85' lang='lat' dir='ltr'>habent</span> <span class='ocrx_word' id='word_1_380' title='bbox 1207 2209 1377 2230; x_wconf 88' lang='lat' dir='ltr'>sermonem</span> <span class='ocrx_word' id='word_1_381' title='bbox 1390 2198 1513 2239; x_wconf 77' lang='lat' dir='ltr'>incipit.</span> <span class='ocrx_word' id='word_1_382' title='bbox 1556 2199 1624 2231; x_wconf 92' lang='lat' dir='ltr'>Do.</span> <span class='ocrx_word' id='word_1_383' title='bbox 1638 2208 1733 2239; x_wconf 89' lang='lat' dir='ltr'>vero,</span> 
     </span>
     <span class='ocr_line' id='line_1_38' title="bbox 270 2241 1734 2284; baseline 0 -10"><span class='ocrx_word' id='word_1_384' title='bbox 270 2253 440 2274; x_wconf 89' lang='lat' dir='ltr'>sermonem</span> <span class='ocrx_word' id='word_1_385' title='bbox 466 2244 590 2284; x_wconf 83' lang='lat' dir='ltr'>occipit.</span> <span class='ocrx_word' id='word_1_386' title='bbox 637 2243 757 2283; x_wconf 87' lang='lat' dir='ltr'>Itaque</span> <span class='ocrx_word' id='word_1_387' title='bbox 783 2243 975 2284; x_wconf 80' lang='lat' dir='ltr'>Stephanus</span> <span class='ocrx_word' id='word_1_388' title='bbox 1004 2243 1189 2283; x_wconf 79' lang='lat' dir='ltr'>impressit.</span> <span class='ocrx_word' id='word_1_389' title='bbox 1220 2243 1294 2282; x_wconf 85' lang='lat' dir='ltr'>Ego</span> <span class='ocrx_word' id='word_1_390' title='bbox 1324 2242 1372 2273; x_wconf 90' lang='lat' dir='ltr'>ita</span> <span class='ocrx_word' id='word_1_391' title='bbox 1395 2241 1592 2280; x_wconf 74' lang='lat' dir='ltr'>legendum,</span> <span class='ocrx_word' id='word_1_392' title='bbox 1615 2243 1734 2284; x_wconf 84' lang='lat' dir='ltr'>itaque</span> 
     </span>
     <span class='ocr_line' id='line_1_39' title="bbox 272 2285 1736 2327; baseline 0 -10"><span class='ocrx_word' id='word_1_393' title='bbox 272 2286 551 2327; x_wconf 86' lang='lat' dir='ltr'>distinguendum</span> <span class='ocrx_word' id='word_1_394' title='bbox 570 2289 668 2326; x_wconf 84' lang='lat' dir='ltr'>puto,</span> <span class='ocrx_word' id='word_1_395' title='bbox 697 2286 817 2317; x_wconf 76' lang='lat' dir='ltr'>Invitat</span> <span class='ocrx_word' id='word_1_396' title='bbox 833 2286 937 2317; x_wconf 85' lang='lat' dir='ltr'>tristis</span> <span class='ocrx_word' id='word_1_397' title='bbox 952 2297 962 2316; x_wconf 91' lang='lat'>.·</span> <span class='ocrx_word' id='word_1_398' title='bbox 986 2287 1101 2317; x_wconf 88' lang='lat' dir='ltr'>mansit</span> <span class='ocrx_word' id='word_1_399' title='bbox 1113 2297 1123 2317; x_wconf 90' lang='lat'>.·</span> <span class='ocrx_word' id='word_1_400' title='bbox 1150 2285 1194 2316; x_wconf 89' lang='lat' dir='ltr'>ibi</span> <span class='ocrx_word' id='word_1_401' title='bbox 1207 2285 1263 2316; x_wconf 85' lang='lat' dir='ltr'>illa</span> <span class='ocrx_word' id='word_1_402' title='bbox 1278 2295 1346 2315; x_wconf 85' lang='lat' dir='ltr'>cum</span> <span class='ocrx_word' id='word_1_403' title='bbox 1363 2285 1416 2315; x_wconf 88' lang='lat' dir='ltr'>illo</span> <span class='ocrx_word' id='word_1_404' title='bbox 1430 2294 1598 2316; x_wconf 84' lang='lat' dir='ltr'>sermonem</span> <span class='ocrx_word' id='word_1_405' title='bbox 1608 2285 1736 2325; x_wconf 82' lang='lat' dir='ltr'>occipit.</span> 
     </span>
     <span class='ocr_line' id='line_1_40' title="bbox 272 2327 1734 2369; baseline 0 -9"><span class='ocrx_word' id='word_1_406' title='bbox 272 2330 334 2361; x_wconf 83' lang='lat' dir='ltr'>Fa.</span> <span class='ocrx_word' id='word_1_407' title='bbox 376 2331 472 2361; x_wconf 90' lang='lat' dir='ltr'>Unus</span> <span class='ocrx_word' id='word_1_408' title='bbox 494 2335 626 2361; x_wconf 84' lang='lat' dir='ltr'>tantum</span> <span class='ocrx_word' id='word_1_409' title='bbox 641 2339 685 2360; x_wconf 87' lang='lat' dir='ltr'>ex</span> <span class='ocrx_word' id='word_1_410' title='bbox 701 2329 825 2360; x_wconf 82' lang='lat' dir='ltr'>nostris</span> <span class='ocrx_word' id='word_1_411' title='bbox 838 2339 913 2361; x_wconf 88' lang='lat' dir='ltr'>cum</span> <span class='ocrx_word' id='word_1_412' title='bbox 931 2329 1066 2361; x_wconf 86' lang='lat' dir='ltr'>Donato</span> <span class='ocrx_word' id='word_1_413' title='bbox 1083 2333 1119 2360; x_wconf 89' lang='lat' dir='ltr'>et</span> <span class='ocrx_word' id='word_1_414' title='bbox 1130 2328 1311 2360; x_wconf 84' lang='lat' dir='ltr'>E‹ld.vett.</span> <span class='ocrx_word' id='word_1_415' title='bbox 1329 2328 1438 2368; x_wconf 82' lang='lat' dir='ltr'>occipit</span> <span class='ocrx_word' id='word_1_416' title='bbox 1452 2338 1465 2365; x_wconf 89' lang='lat'><em>;</em></span> <span class='ocrx_word' id='word_1_417' title='bbox 1487 2327 1596 2359; x_wconf 80' lang='lat' dir='ltr'>ceteri</span> <span class='ocrx_word' id='word_1_418' title='bbox 1610 2327 1734 2369; x_wconf 77' lang='lat' dir='ltr'>incipit.</span> 
     </span>
     <span class='ocr_line' id='line_1_41' title="bbox 272 2370 1735 2414; baseline -0.001 -10"><span class='ocrx_word' id='word_1_419' title='bbox 272 2372 452 2404; x_wconf 88' lang='lat' dir='ltr'>Utrumvis</span> <span class='ocrx_word' id='word_1_420' title='bbox 476 2373 596 2414; x_wconf 89' lang='lat' dir='ltr'>probe,</span> <span class='ocrx_word' id='word_1_421' title='bbox 614 2382 678 2404; x_wconf 89' lang='lat' dir='ltr'>nec</span> <span class='ocrx_word' id='word_1_422' title='bbox 697 2372 802 2403; x_wconf 85' lang='lat' dir='ltr'>hilnm</span> <span class='ocrx_word' id='word_1_423' title='bbox 823 2373 977 2404; x_wconf 79' lang='lat' dir='ltr'>interest.</span> <span class='ocrx_word' id='word_1_424' title='bbox 1021 2371 1182 2413; x_wconf 88' lang='lat' dir='ltr'>Spondeo</span> <span class='ocrx_word' id='word_1_425' title='bbox 1198 2381 1252 2402; x_wconf 89' lang='lat' dir='ltr'>me</span> <span class='ocrx_word' id='word_1_426' title='bbox 1276 2370 1339 2402; x_wconf 88' lang='lat' dir='ltr'>tibi</span> <span class='ocrx_word' id='word_1_427' title='bbox 1367 2379 1479 2402; x_wconf 86' lang='lat' dir='ltr'>veram</span> <span class='ocrx_word' id='word_1_428' title='bbox 1494 2370 1650 2402; x_wconf 86' lang='lat' dir='ltr'>Terentii</span> <span class='ocrx_word' id='word_1_429' title='bbox 1665 2380 1735 2403; x_wconf 89' lang='lat' dir='ltr'>ma-</span> 
     </span>
     <span class='ocr_line' id='line_1_42' title="bbox 272 2413 1742 2454; baseline 0 -8"><span class='ocrx_word' id='word_1_430' title='bbox 272 2426 352 2446; x_wconf 91' lang='lat' dir='ltr'>num</span> <span class='ocrx_word' id='word_1_431' title='bbox 367 2416 630 2447; x_wconf 84' lang='lat' dir='ltr'>restituturum:</span> <span class='ocrx_word' id='word_1_432' title='bbox 655 2415 664 2432; x_wconf 88' lang='lat'>‘</span> <span class='ocrx_word' id='word_1_433' title='bbox 679 2416 874 2447; x_wconf 85' lang='lat' dir='ltr'>Invitatast:</span> <span class='ocrx_word' id='word_1_434' title='bbox 891 2415 1024 2447; x_wconf 81' lang='lat' dir='ltr'>mansit.-</span> <span class='ocrx_word' id='word_1_435' title='bbox 1042 2415 1087 2446; x_wconf 88' lang='lat' dir='ltr'>ibi</span> <span class='ocrx_word' id='word_1_436' title='bbox 1098 2415 1153 2446; x_wconf 88' lang='lat' dir='ltr'>illa</span> <span class='ocrx_word' id='word_1_437' title='bbox 1165 2424 1235 2446; x_wconf 84' lang='lat' dir='ltr'>cum</span> <span class='ocrx_word' id='word_1_438' title='bbox 1250 2414 1303 2444; x_wconf 85' lang='lat' dir='ltr'>illo</span> <span class='ocrx_word' id='word_1_439' title='bbox 1312 2422 1482 2445; x_wconf 82' lang='lat' dir='ltr'>sermonem</span> <span class='ocrx_word' id='word_1_440' title='bbox 1492 2413 1616 2454; x_wconf 85' lang='lat' dir='ltr'>occipit.</span> <span class='ocrx_word' id='word_1_441' title='bbox 1634 2413 1742 2446; x_wconf 72' lang='lat' dir='ltr'>Bent:</span> 
     </span>
     <span class='ocr_line' id='line_1_43' title="bbox 274 2456 1735 2500; baseline -0.001 -10"><span class='ocrx_word' id='word_1_442' title='bbox 274 2459 353 2490; x_wconf 88' lang='lat' dir='ltr'>Non</span> <span class='ocrx_word' id='word_1_443' title='bbox 382 2463 538 2500; x_wconf 83' lang='lat' dir='ltr'>pungunt</span> <span class='ocrx_word' id='word_1_444' title='bbox 567 2463 646 2499; x_wconf 91' lang='lat' dir='ltr'>post</span> <span class='ocrx_word' id='word_1_445' title='bbox 672 2458 845 2498; x_wconf 86' lang='lat' dir='ltr'>‘mansit,&#39;</span> <span class='ocrx_word' id='word_1_446' title='bbox 869 2458 930 2489; x_wconf 88' lang='lat' dir='ltr'>sed</span> <span class='ocrx_word' id='word_1_447' title='bbox 956 2463 1034 2499; x_wconf 88' lang='lat' dir='ltr'>post</span> <span class='ocrx_word' id='word_1_448' title='bbox 1063 2457 1155 2489; x_wconf 90' lang='lat' dir='ltr'>‘ibi’</span> <span class='ocrx_word' id='word_1_449' title='bbox 1178 2459 1240 2489; x_wconf 91' lang='lat' dir='ltr'>Br.</span> <span class='ocrx_word' id='word_1_450' title='bbox 1268 2456 1388 2489; x_wconf 87' lang='lat' dir='ltr'>Guelf.</span> <span class='ocrx_word' id='word_1_451' title='bbox 1414 2458 1488 2488; x_wconf 86' lang='lat'><strong>1.2.</strong></span> <span class='ocrx_word' id='word_1_452' title='bbox 1533 2456 1650 2497; x_wconf 86' lang='lat' dir='ltr'>Incipit</span> <span class='ocrx_word' id='word_1_453' title='bbox 1674 2457 1735 2488; x_wconf 88' lang='lat' dir='ltr'>Br.</span> 
     </span>
     <span class='ocr_line' id='line_1_44' title="bbox 274 2498 1735 2542; baseline -0.002 -9"><span class='ocrx_word' id='word_1_454' title='bbox 274 2500 390 2533; x_wconf 75' lang='lat' dir='ltr'>Guelf.</span> <span class='ocrx_word' id='word_1_455' title='bbox 419 2505 450 2533; x_wconf 82' lang='lat'>3.</span> <span class='ocrx_word' id='word_1_456' title='bbox 478 2501 657 2533; x_wconf 84' lang='lat' dir='ltr'>Sermonem</span> <span class='ocrx_word' id='word_1_457' title='bbox 686 2501 797 2542; x_wconf 80' lang='lat' dir='ltr'>incipit</span> <span class='ocrx_word' id='word_1_458' title='bbox 829 2501 912 2533; x_wconf 82' lang='lat' dir='ltr'>illico</span> <span class='ocrx_word' id='word_1_459' title='bbox 931 2503 1041 2533; x_wconf 84' lang='lat'><strong>1.—9.</strong></span> <span class='ocrx_word' id='word_1_460' title='bbox 1057 2504 1098 2533; x_wconf 89' lang='lat'>10</span> <span class='ocrx_word' id='word_1_461' title='bbox 1126 2501 1317 2541; x_wconf 87' lang='lat' dir='ltr'>Utrumque</span> <span class='ocrx_word' id='word_1_462' title='bbox 1342 2508 1475 2530; x_wconf 86' lang='lat' dir='ltr'>versum</span> <span class='ocrx_word' id='word_1_463' title='bbox 1502 2498 1551 2530; x_wconf 85' lang='lat' dir='ltr'>sie</span> <span class='ocrx_word' id='word_1_464' title='bbox 1580 2498 1735 2540; x_wconf 71' lang='lat' dir='ltr'>refinge:</span> 
     </span>
     <span class='ocr_line' id='line_1_45' title="bbox 276 2541 1736 2585; baseline -0.001 -11"><span class='ocrx_word' id='word_1_465' title='bbox 276 2544 372 2575; x_wconf 84' lang='lat' dir='ltr'>Miles</span> <span class='ocrx_word' id='word_1_466' title='bbox 399 2554 485 2584; x_wconf 69' lang='lat' dir='ltr'>¹vero,</span> <span class='ocrx_word' id='word_1_467' title='bbox 499 2544 560 2576; x_wconf 84' lang='lat' dir='ltr'>sibi</span> <span class='ocrx_word' id='word_1_468' title='bbox 577 2548 690 2585; x_wconf 83' lang='lat' dir='ltr'>putans</span> <span class='ocrx_word' id='word_1_469' title='bbox 711 2546 882 2576; x_wconf 81' lang='lat' dir='ltr'>adductum</span> <span class='ocrx_word' id='word_1_470' title='bbox 896 2547 968 2576; x_wconf 86' lang='lat' dir='ltr'>ante</span> <span class='ocrx_word' id='word_1_471' title='bbox 989 2545 1089 2576; x_wconf 86' lang='lat' dir='ltr'>oculos</span> <span class='ocrx_word' id='word_1_472' title='bbox 1103 2544 1259 2579; x_wconf 79' lang='lat' dir='ltr'>oemnlam,</span> <span class='ocrx_word' id='word_1_473' title='bbox 1287 2542 1393 2574; x_wconf 82' lang='lat' dir='ltr'>Voluit</span> <span class='ocrx_word' id='word_1_474' title='bbox 1411 2542 1521 2580; x_wconf 82' lang='lat' dir='ltr'>facere</span> <span class='ocrx_word' id='word_1_475' title='bbox 1534 2544 1642 2573; x_wconf 86' lang='lat' dir='ltr'>contra</span> <span class='ocrx_word' id='word_1_476' title='bbox 1664 2541 1736 2573; x_wconf 80' lang='lat' dir='ltr'>huic</span> 
     </span>
     <span class='ocr_line' id='line_1_46' title="bbox 273 2584 1736 2628; baseline -0.001 -10"><span class='ocrx_word' id='word_1_477' title='bbox 273 2597 378 2626; x_wconf 72' lang='lat' dir='ltr'>(egre.-</span> <span class='ocrx_word' id='word_1_478' title='bbox 412 2588 511 2623; x_wconf 84' lang='lat' dir='ltr'>Heus,</span> <span class='ocrx_word' id='word_1_479' title='bbox 541 2587 655 2628; x_wconf 82' lang='lat' dir='ltr'>inquit,</span> <span class='ocrx_word' id='word_1_480' title='bbox 684 2597 774 2628; x_wconf 81' lang='lat' dir='ltr'>puer,</span> <span class='ocrx_word' id='word_1_481' title='bbox 804 2589 829 2626; x_wconf 87' lang='lat' dir='ltr'>i,</span> <span class='ocrx_word' id='word_1_482' title='bbox 859 2588 1058 2628; x_wconf 83' lang='lat' dir='ltr'>Pamphilam</span> <span class='ocrx_word' id='word_1_483' title='bbox 1086 2587 1234 2620; x_wconf 83' lang='lat' dir='ltr'>Accerse.</span> <span class='ocrx_word' id='word_1_484' title='bbox 1266 2586 1369 2617; x_wconf 84' lang='lat' dir='ltr'>Bent.</span> <span class='ocrx_word' id='word_1_485' title='bbox 1407 2584 1490 2625; x_wconf 88' lang='lat' dir='ltr'>Legi</span> <span class='ocrx_word' id='word_1_486' title='bbox 1525 2584 1626 2616; x_wconf 88' lang='lat' dir='ltr'>Bent.</span> <span class='ocrx_word' id='word_1_487' title='bbox 1662 2585 1736 2616; x_wconf 85' lang='lat' dir='ltr'>vult</span> 
     </span>
     <span class='ocr_line' id='line_1_47' title="bbox 274 2627 1735 2671; baseline -0.001 -10"><span class='ocrx_word' id='word_1_488' title='bbox 274 2640 361 2670; x_wconf 75' lang='lat' dir='ltr'>puer,</span> <span class='ocrx_word' id='word_1_489' title='bbox 388 2630 413 2670; x_wconf 88' lang='lat' dir='ltr'>i,</span> <span class='ocrx_word' id='word_1_490' title='bbox 446 2630 578 2669; x_wconf 87' lang='lat' dir='ltr'>Pamph.</span> <span class='ocrx_word' id='word_1_491' title='bbox 608 2640 674 2662; x_wconf 89' lang='lat' dir='ltr'>non</span> <span class='ocrx_word' id='word_1_492' title='bbox 701 2631 802 2662; x_wconf 86' lang='lat' dir='ltr'>male.</span> <span class='ocrx_word' id='word_1_493' title='bbox 830 2631 927 2662; x_wconf 86' lang='lat' dir='ltr'>Zeun.</span> <span class='ocrx_word' id='word_1_494' title='bbox 954 2631 1028 2662; x_wconf 90' lang='lat' dir='ltr'>Nisi</span> <span class='ocrx_word' id='word_1_495' title='bbox 1051 2631 1144 2671; x_wconf 86' lang='lat' dir='ltr'>legas</span> <span class='ocrx_word' id='word_1_496' title='bbox 1166 2639 1261 2670; x_wconf 84' lang='lat' dir='ltr'>puere</span> <span class='ocrx_word' id='word_1_497' title='bbox 1285 2637 1352 2659; x_wconf 88' lang='lat' dir='ltr'>non</span> <span class='ocrx_word' id='word_1_498' title='bbox 1368 2631 1503 2659; x_wconf 84' lang='lat' dir='ltr'>constat</span> <span class='ocrx_word' id='word_1_499' title='bbox 1518 2636 1648 2658; x_wconf 84' lang='lat' dir='ltr'>versus.</span> <span class='ocrx_word' id='word_1_500' title='bbox 1674 2627 1735 2659; x_wconf 89' lang='lat' dir='ltr'>Er.</span> 
     </span>
     <span class='ocr_line' id='line_1_48' title="bbox 276 2669 1737 2714; baseline -0.001 -10"><span class='ocrx_word' id='word_1_501' title='bbox 276 2674 377 2705; x_wconf 78' lang='lat' dir='ltr'>Both.</span> <span class='ocrx_word' id='word_1_502' title='bbox 409 2673 495 2713; x_wconf 84' lang='lat' dir='ltr'>legit</span> <span class='ocrx_word' id='word_1_503' title='bbox 520 2674 569 2705; x_wconf 84' lang='lat' dir='ltr'>M.</span> <span class='ocrx_word' id='word_1_504' title='bbox 597 2684 629 2705; x_wconf 85' lang='lat' dir='ltr'>v.</span> <span class='ocrx_word' id='word_1_505' title='bbox 651 2675 724 2706; x_wconf 82' lang='lat' dir='ltr'>add.</span> <span class='ocrx_word' id='word_1_506' title='bbox 748 2674 810 2705; x_wconf 88' lang='lat' dir='ltr'>sibi</span> <span class='ocrx_word' id='word_1_507' title='bbox 829 2677 945 2714; x_wconf 84' lang='lat' dir='ltr'>putans</span> <span class='ocrx_word' id='word_1_508' title='bbox 964 2684 1016 2705; x_wconf 83' lang='lat' dir='ltr'>an.</span> <span class='ocrx_word' id='word_1_509' title='bbox 1047 2683 1091 2705; x_wconf 84' lang='lat' dir='ltr'>oc.</span> <span class='ocrx_word' id='word_1_510' title='bbox 1118 2683 1188 2704; x_wconf 82' lang='lat' dir='ltr'>oem.</span> <span class='ocrx_word' id='word_1_511' title='bbox 1237 2671 1325 2703; x_wconf 81' lang='lat' dir='ltr'>Huic</span> <span class='ocrx_word' id='word_1_512' title='bbox 1350 2681 1417 2702; x_wconf 83' lang='lat' dir='ltr'>con.</span> <span class='ocrx_word' id='word_1_513' title='bbox 1442 2671 1503 2701; x_wconf 83' lang='lat' dir='ltr'>vol.</span> <span class='ocrx_word' id='word_1_514' title='bbox 1526 2679 1587 2710; x_wconf 81' lang='lat' dir='ltr'>oeg.</span> <span class='ocrx_word' id='word_1_515' title='bbox 1606 2669 1737 2708; x_wconf 55' lang='lat' dir='ltr'>faceret</span> 
     </span>
     <span class='ocr_line' id='line_1_49' title="bbox 279 2712 1739 2758; baseline -0.003 -10"><span class='ocrx_word' id='word_1_516' title='bbox 279 2717 377 2755; x_wconf 78' lang='lat' dir='ltr'>Heus,</span> <span class='ocrx_word' id='word_1_517' title='bbox 394 2717 508 2757; x_wconf 80' lang='lat' dir='ltr'>inquit,</span> <span class='ocrx_word' id='word_1_518' title='bbox 523 2726 628 2757; x_wconf 84' lang='lat' dir='ltr'>puere,</span> <span class='ocrx_word' id='word_1_519' title='bbox 645 2717 866 2758; x_wconf 62' lang='lat' dir='ltr'>Pamph—ll</span> <span class='ocrx_word' id='word_1_520' title='bbox 888 2718 951 2749; x_wconf 84' lang='lat' dir='ltr'>Hic</span> <span class='ocrx_word' id='word_1_521' title='bbox 972 2718 1101 2748; x_wconf 85' lang='lat' dir='ltr'>delectet</span> <span class='ocrx_word' id='word_1_522' title='bbox 1124 2715 1204 2748; x_wconf 87' lang='lat' dir='ltr'>nos!</span> <span class='ocrx_word' id='word_1_523' title='bbox 1227 2715 1308 2746; x_wconf 82' lang='lat' dir='ltr'>Hoec</span> <span class='ocrx_word' id='word_1_524' title='bbox 1332 2714 1446 2745; x_wconf 80' lang='lat' dir='ltr'>clamat</span> <span class='ocrx_word' id='word_1_525' title='bbox 1462 2712 1564 2745; x_wconf 82' lang='lat' dir='ltr'>Both.</span> <span class='ocrx_word' id='word_1_526' title='bbox 1609 2714 1739 2744; x_wconf 65' lang='lat' dir='ltr'>Accerse-</span> 
     </span>
     <span class='ocr_line' id='line_1_50' title="bbox 277 2754 1738 2796; baseline -0.003 -5"><span class='ocrx_word' id='word_1_527' title='bbox 277 2760 334 2791; x_wconf 82' lang='lat' dir='ltr'>Br.</span> <span class='ocrx_word' id='word_1_528' title='bbox 375 2760 477 2792; x_wconf 82' lang='lat' dir='ltr'>Bent.</span> <span class='ocrx_word' id='word_1_529' title='bbox 517 2764 554 2792; x_wconf 85' lang='lat' dir='ltr'>ut</span> <span class='ocrx_word' id='word_1_530' title='bbox 593 2760 775 2793; x_wconf 83' lang='lat' dir='ltr'>solet.—12</span> <span class='ocrx_word' id='word_1_531' title='bbox 808 2759 884 2792; x_wconf 72' lang='lat' dir='ltr'>Tun‘</span> <span class='ocrx_word' id='word_1_532' title='bbox 909 2761 943 2795; x_wconf 81' lang='lat' dir='ltr'>in</span> <span class='ocrx_word' id='word_1_533' title='bbox 977 2760 1150 2792; x_wconf 68' lang='lat' dir='ltr'>convivium</span> <span class='ocrx_word' id='word_1_534' title='bbox 1187 2758 1256 2791; x_wconf 83' lang='lat' dir='ltr'>alii.</span> <span class='ocrx_word' id='word_1_535' title='bbox 1292 2756 1536 2791; x_wconf 76' lang='lat' dir='ltr'>Westerhavius.</span> <span class='ocrx_word' id='word_1_536' title='bbox 1583 2754 1738 2796; x_wconf 72' lang='lat' dir='ltr'>Tendere]</span> 
     </span>
    </p>
   </div>
  </div>
 </body>
</html>
