1903 3306
334 232 419 275 3³26
832 245 869 275 P.
901 244 1144 274 TERENTH
1178 243 1295 275 Aeni

335 338 531 380 Fidelem
551 338 667 380 haud
687 339 818 380 ferme
836 339 1008 381 mulieri
1028 339 1224 381 invenias
1244 341 1397 382 virum.

335 407 402 448 S1.
433 405 505 447 Ab
543 406 714 448 Andria
750 406 808 448 'st
839 407 999 448 ancilla
1032 407 1158 448 haec‘l
1196 407 1304 461 quid
1335 408 1522 449 narras?
1583 408 1677 450 DA.
1722 409 1793 453 Ita

508 479 591 516 est.

334 541 438 582 ΜΥ.
468 542 558 583 Sed
580 541 651 582 hic
674 541 950 596 Pamphilus.
1012 541 1077 582 St.
1125 540 1244 591 Quid
1265 541 1412 584 dicit?
1485 541 1590 585 MY.
1621 543 1792 589 Firma-

504 609 570 650 vit
592 609 737 650 fidem.
799 609 867 650 S1.
900 609 1033 649 Hem.

334 676 426 718 DA.
459 676 643 718 Utinam
665 681 740 718 aut
760 677 830 718 hic
854 676 1030 727 surdus,
1053 679 1130 717 aut
1150 677 1246 718 haec
1267 681 1388 720 muta
1407 677 1529 719 facta
1550 678 1623 719 sit.
1763 680 1792 719 5

336 745 440 786 ΜΥ.
475 744 610 795 Nam,
633 744 752 798 quod
775 744 1193 798 peperisset‚jussit
1212 745 1323 786 tolli.
1383 745 1451 786 St.
1484 745 1523 786 Ο
1544 745 1744 799 Jupiter!

335 810 457 862 Quid
477 824 558 863 ego
582 810 751 851 audio?
780 815 928 852 actum
949 809 1018 859 'st,
1041 811 1256 863 siquidem
1276 813 1373 853 haec
1393 825 1499 853 vera
1520 813 1756 866 praedicat.

332 879 418 920 LE.
459 879 631 920 Bonum
664 878 882 932 ingenium
914 891 1066 919 narras
1099 878 1413 922 adolescentis.
1488 879 1537 920 M
1547 891 1591 920 Y.
1641 879 1789 935 Optu-

506 960 639 988 mum.

333 1014 421 1055 Sed
442 1027 630 1068 sequere
651 1027 721 1055 me
742 1014 872 1064 intro,
895 1027 950 1054 ne
970 1014 1016 1053 in
1036 1027 1161 1054 mora
1178 1014 1240 1075 illi
1262 1014 1338 1054 sis.
1400 1014 1484 1055 LE.
1516 1014 1700 1068 Sequor.

333 1082 424 1124 DA.
456 1082 586 1134 Quod
627 1081 869 1123 remedium
909 1094 1026 1122 nunc
1060 1081 1165 1123 huic
1202 1068 1322 1123 {nalo
1362 1081 1618 1124 inveniam?
1678 1083 1745 1123 St.
1816 1078 1881 1151 ἢ·

504 1149 624 1201 Quid
646 1151 760 1192 hoc?
1727 1151 1783 1192 10

330 1272 497 1303 constantis
512 1272 594 1313 fidei
619 1282 696 1312 erga
721 1272 890 1303 vnulierem.
936 1271 988 1302 St.
1014 1272 1067 1302 Ex
1082 1271 1217 1302 Andrioe
1232 1270 1360 1309 familia
1385 1274 1431 1301 est
1454 1271 1518 1302 haec
1532 1272 1659 1303 ancilla.
1705 1273 1790 1308 Quid

328 1314 464 1347 narras?
513 1317 580 1347 DA.
605 1315 657 1346 lta
683 1318 741 1346 est.
788 1315 863 1346 ΜΥ.
887 1314 948 1345 Sed
975 1314 1025 1345 hic
1053 1314 1247 1355 Pamphilus.
1293 1315 1342 1344 Sl.
1368 1313 1453 1349 Quid
1478 1313 1535 1345 illa
1561 1313 1666 1346 dicit?
1709 1316 1788 1348 MY.

332 1358 454 1397 Fidem,
469 1368 559 1399 quam
574 1359 714 1398 dederat,
730 1357 935 1398 confirmavit.
979 1357 1030 1388 Sr.
1054 1357 1147 1388 Hem.
1194 1357 1264 1388 DA.
1293 1356 1434 1396 Utinam,
1449 1359 1505 1387 avet
1527 1357 1577 1388 hic
1598 1358 1720 1398 surdus,
1735 1362 1789 1389 aut

329 1401 394 1431 hoec
409 1405 494 1432 muta
509 1401 601 1439 facta
617 1402 670 1432 sit.
718 1402 795 1432 ΜΥ.
821 1401 916 1439 Nam,
939 1409 1028 1439 quem
1047 1403 1176 1440 partum
1199 1400 1256 1431 illa
1282 1399 1442 1438 edidisset,
1466 1399 1518 1431 ille
1533 1399 1633 1438 jussit
1655 1401 1790 1433 educari.

330 1445 380 1475 Sl.
416 1445 445 1474 Ο
472 1444 627 1485 Jupiter!
655 1443 727 1484 quid
756 1454 812 1482 ego
839 1440 960 1475 audio?
988 1446 1090 1474 actum
1115 1446 1162 1474 est
1188 1444 1225 1473 de
1255 1442 1352 1482 nobis,
1381 1442 1408 1472 sz'
1435 1443 1522 1473 modo
1548 1453 1584 1474 ea
1610 1453 1684 1475 vera
1703 1447 1790 1482 sunt,

329 1497 398 1526 quoe
424 1487 489 1518 haec
512 1488 626 1518 ancilla
647 1487 811 1527 proedicat.
859 1487 921 1517 LE.
957 1486 1066 1516 Mores
1091 1485 1183 1516 bonos
1208 1495 1318 1516 narras
1343 1485 1552 1517 adolescentis.
1595 1486 1672 1519 ΜΥ.
1697 1486 1792 1527 Opti-

331 1539 417 1565 mos;
445 1531 498 1561 sed
526 1540 652 1570 sequere
680 1539 727 1560 me
755 1530 851 1568 intro,
880 1539 917 1560 ne
947 1529 1068 1560 tardius
1093 1530 1134 1559 ad
1163 1529 1250 1559 illam
1285 1529 1402 1559 venias.
1448 1528 1510 1559 LE.
1546 1528 1676 1569 Sequor.
1721 1529 1789 1562 DA.

332 1572 431 1608 Quale
445 1573 612 1604 remedium
632 1583 711 1603 nunc
733 1572 804 1604 huic
826 1573 905 1603 malo
920 1572 1075 1603 inveniam
1091 1569 1106 1602 ἲ)
1151 1571 1203 1602 St.
1229 1571 1314 1607 Quid
1329 1571 1383 1602 Ιιυε
1399 1571 1446 1602 rei
1460 1569 1533 1604 est?
1560 1573 1676 1604 adeone
1691 1572 1787 1603 Pam-

942 1680 1181 1693 eeeeeeeeeeee

329 1759 364 1790 in
385 1758 463 1790 Arsi
481 1758 535 1790 hic
560 1758 711 1799 ponitur,
725 1769 828 1800 quam
849 1759 920 1791 illic
943 1760 976 1791 in
992 1761 1103 1792 Thesi.
1129 1761 1292 1792 Herm—3
1317 1760 1496 1801 Duplicem
1520 1760 1587 1792 feci
1605 1761 1792 1801 interroga-

329 1803 469 1840 tionem,
487 1807 607 1833 contra
622 1812 723 1843 quam
738 1801 814 1833 fieri
841 1804 941 1834 solet.
988 1803 1075 1834 Sunt
1092 1808 1205 1834 autem
1235 1804 1319 1834 Mss.
1343 1803 1376 1833 in
1393 1803 1516 1844 quibus
1532 1808 1600 1843 est,
1619 1804 1694 1844 quid
1715 1814 1789 1843 Inar·

329 1850 378 1876 rat
390 1843 406 1876 ί)
433 1845 567 1886 quando
585 1844 690 1876 verba
707 1845 863 1884 proxime
880 1845 1114 1886 praecedentia
1132 1846 1219 1877 citra
1244 1846 1543 1885 interrogationem
1571 1846 1697 1878 fuerint
1713 1856 1789 1887 pro-

330 1887 526 1919 nuntianda.
557 1888 657 1919 West.
703 1888 818 1919 Verba
844 1889 891 1919 ita
909 1888 1144 1920 distribuenda
1167 1898 1243 1920 esse
1273 1898 1412 1928 censet),
1427 1893 1479 1927 nt,
1507 1889 1624 1921 ‘Quid
1649 1888 1788 1928 narras,’

330 1931 398 1961 sint
413 1930 504 1962 Davi
530 1939 597 1961 non
627 1930 883 1971 interrogantis,
901 1931 960 1962 sed
991 1931 1190 1962 admirantis
1208 1937 1242 1962 et
1260 1931 1357 1972 quasi
1375 1931 1543 1972 negantis,
1567 1932 1619 1962 vel
1646 1937 1787 1972 gravate

330 1973 567 2012 concedentis,
583 1977 621 2004 ut
641 1973 778 2004 Phorm.
796 1982 829 2004 v.
842 1976 873 2005 7.
892 1976 945 2004 42.
963 1974 1022 2004 sed
1039 1974 1048 1991 ‘
1067 1973 1182 2005 Ita’st'
1196 1974 1264 2004 sint
1279 1974 1438 2013 Simonis,
1457 1983 1527 2005 rem
1545 1973 1786 2006 confirmantis.

330 2017 429 2048 Bent.
445 2016 501 2055 qui
518 2025 594 2046 cum
607 2016 668 2046 Br.
685 2021 720 2047 et
733 2016 771 2047 Z.
789 2025 856 2047 non
873 2017 1067 2057 interrogat
1084 2021 1158 2057 post
1173 2017 1181 2033 ‘
1195 2016 1293 2047 haecss
1316 2017 1510 2057 Sequuntur
1529 2018 1664 2048 omniuo
1680 2017 1786 2048 Bent-

328 2059 431 2089 leium
449 2058 550 2089 Roth.
569 2063 604 2089 et
621 2058 713 2089 Perl.
746 2059 867 2089 Narrat
891 2058 1008 2091 Guelf.
1023 2062 1119 2090 2.—5
1146 2060 1211 2090 Aut
1226 2059 1276 2089 hic
1290 2061 1411 2090 surdus.
1435 2060 1492 2090 Sic
1510 2060 1652 2091 Plautus
1668 2060 1784 2092 Casin.

330 2110 387 2132 111.
404 2104 436 2132 3.
448 2104 499 2132 12.
525 2101 647 2139 Metuo,
663 2111 701 2132 ne
716 2111 776 2132 non
792 2102 835 2132 sit
848 2102 948 2133 surda
964 2105 1057 2142 atque
1077 2102 1142 2132 hoec
1155 2102 1323 2134 audiverit.
1371 2102 1454 2133 Mss.
1472 2102 1608 2143 qnidam
1625 2103 1717 2143 prius
1731 2106 1785 2134 aut

329 2145 503 2175 omittunt.
523 2144 688 2175 West.—8
707 2145 829 2175 Bonum
850 2144 943 2175 delet
960 2145 1062 2176 Both.
1080 2145 1388 2184 Interrogationem
1407 2149 1485 2184 post
1501 2146 1510 2161 ‘
1525 2145 1624 2176 adol!
1641 2154 1702 2186 pro
1713 2155 1783 2177 var.

329 2187 409 2217 lect.
438 2192 603 2217 memorat
627 2187 687 2217 ΒΓ.
711 2187 899 2228 glossa.—9
924 2188 974 2219 Ne
1004 2188 1038 2218 z'n
1069 2198 1153 2218 mora
1179 2188 1228 2218 illi
1251 2188 1307 2218 sis.
1356 2187 1518 2218 Nonnulli
1547 2188 1629 2219 Mss.
1645 2187 1786 2228 addunt,

329 2239 396 2260 cum
411 2240 484 2269 opus
499 2232 556 2261 est.
581 2230 691 2260 West.
739 2230 852 2270 Vulgo
881 2241 968 2262 mora
988 2230 1036 2261 illi
1065 2231 1120 2271 sis,
1145 2240 1186 2262 ex
1217 2230 1278 2262 int.
1296 2230 1404 2262 Codd.
1421 2230 1528 2262 nostri
1542 2231 1700 2262 unanime
1714 2231 1785 2262 sies.

985 2326 1128 2358 NOTAE

370 2397 389 2425 4
414 2394 475 2424 Sed
496 2393 546 2424 hic
565 2394 761 2435 Pamphilus]
785 2395 892 2435 Mysis
916 2396 1029 2436 pergit
1085 2401 1200 2437 posset
1232 2405 1417 2436 exponere.
1464 2394 1597 2426 Exinde
1627 2394 1718 2427 inter
1746 2405 1781 2427 se

327 2444 462 2475 laudare
490 2444 717 2484 Pamphilum,
749 2454 815 2475 non
846 2446 1027 2476 attendens
1083 2456 1233 2477 seorsum
1256 2447 1508 2486 colloquuntur.
1593 2442 1596 2445 ’

328 2495 370 2526 ad
386 2494 528 2526 Simonis
545 2494 660 2534 verba,
677 2494 734 2525 sed
753 2495 927 2537 alloquens
948 2497 1027 2526 Les-
1128 2500 1166 2528 10
1192 2498 1281 2533 Quod
1307 2496 1490 2536 remedium]
1520 2496 1623 2535 Simo,
1648 2506 1689 2527 ex
1713 2507 1782 2528 ser-

326 2546 425 2577 biam.
463 2545 587 2585 Itaque
609 2555 725 2576 sensus
748 2551 818 2577 est:
844 2547 910 2577 Vix
938 2547 1028 2577 inve·
1082 2557 1180 2579 mone
1207 2547 1314 2588 Mysis
1343 2547 1384 2578 ad
1411 2546 1580 2585 Lesbiam,
1603 2546 1782 2579 audiverat

326 2597 398 2628 nias
422 2596 529 2626 virum
555 2595 688 2626 fidelem
719 2597 872 2635 mulieri;
896 2597 1026 2629 sedhic
1082 2607 1122 2628 ea
1146 2608 1219 2638 quae
1247 2597 1445 2636 Pamphilus
1476 2596 1646 2636 pollicitus
1669 2595 1783 2629 fuerat

327 2647 526 2687 Pamphilus
542 2646 591 2677 ita
607 2646 715 2676 fidelis
735 2652 787 2678 est
803 2648 975 2689 Glycerio,
989 2653 1027 2680 ut
1082 2648 1255 2688 Glycerio,
1272 2648 1303 2678 in
1321 2647 1611 2678 confirmationem
1627 2645 1707 2678 fidei
1723 2647 1781 2679 da-

326 2697 441 2737 fidem,
460 2707 557 2738 quani
574 2697 604 2727 ei
623 2697 766 2728 dederat
790 2708 824 2728 se
848 2708 921 2729 eam
945 2699 1025 2730 duc-
1083 2704 1149 2730 tae:
1177 2705 1362 2738 propterea
1385 2697 1533 2728 solicitus
1556 2697 1672 2728 Davus
1689 2708 1780 2740 quae-

327 2754 453 2786 turum,
477 2747 749 2786 confirmaverit3
777 2749 968 2788 pollicendo
985 2751 1027 2790 ei,
1081 2749 1138 2787 rit,
1167 2758 1233 2789 qua
1256 2753 1329 2778 arte
1357 2751 1489 2778 avertat
1514 2747 1612 2786 mala,
1635 2757 1710 2788 qnae
1736 2758 1779 2779 ex

327 2807 374 2839 se,
391 2798 480 2840 quod
492 2798 692 2839 peperisset,
704 2799 1025 2840 educaturum,cum
1080 2798 1271 2840 improvida
1288 2798 1396 2839 Mysis
1414 2797 1608 2830 narratione
1623 2798 1780 2830 accidere
