1903 3306
332 251 417 293 242
776 253 1032 287 RICARDUS
1068 253 1349 285 BENTLEms

332 355 517 393 iambicos
539 358 795 398 tetrametros,
824 351 886 389 vel
918 348 1137 388 trochaicos
1170 348 1435 393 catalecticos,
1469 348 1518 386 ab
1543 347 1671 388 iambo
1692 348 1788 387 inci-

334 419 468 469 piunt;
501 425 543 456 ut
564 418 631 456 illa
651 416 757 455 Accii
777 429 785 452 :

549 495 609 532 An
629 491 726 530 haec
742 491 822 541 jam
844 488 953 527 obliti
975 488 1067 525 sunt
1088 486 1287 538 Phryges?

336 587 374 618 et
392 579 468 617 illae
490 578 623 616 Nostri
639 591 647 614 ε

419 663 607 695 Praescisse
622 671 676 693 me
693 662 795 693 ante?
817 659 927 691 nonne
946 659 1038 700 prius
1054 659 1338 691 communicatum
1354 656 1507 698 oportuit
1521 658 1532 688 ?

510 716 671 748 Miseram
688 724 756 755 me,
779 714 869 756 quod
887 713 1028 745 verbum
1046 712 1172 744 audio?

416 771 543 802 Munus
560 773 713 801 nostrum
727 768 848 799 ornato
865 766 992 807 verbis,
1013 765 1102 807 quod
1120 765 1270 807 poteris;
1294 769 1328 796 et
1344 764 1444 796 istum
1463 763 1630 795 aemulum

503 823 603 857 Quod
620 822 748 864 poteris
766 821 808 853 ab
825 830 867 853 ea
884 819 1015 862 pellito.

334 909 394 947 Ita
414 921 565 959 semper
584 908 623 946 in
644 907 782 946 ceteris
799 920 807 945 :
831 912 870 944 et
888 905 985 944 ratio
1000 912 1073 952 est,
1089 904 1195 955 quod
1216 903 1363 942 διποδία
1382 905 1556 955 τροχαϊκὴ
1576 901 1687 953 quasi
1706 914 1786 939 uno

334 987 446 1011 versu
467 973 739 1011 continuetur:

503 1055 799 1089 Communicatum
813 1052 964 1095 oportuit
979 1064 986 1082 :
1011 1051 1168 1084 miseram
1185 1061 1238 1083 me
1254 1051 1346 1093 quod
1362 1050 1502 1082 verbum
1517 1049 1639 1082 aridio?

335 1143 449 1181 Unde
468 1143 508 1180 in
529 1142 726 1181 trochaico
745 1139 877 1192 plenO,
907 1152 986 1190 quo
1012 1137 1161 1176 διποδία
1180 1142 1450 1176 consummata
1467 1141 1542 1183 est,
1573 1148 1596 1174 a
1615 1135 1786 1174 trochaeo

335 1206 470 1258 incipit
485 1220 494 1244 :

417 1292 525 1324 Proin
542 1294 578 1323 tu
595 1289 845 1323 solicitudinem
863 1289 962 1320 istam
979 1286 1112 1328 falsam,
1135 1297 1210 1328 quae
1229 1290 1264 1318 te
1280 1285 1469 1327 excruciat,
1488 1285 1618 1317 mittas.

504 1345 650 1378 Quicum
667 1345 816 1386 loquitur
832 1342 946 1374 filius?
1323 1365 1329 1371 .

417 1398 476 1431 'Et
491 1399 574 1430 illud
591 1409 647 1430 rus
657 1399 752 1429 nulla
766 1397 832 1428 alia
849 1406 953 1428 causa
969 1395 1039 1427 tam
1053 1396 1139 1426 male
1155 1394 1225 1435 odi,
1247 1393 1311 1426 nisi
1327 1393 1406 1435 quia
1420 1401 1526 1434 prope
1542 1394 1596 1424 est
1610 1403 1618 1422 :

504 1452 605 1486 Quod
623 1452 651 1483 si
667 1451 806 1483 abesset
817 1449 960 1491 longius.

336 1533 450 1571 Hanc
484 1533 556 1570 sibi
586 1532 715 1583 legem
745 1531 923 1576 fixerunt,
954 1528 1220 1567 sancientibus
1253 1541 1344 1566 aure
1380 1540 1426 1565 ac
1456 1525 1650 1577 rhythmo,
1678 1524 1789 1576 primi

334 1597 425 1635 artis
459 1596 707 1634 inventores:
738 1594 809 1633 sed
842 1595 882 1632 in
911 1593 986 1632 hac
1018 1599 1150 1631 tamen
1185 1597 1274 1630 ante
1309 1604 1381 1629 nos
1399 1590 1588 1628 editiones
1611 1594 1789 1640 peccant.

334 1660 437 1698 Illud
467 1672 581 1712 porro
613 1659 857 1701 notandum;
887 1659 925 1696 in
954 1656 1186 1696 tetrametris
1207 1656 1303 1695 solis
1324 1654 1430 1706 apud
1456 1653 1658 1700 Nostrum,
1690 1665 1792 1690 nun-

335 1738 451 1776 quam
470 1725 511 1762 in
531 1724 726 1769 trimetris,
754 1721 939 1761 clausulis
974 1721 1102 1759 locum
1133 1733 1233 1758 esse.
1290 1719 1428 1769 Neque
1461 1717 1500 1755 id
1520 1715 1790 1762 omittendum,

332 1791 405 1828 has
426 1796 466 1828 et
483 1788 651 1840 reliquas
673 1800 808 1826 omnes
829 1785 934 1837 apud
968 1786 1157 1823 Nostrum
1189 1783 1387 1823 clausulas
1421 1782 1460 1820 in
1490 1781 1634 1821 cretico
1663 1780 1790 1819 termi-

334 1854 442 1893 nari:
473 1852 603 1899 audio,
634 1851 782 1903 pellito,
808 1850 925 1897 filius,
946 1850 1124 1900 longius;
1156 1862 1235 1887 una
1256 1854 1407 1887 tantum
1427 1851 1604 1898 excepta,
1625 1845 1724 1884 Hec.
1748 1857 1789 1883 v.

339 1921 372 1956 l.
394 1932 482 1969 quae
501 1918 542 1955 in
562 1916 794 1968 spondaeum
815 1915 920 1953 exit:

421 2013 494 2046 Aut
507 2013 549 2045 ne
564 2013 646 2055 quid
663 2012 786 2044 faciam
805 2011 893 2051 plus,
916 2008 1006 2051 quod
1021 2011 1099 2049 post
1114 2017 1167 2039 me
1185 2006 1294 2038 minus
1311 2005 1434 2037 fecisse
1450 2003 1558 2036 satius
1573 2004 1628 2035 sit.

506 2066 710 2108 Aggrediar.
754 2063 911 2104 Bacchis,
935 2062 1042 2094 salve.

338 2153 384 2192 Id
403 2161 533 2192 tamen
547 2152 713 2204 judicio,
734 2164 812 2188 non
834 2163 943 2197 casu,
960 2162 983 2187 a
998 2149 1122 2187 Po'e‘ta
1140 2148 1286 2186 factum
1303 2160 1311 2183 :
1333 2145 1476 2196 quippe
1495 2149 1585 2194 post
1603 2142 1704 2181 hanc
1726 2155 1790 2181 so-

335 2219 414 2256 lam
433 2231 480 2256 ex
500 2217 679 2256 omnibus
697 2214 913 2254 clausulam
930 2226 953 2251 a
967 2213 1196 2251 tetrametris
1214 2209 1336 2262 plenis
1351 2210 1389 2247 in
1405 2207 1656 2246 catalecticos
1672 2219 1791 2245 scena

337 2283 487 2329 transit,
516 2282 581 2332 qui
602 2278 791 2331 spondaeo
809 2277 1018 2316 finiuntur:

507 2364 619 2405 Salve,
643 2364 768 2396 Lache.
815 2362 949 2404 Edepol
965 2360 1069 2393 credo
1086 2365 1121 2392 te
1137 2369 1204 2391 non
1220 2358 1267 2390 nil
1283 2357 1412 2398 mirari,
1428 2356 1585 2389 Bacchis·

455 2494 707 2532 LICENTIA
745 2491 1112 2537 TERENTIANA,
1151 2490 1262 2533 QUA
1302 2486 1600 2527 DEFLECTIT
1638 2485 1672 2522 A

815 2567 1027 2605 GRAECIS
1069 2565 1310 2604 COMICIS.

393 2644 454 2681 De
483 2643 641 2681 licentia
670 2649 843 2680 veterum
878 2643 1158 2687 Romanorum,
1193 2639 1429 2690 tragicorum
1461 2635 1788 2684 comicorumque,

340 2708 455 2759 paulo
485 2707 755 2745 inclementius
789 2707 959 2756 loquitur
990 2705 1192 2750 Horatius,
1223 2703 1316 2741 Arte
1336 2702 1446 2740 Po'et.
1466 2701 1556 2738 255.
1580 2698 1786 2744 lambiens,

338 2772 475 2827 inquit,
497 2784 644 2817 versus,
