1903 3306
300 211 384 254 468
795 225 832 255 P.
869 225 1110 256 TEREu'rn
1146 227 1264 257 ΛΕΜ

301 317 398 370 Ego
420 317 653 360 homuncio
673 319 758 361 hoc
779 332 868 361 non
888 320 1112 362 facerem?
1137 334 1219 375 ego
1240 320 1349 362 illud
1372 334 1473 362 vero
1495 321 1561 364 ita
1580 322 1683 374 feci,
1705 337 1760 367 ac
1806 350 1808 352 v

473 387 647 428 lubens.

300 453 421 495 Dum
442 454 541 495 haec
562 468 735 496 mecum
756 458 931 508 reputo,
953 456 1192 497 arcessitur
1213 456 1411 497 lavatum
1431 457 1599 499 interea
1615 459 1761 512 virgo:

300 521 356 570 It,
379 522 504 572 lavit,
523 522 657 564 redit:
683 522 842 563 deinde
863 536 961 563 eam
984 523 1030 563 in
1050 523 1218 564 lectum
1238 524 1327 565 illae
1348 524 1589 566 collocant.
1703 528 1762 568 45

299 590 378 631 Sto
400 596 662 645 expectans,
683 593 721 632 si
741 590 850 645 quid
872 592 976 632 mihi
994 592 1224 646 imperent.
1263 591 1401 634 Venit
1416 605 1528 635 una:
1550 593 1680 636 Heus
1698 598 1761 645 tu,

471 659 628 713 inquit,
651 659 788 709 Dore,

298 779 483 817 tremefhcz't.
529 779 566 811 Si
581 780 632 811 ille
647 780 713 810 hoec
719 780 815 819 fecit,
831 782 975 821 quomodo
991 790 1046 820 ego
1067 781 1265 813 homunculus
1289 792 1350 813 non
1373 784 1477 814 eadem
1493 783 1655 822 facerem?
1692 785 1763 825 Ego

298 832 367 853 vero
383 823 470 853 illum
485 823 519 854 in
534 824 588 855 hoc
603 827 633 854 et
648 823 778 855 libenter
793 824 934 855 imitatus
949 833 1025 855 sum.
1071 824 1159 855 Dum
1173 825 1238 855 hoec
1263 835 1320 864 ego
1335 827 1416 866 apud
1439 835 1486 856 me
1508 826 1621 866 cogito,
1637 831 1764 859 vocatur

297 865 386 905 virgo
402 867 442 896 ad
457 866 597 897 balneum
611 866 738 897 interim
747 877 758 904 ;
782 867 820 905 it,
843 867 934 905 lavit,
949 867 1049 898 redit:
1071 867 1182 898 deinde
1198 869 1283 898 illam
1297 869 1419 899 ancillae
1434 869 1467 900 in
1490 870 1566 900 lecto
1585 874 1762 910 posuerunt.

300 908 359 939 Sto
374 913 551 950 expectans,
576 910 604 941 si
620 910 698 950 quod
720 910 798 941 mihi
819 911 894 941 dent
915 910 1094 949 negotium.-
1125 911 1209 942 venit
1225 921 1287 942 una
1310 922 1350 943 ex
1364 911 1430 943 eis.-
1461 912 1553 944 Heus
1575 916 1624 950 tu,
1647 913 1762 955 inquit,

912 994 1050 1006 ‘W
1053 995 1128 1007 em
1131 995 1150 1007 e

298 1053 406 1079 muto.
461 1048 591 1080 Tamen
622 1048 699 1079 vide
731 1058 841 1081 annon
869 1050 1059 1091 elegantius
1090 1051 1140 1082 sic
1171 1051 1336 1090 dedisset,
1367 1054 1446 1083 nutu
1474 1051 1622 1085 concutit.
1657 1052 1763 1086 Bent.

302 1091 460 1122 Bentleio
484 1092 593 1132 magis
620 1092 736 1132 placet
761 1097 852 1124 nutu.
914 1094 984 1125 Sed
1010 1094 1132 1125 sonitus
1166 1095 1369 1135 capiendum
1403 1104 1465 1134 pro
1493 1095 1634 1127 tonitru.
1657 1096 1700 1126 R.
1717 1096 1764 1128 D.

298 1137 384 1165 —43
418 1135 513 1165 Pace
544 1134 758 1166 eruditorum
789 1136 948 1175 dixerim,
970 1135 1009 1167 τὸ
1042 1137 1090 1168 ita
1121 1137 1202 1168 mihi
1236 1137 1344 1168 videri
1369 1138 1478 1169 otiose
1507 1136 1682 1179 παρέλκειν,
1707 1147 1764 1169 ne-

298 1187 364 1219 que
403 1177 540 1213 habere,
565 1187 631 1219 quo
667 1177 851 1211 reseratur.
913 1180 1036 1222 Neque
1063 1180 1162 1212 aliter
1188 1180 1373 1212 ediderunt
1397 1179 1505 1212 Aldus
1530 1187 1566 1212 et
1588 1181 1765 1213 Heinsius.

300 1221 386 1252 Mss.
410 1221 556 1252 variant.
595 1221 692 1253 West.
751 1222 912 1253 Testatur
940 1223 982 1255 P.
1013 1223 1188 1255 Victorius
1220 1223 1262 1254 ad
1293 1224 1367 1255 Cic.
1404 1224 1500 1255 Fam.
1530 1233 1581 1256 1v.
1619 1227 1651 1255 7.
1695 1223 1766 1255 An-

299 1264 412 1304 gelum
436 1264 644 1295 Politianum
675 1274 718 1296 ex
749 1265 847 1297 Bem.
878 1265 1001 1307 legisse
1031 1266 1214 1299 homunicio.
1272 1266 1341 1298 Sed
1372 1270 1409 1298 et
1439 1267 1514 1307 ipse
1542 1266 1627 1308 legit
1650 1265 1697 1298 ibi
1721 1277 1764 1299 ex

297 1306 375 1338 cod.
408 1307 569 1338 Mediceo
597 1307 798 1340 homuniculi.
832 1308 885 1340 Id.
910 1309 944 1340 in
974 1309 1064 1342 Add.
1105 1309 1196 1341 Illud
1215 1309 1285 1348 feci
1317 1310 1470 1350 ineptum
1495 1315 1561 1350 est,
1591 1314 1630 1342 ut
1660 1314 1697 1342 et
1722 1311 1763 1343 Τ.

298 1350 410 1382 Faber
442 1350 538 1381 vidit.
594 1351 708 1382 Faber
730 1351 777 1382 ita
804 1350 950 1390 faciam.-
987 1352 1039 1383 vir
1055 1353 1224 1388 eruditus,
1253 1353 1300 1384 ita
1319 1352 1476 1391 fecerim:
1501 1358 1624 1385 neuter
1648 1357 1764 1385 tamen

299 1394 363 1424 alia
381 1393 434 1424 hic
448 1393 571 1424 menda
588 1394 814 1425 subodoratus
826 1400 892 1426 est.
938 1395 1025 1427 Illud
1046 1395 1094 1426 ita
1108 1395 1242 1434 fecerim
1254 1406 1264 1426 .-
1288 1396 1364 1428 Quo
1381 1405 1496 1436 quaeso
1521 1396 1675 1436 pertinet
1690 1396 1736 1427 ita
1748 1395 1766 1429 ζ’
1789 1416 1794 1420 ‹

300 1446 356 1476 an,
372 1441 410 1467 ut
436 1446 499 1478 per
513 1437 645 1477 tegulas
662 1436 828 1469 deflueret
843 1438 938 1470 Jovis
956 1440 1113 1479 exemplo
1129 1439 1141 1470 ?
1186 1438 1368 1479 Nimirum,
1386 1439 1441 1470 ubi
1467 1439 1611 1479 primum
1629 1439 1699 1478 feci
1729 1439 1763 1470 in

299 1484 433 1511 textum
463 1479 618 1521 irrepsit,
644 1480 693 1511 ita
715 1481 748 1511 in
777 1491 891 1512 versus
918 1481 1109 1513 subsidium
1135 1481 1361 1520 addiderunt3
1387 1481 1478 1522 quod
1501 1487 1612 1513 tamen
1636 1492 1659 1513 a
1686 1482 1765 1515 Pet.

301 1523 412 1555 abest.
459 1523 528 1554 Sex
557 1533 600 1554 ex
624 1524 749 1554 nostris
771 1523 911 1555 codices
939 1534 996 1564 ego
1015 1534 1086 1556 vero
1112 1525 1204 1564 illud,
1217 1534 1282 1556 non
1296 1524 1352 1565 ego
1372 1525 1450 1556 illud
1470 1535 1555 1556 vero.
1602 1525 1762 1566 Reponoz

302 1567 372 1605 Ego
395 1566 556 1597 homuncio
579 1566 634 1597 hoc
654 1576 714 1598 non
736 1565 902 1605 fecerim?
934 1577 990 1607 ego
1008 1577 1081 1599 vero
1101 1568 1179 1599 illud
1194 1567 1330 1606 fecerim
1355 1578 1391 1599 ac
1409 1568 1525 1599 lubens.
1546 1568 1649 1599 Bent.
1695 1567 1765 1600 Hic

300 1619 415 1640 versus
440 1614 493 1640 est
522 1609 699 1640 verissima
734 1610 885 1641 Bentleii
916 1610 1154 1642 emendatione
1185 1610 1363 1652 legendus.
1387 1611 1430 1643 R.
1461 1611 1506 1642 D.
1553 1610 1638 1652 Arg.
1668 1616 1765 1642 vetus

298 1653 382 1693 legit
398 1662 453 1691 ego
469 1652 589 1683 veroid
604 1652 651 1683 ita
665 1663 675 1689 ;
701 1653 790 1684 unde
808 1653 1023 1694 suspicamur
1038 1654 1071 1685 id
1094 1655 1141 1685 ita
1158 1658 1270 1686 ortum
1287 1663 1360 1685 esse
1376 1663 1419 1685 ex
1435 1654 1507 1684 illut
1522 1664 1533 1684 .·
1556 1653 1607 1685 sic
1637 1653 1766 1685 scribe—

305 1696 388 1727 bant
413 1695 546 1727 ‘illud.’
592 1695 737 1727 Vulneri
762 1697 851 1727 mala
877 1696 1022 1738 imponit
1048 1706 1137 1728 nova
1161 1697 1355 1729 Bentleius.
1409 1697 1482 1728 Nos
1512 1697 1597 1727 illud
1622 1697 1765 1734 facerem

299 1749 364 1769 non
389 1744 586 1769 tentamus:
612 1739 672 1769 sed
699 1740 835 1779 profeci
859 1749 895 1770 ac
921 1740 1064 1780 legimus
1081 1739 1204 1778 faxim.
1227 1741 1307 1780 Bip.
1336 1750 1412 1781 quae
1437 1739 1497 1770 dat
1519 1750 1574 1779 ego
1597 1749 1670 1771 vero
1685 1739 1765 1772 illud

291 1782 401 1821 faxim
425 1782 541 1814 lubens.
588 1781 658 1812 Dat
682 1782 827 1813 Botliins
854 1783 910 1813 hoc
937 1793 998 1814 non
1021 1782 1158 1823 faxim?
1180 1793 1237 1822 ego
1267 1784 1344 1814 illud
1369 1793 1442 1814 vero
1467 1783 1543 1814 item
1555 1782 1637 1822 feci,
1659 1792 1696 1813 ac
1718 1783 1765 1814 lu-

299 1825 381 1856 bens.
408 1826 472 1856 Ed.
489 1825 617 1866 Delph.
633 1835 689 1865 ego
705 1835 775 1856 vero
791 1825 953 1864 illudfeci.
1000 1827 1080 1857 Non
1104 1830 1215 1857 mutat
1231 1827 1323 1857 Perl.
1347 1826 1412 1856 nisi
1440 1825 1529 1866 quod
1557 1824 1617 1856 dat
1632 1824 1767 1863 fecerim

298 1878 362 1909 pro
376 1867 542 1906 facerem;
566 1873 682 1900 monet
705 1868 823 1900 Guelf.
843 1872 872 1900 1.
899 1872 930 1900 3.
960 1869 1079 1910 legere
1098 1868 1251 1908 facerem,
1276 1874 1312 1900 et
1333 1871 1365 1900 2.
1391 1868 1575 1900 Νικὼ-44
1600 1868 1726 1899 Interea
1740 1869 1767 1899 it

299 1910 417 1949 Guelf.
436 1914 466 1942 l.
511 1911 693 1942 Accersitur
715 1912 775 1942 Br.
797 1913 986 1943 ssent.—45
1015 1912 1151 1951 Deinde,
1173 1914 1226 1953 ᾂσ.
1254 1912 1302 1943 ita
1329 1912 1420 1943 edidi
1436 1912 1478 1942 ob
1495 1915 1653 1951 metrum,
1669 1920 1767 1942 acce-

300 1954 404 1985 dente
429 1955 637 1986 auctoritate
661 1955 802 1994 Donati,
819 1959 855 1986 et
878 1954 1090 1996 quorundam
1114 1956 1199 1986 Mss.
1223 1960 1261 1986 et
1290 1954 1363 1986 ΕΡ.
1411 1955 1613 1994 Quanquam
1629 1953 1713 1984 mira
1730 1953 1765 1984 in

298 1998 350 2028 his
368 1997 480 2028 verbis
506 1997 654 2029 varietas
679 1998 871 2029 Librorum.
917 1999 1005 2029 Sunt
1019 1999 1075 2039 qui
1098 1998 1130 2029 in
1155 1998 1233 2029 lecto
1249 1998 1398 2036 liabent3
1423 2002 1502 2028 sunt
1530 1997 1624 2036 item,
1652 1997 1709 2038 qui
1732 1996 1767 2027 in

297 2041 418 2071 lectulo.
465 2040 506 2071 In
523 2040 725 2082 quibusdam
754 2045 807 2072 est
834 2042 1034 2072 collocarunt.
1058 2042 1166 2072 West.
1213 2040 1372 2073 Gifanius
1396 2041 1429 2071 in
1458 2039 1535 2071 Ind.
1573 2041 1710 2071 Lucret.
1734 2049 1766 2070 v.

299 2084 352 2121 In,
371 2088 487 2115 tuetur
511 2084 544 2114 in
564 2084 641 2115 lecto
666 2085 826 2116 collocant.
873 2085 919 2115 Et
936 2085 968 2115 in
987 2084 1031 2116 G.
1058 2090 1095 2115 et
1120 2085 1190 2115 ET.
1214 2089 1266 2115 est
1297 2084 1420 2114 Deinde
1447 2092 1515 2114 eom
1540 2082 1574 2114 in
1601 2083 1679 2114 lecto
1699 2082 1766 2113 illae

299 2129 460 2158 collocant.
505 2127 602 2158 Id.in
621 2126 709 2159 Add.
737 2127 783 2159 Ο.
802 2128 824 2158 l.
842 2137 867 2157 s.
884 2132 921 2159 et
943 2128 1007 2158 Do.
1027 2137 1088 2167 pro
1103 2127 1203 2166 illam,
1218 2137 1285 2158 eam
1306 2127 1454 2158 habent:
1479 2125 1558 2156 libri
1576 2135 1656 2157 vero
1678 2125 1766 2156 anti-

299 2172 357 2210 qui
376 2180 491 2200 omnes
505 2168 591 2207 fere,
608 2175 644 2201 et
661 2180 735 2201 cum
754 2170 794 2200 iis
812 2171 876 2201 Do.
893 2171 1091 2202 collocarunt.
1140 2171 1225 2201 Sunt
1249 2175 1285 2201 et
1308 2170 1436 2211 aliquot
1460 2169 1550 2208 libri,
1567 2169 1658 2200 inter
1681 2177 1764 2210 quos

299 2214 341 2243 V.
361 2218 395 2244 et
415 2213 482 2243 duo
499 2213 556 2244 alii
573 2213 719 2253 antiqui,
735 2214 791 2254 qui
809 2214 842 2244 in
868 2215 980 2244 lectum
1003 2213 1144 2249 habent,
1160 2218 1195 2244 et
1222 2223 1297 2243 cum
1323 2213 1363 2243 iis
1386 2213 1561 2250 Donatus;
1587 2212 1685 2243 Bem.
1705 2220 1765 2251 pro

299 2256 377 2286 lecto
400 2256 475 2296 illoe,
493 2257 602 2287 lectulo
619 2256 741 2288 habet:
760 2266 825 2297 quo
844 2261 959 2287 tamen
978 2256 1078 2288 modo
1094 2266 1160 2287 non
1179 2261 1294 2296 potest
1312 2265 1427 2286 versus
1446 2254 1646 2296 procedere.
1693 2253 1766 2286 Nos

299 2299 453 2330 omnibus
470 2299 696 2331 consideratis
721 2310 832 2340 neque
860 2299 893 2330 in
919 2300 1008 2338 lecto,
1035 2308 1145 2340 neque
1172 2299 1347 2337 intectum,
1370 2298 1428 2329 sed
1456 2298 1489 2329 in
1515 2298 1609 2338 lectu,
1625 2297 1766 2338 antiqua

300 2342 529 2373 declinatione
543 2343 611 2382 legi
626 2352 725 2381 posse
743 2343 960 2374 arbitramur.
1004 2343 1132 2373 Tamen
1149 2343 1302 2382 legemus
1318 2342 1353 2372 in
1364 2343 1489 2381 lectum,
1507 2350 1548 2371 ne
1566 2341 1609 2371 ab
1623 2341 1767 2380 antiqua

299 2385 446 2416 lectione
464 2385 679 2417 discedamus
693 2397 700 2416 ;
727 2386 773 2425 It,
789 2386 880 2426 lavit,
896 2386 993 2425 redit,
1008 2386 1118 2416 deinde
1142 2395 1210 2416 eam
1231 2385 1264 2416 in
1280 2386 1392 2416 lectum
1405 2384 1471 2415 illoe
1485 2384 1681 2415 collocarunt.
1706 2383 1769 2414 Fa.

300 2427 412 2459 Recte
437 2428 534 2459 haec:
567 2429 628 2459 nisi
655 2429 743 2474 quod
773 2438 907 2460 versum
934 2429 1022 2460 male
1050 2428 1221 2469 disponat,
1246 2432 1388 2459 notante
1416 2428 1520 2458 etiam
1538 2427 1610 2458 viro
1638 2426 1763 2474 docto-e

298 2471 388 2510 virgo
408 2482 417 2502 .-
436 2472 473 2510 it,
492 2471 600 2510 Lavit,
616 2472 711 2511 redit,
725 2471 834 2503 deinde
857 2481 933 2502 eam.
984 2473 1085 2510 Lege,
1103 2476 1141 2502 ut
1164 2470 1270 2502 nostri
1285 2471 1342 2512 qui
1360 2471 1566 2501 vetustiores
1583 2472 1661 2500 sunt
1682 2478 1766 2500 scri—

300 2514 398 2553 bunt,
412 2515 470 2553 Iit,
486 2524 552 2545 una
570 2520 683 2545 tamen
697 2515 827 2555 syllaba
841 2525 849 2546 z
871 2515 931 2555 Iit,
949 2515 1039 2552 lavit,
1051 2514 1169 2551 re‹liit;
1185 2514 1293 2546 deiude
1306 2524 1373 2545 eam
1388 2513 1423 2544 in
1437 2514 1548 2544 lectum
1563 2513 1628 2543 illoe
1639 2512 1765 2543 colloca-

299 2560 386 2588 runt.
411 2557 513 2588 Bent.
559 2558 617 2598 Iit,
633 2558 712 2589 lavit
737 2557 779 2588 R.
803 2558 899 2589 Lind.
945 2559 1026 2589 Eam
1041 2558 1159 2588 melius
1181 2567 1282 2598 quam
1308 2557 1406 2588 illam.
1432 2556 1511 2596 Bip.
1556 2555 1603 2586 Iit
1619 2560 1655 2586 et
1670 2554 1765 2585 rediit

302 2600 360 2630 ΒΓ.
382 2601 484 2631 Both.
508 2601 565 2642 qui
579 2601 638 2632 dat
653 2601 686 2631 in
702 2602 813 2632 lectum
829 2611 906 2632 eam.
953 2602 1154 2633 Collocarunt
1172 2600 1211 2631 Z.
1233 2600 1311 2641 Bip.
1336 2600 1526 2630 Rutu—46
1549 2598 1698 2638 Spectans
1713 2597 1762 2628 M.

964 2669 1110 2703 NOTAE

343 2737 383 2766 45
411 2735 448 2766 In
464 2736 576 2766 lectum
591 2735 755 2775 collocant]
779 2734 809 2766 A
822 2735 953 2767 balneis
969 2736 1004 2767 in
1060 2745 1096 2767 se
1114 2734 1297 2767 reticerent
1314 2744 1334 2766 a
1348 2733 1596 2766 lassitudineet
1607 2732 1744 2765 sudore.

301 2787 428 2819 lectum
466 2796 502 2817 se
536 2787 690 2827 recipere
721 2786 823 2817 moris
850 2792 936 2827 erat,
967 2791 1006 2818 ut
