1903 3306
361 224 445 268 186
517 236 692 268 JoAcH.
724 235 1050 269 cAMERARms
1084 238 1148 268 DE
1181 235 1378 269 comcrs
1412 236 1670 271 vnsssrnus.

617 331 714 369 ’Έως
733 332 751 368 ὁ
772 331 874 370 ταῦθ’
894 334 1076 382 ὥρμαινετ

360 392 430 431 Ἰλ.
451 394 496 431 α’.
517 406 605 431 cum
625 394 675 431 sit
701 395 845 444 primus
868 408 935 444 pes
969 393 1220 446 ἀμφίβραχυς,
1249 393 1397 432 alienus
1428 397 1597 436 carmine
1627 397 1808 437 heroico:

360 458 602 505 θεραπεύεται
620 458 660 496 τὸ
678 462 813 508 μέτρον
826 459 1032 503 συιίἓὴσει,
1055 457 1269 496 secundum
1283 458 1464 497 Eustath.
1487 460 1548 497 Ὠς
1566 461 1599 507 ὁ,
1620 460 1810 511 producta

359 520 511 571 syllaba
531 522 562 559 ὁ.
596 521 796 571 Aristoph.
818 523 900 570 Εῑρ.

519 594 571 631 Οἱ
592 596 749 643 γεωργοὶ
769 592 933 643 τοῦργον
952 595 1139 640 ἐξέλκουσι
1153 596 1288 633 κᾶλλος
1306 594 1435 634 οὐδείς.

360 679 410 716 Οἱ
431 694 569 727 γεωργ.
592 677 810 729 spondaeus
832 680 1038 723 συνιὲἡσει.
1094 679 1163 717 Ἰλ.
1184 680 1224 727 ξ.

619 741 757 779 ἸΩκεον
778 741 809 779 δ’
829 743 870 779 έν
889 741 1097 793 Πλευρῶνι.

358 804 555 843 Hesiodus
572 818 580 842 :

622 869 762 906 Νείκεα
782 871 841 907 καὶ
861 868 963 919 δῆριν
981 871 1169 922 ὀφέλλειν.

354 929 424 968 Ἰλ.
444 937 571 968 autem
594 933 648 970 ω’.
669 933 707 969 in
728 932 826 970 hoc:

513 994 708 1045 Χωόμενος
728 995 757 1048 ᾧ
775 1013 844 1034 τινι
864 995 957 1041 ὅὴτω
977 995 1162 1049 ἀδελφεὸν
1183 997 1336 1035 ἔκτανεν
1348 996 1501 1046 “Em-top,

353 1063 415 1095 est
431 1059 638 1104 συνίὲησις.

353 1122 398 1158 In
419 1121 493 1159 hoc
513 1135 603 1159 vero
623 1122 688 1159 Ἰλ.
710 1123 755 1159 θ’.

511 1185 603 1223 Ἠὼς
620 1187 691 1236 μὲν
708 1188 950 1236 κροκόπεπλος
972 1185 1139 1225 ἐκίδνατο
1159 1191 1289 1225 πᾶσαν
1309 1187 1364 1224 ἐπ’
1382 1184 1484 1224 αἶαν.

353 1248 404 1286 Et
422 1248 510 1296 hoc,
531 1249 601 1286 Ἰλ.
619 1248 672 1296 β’.

616 1311 916 1364 Πολυστᾶφυλόν
935 1312 968 1350 θ’
985 1313 1185 1351 Ἰστιαῒαν.

352 1375 402 1412 Et
420 1375 511 1421 hoc,
532 1374 601 1412 Ἰλ.
622 1376 664 1413 ε’.

501 1439 615 1477 ”Οστ’
633 1436 706 1477 ὦκα
725 1441 820 1487 ῥέων
838 1439 1018 1478 ἐκέδασσε
1038 1444 1208 1493 γεφυράς.

352 1501 403 1539 Et
422 1502 538 1553 paulo
560 1509 672 1540 ante:

606 1569 680 1607 “Os
699 1570 748 1619 ῥα
767 1567 997 1618 Καμᾶνδρου

508 1632 668 1682 Ἀρητὴρ
689 1634 868 1671 ἐτέτυκτο.

353 1697 403 1734 Et
421 1696 509 1743 hoe,
539 1695 607 1733 Ἰλ.
628 1696 674 1742 η’.

506 1759 579 1798 Σὸν
598 1759 698 1805 ὃὴτοι
718 1762 821 1797 κλέος
840 1761 947 1798 ἔσται
966 1758 1054 1797 ὅσον
1076 1758 1305 1799 ἐπικίδναται
1324 1763 1406 1806 ἠώς.

352 1824 404 1861 Et
423 1824 510 1870 hoc,
530 1822 612 1861 Ὀδ.
633 1824 672 1861 ε’.

614 1888 751 1934 Κλῢθι,
773 1888 878 1934 ἄναξ,
899 1887 998 1925 ὅστις
1016 1888 1111 1924 ἐσσί.

353 1951 403 1988 Et
420 1951 506 1996 hoc,
534 1949 616 1988 Ὀδ.
637 1950 683 1987 λ’.

507 2013 585 2050 Καί
604 2012 637 2064 ῥ’
656 2014 770 2064 ἔσχεν
790 2011 855 2050 δύο
875 2011 1022 2059 παῖδας,
1044 2012 1234 2063 Ἀμφίονά
1253 2029 1292 2050 τε
1310 2012 1435 2058 Ζῆθόν
1452 2029 1504 2052 τε.

349 2114 496 2153 Παῖδας
525 2117 616 2166 ἀμφ·
648 2114 859 2165 spondaeus
894 2114 1135 2165 liquescente
1176 2114 1287 2152 litera
1319 2131 1354 2160 σ,
1385 2121 1428 2152 ut
1461 2114 1499 2151 in
1535 2115 1796 2166 superioribus

347 2179 523 2216 versibus
545 2178 722 2216 omnibus
742 2178 872 2216 cursui
890 2178 975 2217 haec
990 2191 1237 2216 numerorum
1257 2179 1442 2224 obstaret,
1455 2178 1528 2215 nisi
1542 2187 1799 2218 removeretur

349 2241 676 2294 pronuntiatione.

401 2306 502 2343 Nam
523 2306 554 2343 si
573 2305 745 2344 versibus
767 2304 905 2355 aliquis
940 2303 1087 2342 alienos
1122 2302 1257 2354 pedeS,
1290 2303 1356 2353 qui
1388 2309 1481 2340 sunt
1506 2302 1796 2354 proceleusma-

347 2370 460 2417 ticus,
481 2375 519 2407 et
538 2369 701 2407 creticus
723 2381 792 2406 seu
812 2370 1054 2420 ἀμφίμακρος,
1075 2374 1142 2406 aut
1158 2367 1290 2405 nescio
1310 2379 1407 2417 quos
1422 2366 1519 2404 alios
1540 2367 1687 2413 inserit,
1707 2381 1796 2407 cum

346 2440 499 2471 constet
516 2433 658 2471 heroici
690 2432 869 2471 carminis
890 2433 1065 2483 proprios
1099 2431 1218 2483 pedes
1253 2443 1354 2476 esse,
1385 2430 1584 2481 dactylum
1615 2443 1660 2468 ae
1681 2444 1799 2481 spon-

347 2497 503 2534 daeum:
533 2496 699 2542 iambici,
729 2496 912 2540 iambum,
942 2496 1172 2547 spondaeum
1207 2502 1246 2533 et
1275 2494 1464 2545 spondaeo
1491 2493 1686 2545 aequales:
1717 2501 1794 2533 tro-

346 2560 482 2606 chaici,
501 2559 713 2597 trochaeum
745 2566 784 2596 et
818 2559 1048 2611 spondaeum
1088 2566 1127 2598 et
1156 2558 1246 2597 huic
1282 2557 1468 2608 aequaleS,
1501 2565 1540 2594 et
1569 2557 1666 2595 alios
1695 2558 1792 2597 alius

347 2622 497 2674 generis
515 2636 523 2660 τ
554 2622 658 2660 illum
679 2622 808 2672 igitur,
828 2624 894 2674 qui
924 2623 1112 2663 admiscet
1139 2623 1302 2669 alienos,
1324 2633 1402 2659 non
1423 2620 1657 2659 audiendum
1678 2628 1793 2672 puta-

346 2700 445 2732 mus,
464 2692 772 2736 corrumpentem
791 2686 971 2724 carminis
1000 2687 1151 2734 modos,
1181 2693 1220 2725 et
1239 2697 1483 2723 numerorum
1502 2683 1689 2721 rationem
1710 2684 1791 2723 dis-

347 2750 572 2789 solventem.
631 2747 709 2785 Sed
739 2749 1004 2799 pronuntiatio
1040 2750 1126 2789 haec
1159 2748 1288 2787 omnia
1325 2746 1522 2798 quondam
1555 2747 1664 2786 nullo
1702 2760 1789 2787 cum
