1945 3296
324 234 354 263 A
387 233 641 264 TERENTIO
677 234 865 264 LATINE
902 234 1306 267 iN'rERPRETA'rA0
1467 227 1550 268 109

95 326 260 374 Graecis,
279 326 419 378 partim
438 327 620 378 quaedam
635 328 804 366 Terentii
826 327 944 366 editio
965 341 988 366 a
1010 329 1181 367 Martino
1200 330 1442 370 Hainneccio
1463 346 1551 383 pro-

94 398 241 439 curata,
268 391 409 442 partim
428 391 656 430 Doctiorum
677 391 715 428 in
736 392 958 430 Terentium
979 393 1281 431 Commentaria.

552 520 752 559 ANDmA.
807 522 896 560 Act.
921 535 950 560 ι.
981 522 1044 561 Sc.
1068 536 1100 560 1.

95 621 105 638 ‘
128 616 220 655 Feci
240 629 261 654 e
282 629 393 655 servo
412 621 457 654 ut
481 629 589 655 esses
621 617 784 656 libertus
814 617 935 656 mihi!
990 618 1136 656 Versus
1172 619 1381 660 Menandri
1414 623 1553 675 legitur

148 679 265 719 etiam
282 680 322 717 in
343 680 527 718 Elenehis
545 694 555 719 ε

93 744 194 793 Ἐγὼ
215 760 257 782 σε
276 742 412 782 δοῦλον
431 744 507 782 ὅντ’
523 746 616 791 ἔθηκ’
636 745 844 793 ἐλεύθερον.

96 807 181 858 Ego
200 815 253 854 te,
273 821 362 846 cum
381 821 515 847 servus
535 822 659 855 esses,
677 809 839 847 liberum
859 809 946 848 feci.

97 875 107 891 ‘
128 870 237 909 Mala
254 884 379 919 mens,
406 872 531 910 malus
548 872 728 910 animus.’
770 872 937 911 Videtur
956 873 1161 913 Terentius
1182 875 1361 916 allusisse
1382 877 1431 916 ad
1453 879 1551 918 illud

150 935 360 973 Menandri
378 948 388 973 :

96 998 247 1048 Γνώμης
267 1002 340 1050 ’γὰρ
361 1001 504 1045 ἐσθλῆς,
525 1000 618 1049 ἔργα
637 1002 781 1051 χρηστά
803 1004 993 1049 γίγνεται.

98 1062 220 1101 Bonae
241 1062 396 1110 mentis,
423 1063 528 1101 bona
548 1070 640 1101 sunt
661 1076 795 1114 opera.

665 1172 754 1209 Aet.
778 1184 809 1210 1.
847 1171 910 1210 Se.
936 1184 986 1209 11.

98 1247 108 1264 ‘
130 1241 239 1280 Nihil
258 1256 319 1282 me
338 1243 466 1283 fallis:
495 1244 701 1284 Menandri
723 1246 828 1298 apud
850 1246 1072 1285 Donatum:

98 1306 183 1344 Νῦν
200 1305 240 1344 δὲ
257 1306 367 1345 οὐδὲν
386 1310 547 1355 λέληθᾶς
565 1325 612 1359 με
633 1310 695 1348 ἄν.

98 1369 239 1421 Neque
258 1379 301 1410 tu
320 1385 425 1411 nunc
446 1386 506 1412 me
526 1373 626 1412 clam
647 1387 703 1413 es.

659 1485 748 1523 Aet.
771 1496 821 1522 11.
854 1485 917 1522 Sc.
941 1498 991 1523 11.

99 1568 109 1584 ‘
131 1563 250 1602 Olera
269 1571 308 1604 et
325 1565 561 1616 pisciculos.'
591 1567 800 1605 Menandri
820 1569 937 1606 verba
956 1582 977 1607 e
996 1568 1197 1608 Perinthia
1216 1570 1292 1609 huc
1309 1574 1554 1623 pertinentia,

150 1641 240 1678 quae
259 1630 308 1667 ab
324 1630 515 1668 Athenaeo
536 1631 562 1670 l.
585 1644 667 1669 vn.
690 1632 1014 1683 Deipnosophist.
1036 1634 1278 1672 referuntur:

97 1692 152 1730 Τὸ
170 1692 320 1732 παιδίον
339 1694 370 1732 δ’
389 1697 564 1740 εἰσῆλθεν
585 1697 740 1745 ἑψητοὺς
756 1700 881 1748 φέρον.

100 1755 262 1795 Intravit
281 1770 378 1809 puer
396 1758 566 1797 minutos
586 1759 797 1809 pisciculos
819 1760 962 1798 ferens.

645 1867 733 1905 Act.
758 1880 832 1905 111.
872 1867 937 1906 Sc.
962 1881 1012 1907 11.

100 1951 111 1970 ‘
133 1946 250 1986 Nune
268 1947 432 1999 primum
451 1949 514 1987 fae
533 1949 672 1990 isthaec
692 1958 736 1990 ut
753 1951 883 1990 lavet!
931 1953 1149 1992 Menander
1165 1969 1172 1992 :

101 2010 279 2050 Λοΰσατε
298 2014 414 2059 αὐτὴν
433 2015 607 2065 τάχιστα.

102 2074 248 2114 Lavate
266 2075 373 2115 illam
394 2083 582 2116 actutum.

640 2175 728 2211 Act.
750 2187 823 2212 111.
861 2175 925 2213 Se.
948 2188 1019 2215 111.

101 2255 112 2272 ⁴
131 2249 356 2288 Amantium
375 2250 471 2289 irae.'
514 2251 716 2304 Expressit
736 2254 938 2293 Terentius
959 2255 1054 2295 illud
1081 2257 1303 2307 Menandri,
1335 2266 1374 2298 et
1393 2262 1561 2312 explicat

155 2315 350 2353 Victorius
371 2315 464 2354 Var.
486 2316 592 2355 Lect.
616 2317 643 2355 l.
673 2330 732 2354 ιν.
755 2331 790 2356 c.
814 2332 910 2358 xrv⁸

101 2377 219 2428 Ὀργὴ
239 2382 445 2430 φιλούντων
465 2380 599 2428 ὀλίγον
620 2382 743 2433 ἰσχύει
764 2385 917 2433 χρόνον.

106 2442 328 2480 Amantium
347 2442 415 2481 irae
437 2443 578 2494 exiguo
599 2443 745 2482 durant
764 2452 949 2496 tempore.

646 2539 734 2577 Aet.
760 2552 821 2577 ιν.
865 2541 930 2579 Sc.
954 2554 1016 2579 ιν.

105 2615 115 2631 ‘
135 2610 278 2649 Mirum
295 2625 400 2659 vero,
421 2611 667 2664 impudenter
687 2614 827 2653 mulier
842 2618 876 2653 si
896 2616 991 2655 facit
1009 2618 1213 2658 meretrix.’
1260 2618 1477 2657 Menander
1497 2634 1505 2657 z

106 2673 211 2712 Οὒδὲ
228 2677 311 2713 ποθ’
335 2676 462 2726 ἑταίρα
481 2682 543 2715 τοῦ
564 2680 679 2715 καλοῦ
696 2683 923 2729 πεφρόντικε.

106 2737 290 2778 Meretrix
309 2739 496 2791 pudorem
517 2739 630 2791 pensi
649 2754 847 2793 nunquam
868 2742 996 2782 habet.
