1903 3306
514 247 576 275 DE
610 246 793 276 METRIS
824 247 1181 278 TERENTIANIS.
1485 241 1539 281 ‘24

1542 244 1570 283 vt

291 382 365 420 DE
385 380 583 419 METRIS
605 380 661 417 IN
683 379 887 418 LINGUA
908 380 1123 418 NOSTRA
1145 380 1396 419 USITATIS.

181 467 384 503 Enimvero
403 478 472 516 par
491 472 530 503 et
549 478 701 515 aequum
733 471 806 511 est,
838 472 880 502 ut
909 465 1073 503 eandem
1105 465 1256 503 veniam
1288 467 1477 505 veteribus
1501 468 1572 505 La·

126 531 215 569 tinis
237 530 386 575 demus,
419 542 535 580 quam
562 528 758 566 hodiernis
788 529 852 579 qui
874 529 1038 579 Anglice
1060 530 1231 568 scribunt
1250 531 1372 581 po'e'tis
1392 531 1572 569 concedi-

126 608 212 632 mus
230 608 239 633 :
271 607 432 645 quorum
451 605 564 630 nemo
585 598 657 638 est,
678 593 738 629 cui
759 606 836 630 non
858 593 1120 644 indulgemus,
1139 600 1182 631 ut
1202 593 1358 642 syllabis
1378 595 1571 632 interdum

125 658 253 709 longis
286 664 420 695 contra
448 656 618 694 indolem
657 656 823 707 rhythmi
857 658 943 694 loco
976 658 1149 695 brevium
1183 665 1325 696 utatur.
1384 659 1498 704 Nam,
1529 666 1572 696 ut

128 722 252 760 Latini
272 721 399 760 omnia
419 728 624 758 metrorum
648 733 789 770 genera
802 722 849 758 de
870 721 1020 759 Graeeis
1041 728 1287 772 acceperunt,
1306 723 1358 760 ita
1378 729 1570 760 nostrates

126 799 197 823 sua
229 785 276 824 de
297 785 457 823 Latinis.
514 785 603 828 Quo
636 784 758 834 magis
790 792 850 822 est
883 785 1094 823 dolendum
1128 793 1244 836 atque
1277 786 1571 836 indignandum,

119 849 202 900 jam
231 862 253 886 a
273 849 391 886 literis
419 849 562 886 renatis
590 861 729 899 pueros
764 849 952 899 ingenuos
985 849 1035 887 ad
1069 849 1275 900 dactylica,
1308 849 1412 900 quod
1447 863 1571 900 genus

124 913 249 964 patria
267 912 402 963 lingua
431 926 509 950 non
538 912 686 963 recipit,
718 912 941 960 ediscenda,
974 914 1097 952 ferula
1116 914 1339 965 scuticaque
1357 914 1471 964 cogi:
1500 914 1573 952 Te-

124 976 300 1014 rentiana
317 989 406 1014 vero
425 981 559 1022 metra,
589 989 676 1026 quae
713 975 815 1013 domi
847 984 977 1014 tamen
1007 984 1046 1015 et
1074 978 1113 1014 in
1132 978 1253 1016 triviis
1273 978 1481 1016 inscientes
1498 978 1571 1028 ipsi

124 1039 328 1085 cantitant,
357 1039 630 1090 magistrorum
664 1039 781 1089 culpa
814 1041 969 1090 penitus
1002 1041 1193 1092 ignorare.
1250 1043 1484 1081 Trochaicus
1516 1050 1573 1081 te·

123 1110 328 1141 trametrus
349 1103 612 1150 catalecticus,
629 1109 672 1141 ut
691 1104 883 1152 Terentio,
904 1106 958 1143 ita
977 1106 1214 1145 nostratibus
1233 1107 1571 1158 frequentissimus

122 1173 208 1205 est:

206 1244 292 1286 ‘Ego
307 1246 363 1277 ille
379 1247 532 1287 agrestis,
553 1246 558 1288 Ι
579 1246 710 1287 saevus,
735 1248 855 1289 tristis,
875 1247 880 1290 Ι
901 1249 1033 1291 parem,
1057 1250 1212 1282 truculen
1232 1249 1237 1291 Ι
1258 1250 1324 1290 tus,
1347 1254 1461 1282 tenax.

208 1298 338 1340 Happy
356 1299 382 1330 is
398 1300 454 1330 the
474 1300 480 1342 Ι
500 1301 643 1341 country
659 1300 718 1332 life
736 1302 824 1334 blest
843 1302 849 1344 Ι
870 1303 950 1334 with
967 1309 1110 1335 content
1127 1304 1212 1344 good
1234 1303 1239 1346 Ι
1258 1304 1373 1336 health
1389 1304 1442 1335 an‘
1459 1314 1548 1336 ease.

124 1372 201 1416 Qui
220 1373 455 1420 trochaicus,
475 1375 588 1411 unius
620 1373 780 1425 syllabae
816 1375 1054 1422 accessione,
1083 1376 1150 1414 fiet
1178 1376 1364 1414 iambicus
1392 1383 1571 1416 tetrame-

119 1444 200 1475 trus
221 1436 358 1487 plenus
375 1450 384 1475 ε

120 1518 244 1550 Thrice
257 1518 372 1559 happy
388 1517 415 1548 is
435 1516 440 1559 1
461 1518 518 1549 the
534 1518 678 1559 country
693 1517 752 1550 life
772 1517 777 1560 Ι
797 1518 885 1550 blest
897 1519 978 1551 with
995 1524 1134 1553 content
1153 1520 1158 1562 Ι
1179 1521 1267 1562 good
1282 1521 1397 1553 health
1413 1522 1467 1553 an’
1482 1532 1571 1554 ease.

125 1600 228 1644 Quin
248 1606 286 1638 et
304 1599 491 1638 iambicus
513 1600 577 1637 ille
598 1602 868 1648 καταληκτικὸς,
888 1602 1068 1640 Terentio
1082 1603 1244 1641 multum
1258 1609 1297 1641 et
1315 1604 1449 1642 merito
1470 1618 1572 1642 ama·

122 1670 200 1710 tus,
221 1663 325 1714 apud
345 1669 500 1702 nostros
520 1677 674 1715 quoque
694 1664 732 1702 in
754 1678 896 1716 magna
917 1666 1041 1717 gratia
1061 1673 1144 1710 est:

163 1749 252 1781 Nam
269 1748 297 1780 si
313 1749 414 1781 remit
441 1747 446 1790 Ι
467 1753 541 1780 tent
558 1748 731 1790 quippiam
906 1750 912 1793 Ι
932 1751 1166 1783 Philumenam
1296 1750 1303 1792 Ι
1323 1751 1469 1784 dol6res.

162 1802 199 1833 Is
221 1802 378 1844 decently
440 1801 447 1844 Ι
467 1812 526 1834 run
543 1803 686 1844 through
698 1803 754 1834 the
766 1804 885 1845 lungs:
906 1803 912 1846 Ι
932 1804 1009 1836 And
1024 1804 1149 1836 there's
1160 1815 1201 1836 an
1210 1805 1276 1836 end
1298 1805 1302 1847 Ι
1323 1806 1354 1837 o'
1372 1807 1484 1847 Bully.

124 1878 261 1929 Neque
281 1890 370 1916 vero
389 1877 626 1915 bacchiacus
646 1878 815 1917 Terentii
837 1879 979 1917 nostris
1000 1880 1170 1918 intactus
1191 1888 1250 1918 est
1268 1894 1277 1918 z

205 1950 326 1983 Adhuc
341 1951 390 1982 Ar
409 1950 415 1993 Ι
434 1951 543 1992 chylis
559 1962 635 1994 quae
651 1963 688 1984 as
708 1951 713 1994 Ι
734 1953 843 1985 solent
858 1964 1002 1996 qnaeque
1023 1954 1028 1997 Ι
1048 1955 1197 1996 oportet.

205 2005 334 2046 Alljoy
353 2010 386 2036 to
405 2004 411 2047 Ι
431 2010 529 2045 great
547 2005 673 2037 Caesar
692 2006 696 2048 Ι
717 2007 797 2048 long
810 2007 882 2048 life,
896 2009 970 2040 love
991 2008 995 2051 Ι
1017 2008 1081 2040 and
1100 2009 1265 2050 pleasure.

123 2081 317 2120 Creticum
337 2080 420 2132 ejus
442 2095 596 2133 quoque
616 2082 751 2134 lingua
772 2090 904 2122 nostra
925 2084 1106 2122 facillime
1126 2083 1317 2127 admittit;

204 2166 318 2197 Tanta
335 2176 375 2197 ve
461 2165 466 2207 Ι
487 2166 603 2197 cordia
618 2167 651 2198 in
729 2166 734 2208 Ι
755 2168 835 2199 nata
850 2167 904 2198 cui
1094 2167 1099 2208 Ι
1121 2178 1219 2209 quam
1238 2169 1274 2199 ut
1291 2168 1365 2200 siet.

202 2219 246 2250 Ὀ
265 2220 322 2251 the
335 2225 441 2252 sweet
461 2219 466 2262 Ι
486 2221 632 2261 country
648 2220 706 2251 life
726 2220 731 2262 Ι
751 2221 841 2253 blest
855 2221 938 2253 with
954 2222 1068 2253 health
1089 2222 1094 2264 Ι
1114 2222 1219 2263 peace
1237 2222 1290 2254 an'
1309 2232 1398 2253 ease.

122 2294 301 2345 Denique
322 2300 361 2332 et
380 2293 476 2331 illud
499 2302 675 2341 metrum,
698 2295 803 2345 quod
823 2295 859 2332 in
892 2296 1012 2347 epicis
1038 2303 1077 2334 et
1096 2297 1260 2336 heroicis
1276 2298 1356 2348 jam
1378 2298 1442 2335 (liu
1465 2298 1569 2347 apud

120 2364 314 2396 nostrates
344 2370 505 2409 regnum
534 2358 697 2404 obtinet,
728 2361 776 2396 ab
806 2360 968 2398 iambico
989 2361 1172 2399 Veterum
1192 2362 1343 2399 senario
1362 2361 1567 2413 profluxit;

118 2421 351 2460 necessitate
372 2422 517 2472 linguae
549 2428 707 2469 nostrae,
730 2437 817 2474 quae
850 2430 933 2462 tota
964 2424 1240 2476 monosyllabis
1268 2432 1423 2464 scatens
1445 2438 1569 2464 caesu-

120 2498 201 2523 ram
222 2485 361 2524 senarii
380 2498 464 2524 raro
486 2485 669 2532 admittit,
691 2488 890 2538 quinarius
911 2489 1037 2526 factus
1060 2501 1070 2526 ι

288 2571 428 2611 Thongh
443 2571 545 2612 deep,
560 2575 619 2612 yet
631 2572 743 2612 clean
764 2571 770 2613 Ι
791 2573 918 2614 though
935 2573 1064 2615 gentle,
1087 2577 1146 2614 yet
1163 2578 1222 2605 not
1238 2573 1322 2605 dull.

122 2645 225 2683 Huic
245 2645 284 2683 in
303 2646 380 2683 fine
400 2653 550 2685 sextum
571 2646 740 2686 iambum
761 2661 939 2702 appone;
975 2656 1014 2688 et
1047 2649 1240 2701 extemplo
1273 2648 1432 2687 habebis
1455 2661 1565 2687 sena-

117 2709 214 2746 rium
232 2709 505 2747 Terentianum
527 2723 536 2747 :

245 2783 389 2824 Though
405 2782 503 2825 deep,
519 2788 577 2825 yet
592 2785 693 2825 clear,
710 2785 835 2826 though
855 2784 860 2827 Ι
881 2784 1007 2827 gentle,
1021 2790 1082 2828 yet
1096 2791 1156 2819 not
1171 2785 1265 2827 dully
1283 2786 1372 2818 slow.
