1903 3306
557 232 764 264 ANDRIAE
799 232 908 262 Acr.
942 230 972 262 1.
1005 233 1074 263 sc.
1107 233 1136 262 1.
1493 224 1577 265 285

123 328 246 370 Bene
266 327 593 369 dissimulatum
615 340 806 369 amorem
828 330 871 368 et
892 328 1086 368 celatum
1107 327 1290 367 indicat.
1360 322 1394 381 ἃς
1494 329 1578 370 105

121 395 353 436 Accurrit:
384 395 578 436 mediam
597 396 824 436 mulierem
846 395 1180 448 complectitur:

121 462 228 503 Mea
249 461 521 515 Glycerium,
544 462 699 515 inquit,
722 461 828 515 quid
850 463 978 516 agis?
1011 475 1087 502 cur
1109 465 1149 502 te
1171 463 1210 502 is
1233 462 1480 515 perditum?

122 529 240 570 Tum
261 518 433 591 illa,(ug
443 533 706 570 consuetum
727 529 858 570 facile
880 542 1069 570 amorem
1091 542 1300 592 cerneres,
1317 524 1328 580 vl

121 595 300 650 Rejecit
321 609 370 636 se
391 588 569 646 iiseum,
589 597 712 646 flens,
734 610 866 650 quam
886 597 1166 638 familiariter.

127 663 207 704 So.
230 661 352 712 Quid
369 663 459 705 ais!
493 662 560 703 Si.
583 663 738 705 Redeo
754 664 855 721 inde
871 664 1022 714 iratus,
1042 670 1173 718 atque
1192 677 1306 717 aegre
1322 664 1476 705 ferens.
1498 664 1580 706 110

123 729 223 771 Nec
246 730 354 772 satis
375 730 431 771 ad
453 730 769 784 objurgandum
793 716 962 773 Fausae.
1025 731 1226 774 Diceret:

125 796 246 848 Quid
266 796 386 838 feci?
416 797 522 850 quid
545 799 801 848 commerui,
825 803 900 840 aut
920 800 1129 853 peccavi,
1152 804 1279 853 pater
1295 800 1314 839 C?

125 863 239 914 Quae
258 877 356 906 sese
375 866 418 906 in
437 865 583 917 ignem
601 865 780 919 injicere
801 866 958 916 voluit,
981 866 1189 920 prohibui
1210 880 1220 917 ;

124 932 332 973 Servavi:
362 933 544 974 honesta
566 933 711 973 oratio
732 936 811 973 est.
873 933 951 974 So.
984 933 1124 974 Recte
1146 938 1304 987 putas:
1367 984 1369 987 Ι

123 999 260 1046 Nam,
279 999 318 1039 si
338 999 461 1039 illum
481 999 698 1053 objurges,
718 1000 823 1040 vitae
844 1001 921 1054 qui
942 1000 1155 1041 auxilium
1176 1001 1289 1049 tulit,
1361 1032 1364 1038 .
1390 1032 1393 1034 μ
1414 997 1416 999 ’
1498 999 1581 1040 115

123 1065 245 1117 Quid
265 1066 406 1107 facias
425 1067 506 1117 illi,
524 1067 601 1120 qui
622 1066 791 1108 dederit
811 1068 1014 1108 damnum
1037 1072 1112 1109 aut
1131 1068 1328 1109 malum?

123 1133 192 1174 Si.
223 1132 362 1174 Venit
384 1133 588 1175 Chremes
611 1135 823 1188 postridie
845 1135 902 1176 ad
923 1149 1005 1184 me,
1030 1136 1277 1184 clamitans,

122 1199 357 1253 Indignum
378 1201 580 1242 facinus!
613 1202 901 1255 comperisse,
925 1203 1210 1256 Pamphilum

123 1266 214 1308 Pro
235 1279 377 1308 uxore
395 1266 556 1308 habere
577 1268 690 1309 hanc
710 1270 983 1329 peregrinam
1002 1284 1010 1311 :
1043 1283 1126 1322 ego
1148 1269 1256 1310 illud
1279 1269 1435 1310 sedulo

125 1391 176 1419 tus
189 1389 374 1430 Pamphilus
396 1399 542 1430 amorem,
564 1401 654 1432 quem
680 1394 839 1432 tantopere
864 1392 1113 1424 dissimulaverat
1140 1397 1169 1424 et
1193 1393 1359 1431 celaverat,
1380 1393 1584 1423 demonstrat.

125 1430 286 1470 Accurrit,
301 1433 433 1464 mediam
454 1434 612 1465 mulierem
635 1436 866 1474 complectitur.-
891 1436 965 1466 ,Mea
983 1436 1178 1476 Glycerium,
1195 1436 1308 1475 iuquit,
1324 1435 1397 1475 quid
1418 1436 1508 1473 agis?
1530 1444 1584 1465 cur

126 1477 157 1504 te
171 1475 200 1505 is
216 1475 398 1514 perditum?
435 1476 518 1507 Tunc
533 1477 587 1507 illa
615 1477 742 1517 reflexit
769 1487 800 1508 se
816 1478 849 1508 in
865 1487 931 1509 eum
947 1479 1108 1509 admodum
1116 1478 1346 1516 familiariter.-
1368 1479 1413 1508 ita
1427 1483 1461 1508 ut
1484 1478 1584 1517 quiris

122 1521 228 1556 posset
236 1517 335 1556 facile
347 1528 469 1550 cernere
484 1529 617 1550 amorem
629 1520 713 1551 inter
727 1521 798 1550 illos
810 1530 872 1551 esse
884 1524 1072 1552 consuetum.
1116 1522 1176 1552 So.
1201 1521 1285 1556 Quid
1302 1520 1373 1552 ais?
1404 1522 1455 1552 Sl.
1482 1521 1584 1550 Redeo

126 1559 200 1590 inde
214 1560 328 1600 iratus,
343 1571 428 1601 aegre
436 1561 546 1599 serens
561 1572 596 1593 ea
608 1572 675 1602 1111ae
691 1563 876 1602 Pamphilus
889 1565 1084 1594 ostenderat:
1106 1574 1159 1594 nec
1172 1567 1273 1594 tamen
1287 1563 1364 1593 satis
1378 1573 1479 1594 cuusoe
1494 1562 1584 1593 habe-

127 1600 197 1632 bam
212 1604 254 1634 ad
277 1603 367 1634 illum
389 1603 632 1643 objurgandum3
667 1605 721 1635 hoc
737 1606 819 1636 enim
834 1606 913 1636 mihi
936 1606 1038 1637 dicere
1065 1607 1238 1646 potuisset.-
1273 1606 1356 1640 Quid
1375 1605 1470 1643 feci?
1494 1615 1586 1645 qaam

124 1653 246 1684 poenam
260 1645 450 1678 commerui?
473 1649 551 1687 quod
574 1651 729 1687 peccatum
749 1649 898 1687 commisi,
917 1648 1032 1688 pater?
1058 1648 1196 1688 Opposui
1212 1658 1258 1678 me
1274 1649 1313 1687 ei,
1336 1658 1402 1688 quoe
1423 1648 1454 1678 in
1480 1649 1586 1687 ignem

125 1695 158 1716 se
172 1689 371 1727 praecipitare
385 1689 505 1726 voluit5
539 1689 626 1720 illam
650 1700 669 1720 a
693 1696 789 1721 morte
814 1691 954 1722 liberavi.
1003 1692 1143 1721 Honesta
1164 1691 1323 1722 excusatio
1345 1691 1409 1721 lioec
1424 1694 1481 1721 est.
1524 1691 1584 1721 So.

128 1729 330 1770 Recteputas
342 1741 355 1768 ,·
377 1741 461 1770 num,
485 1733 512 1762 si
529 1742 597 1763 eum
612 1732 766 1772 obiurges,
781 1734 834 1773 qui
850 1734 924 1764 vitoe
949 1733 1080 1771 alicujus
1095 1734 1248 1763 auxilium
1273 1735 1361 1771 tulit,
1388 1734 1464 1773 quid
1481 1733 1588 1771 facias

126 1770 188 1812 illi,
214 1773 266 1812 qui
290 1774 411 1804 dederit
436 1775 594 1814 damnum,
620 1778 674 1806 aut
689 1773 831 1806 malum?
874 1776 924 1807 SI.
953 1776 1047 1807 Venit
1074 1777 1219 1806 Chremes
1245 1778 1284 1807 ml
1308 1786 1354 1806 me
1374 1780 1498 1816 postera
1525 1776 1587 1814 die,

126 1813 289 1853 clamitans
303 1816 469 1856 indignum
484 1817 614 1855 facinus
639 1828 671 1849 se
696 1819 956 1859 deprehendisse;
979 1819 1179 1859 Pamphilum
1201 1829 1256 1859 pro
1273 1828 1370 1849 uxore
1386 1819 1494 1850 habere
1510 1819 1586 1850 hanc

737 1911 979 1923 emme-‘sowa‘

128 1974 226 2006 aliter
252 1975 337 2006 edit.
384 1975 525 2007 Eaedem
555 1974 744 2015 praeferunt
766 1976 1017 2016 periclo.’—109
1041 1978 1186 2009 Secutus
1204 1988 1276 2009 sum
1293 1979 1378 2009 lianc
1395 1978 1587 2009 distinctio-

126 2027 216 2057 nem,
234 2022 272 2049 ut
288 2022 438 2058 pateret,
453 2028 569 2049 verum
587 2028 723 2049 sensum
744 2029 832 2059 esse,
856 2020 1051 2060 Glycerium
1079 2020 1216 2051 flentem
1244 2031 1279 2051 se
1307 2021 1464 2060 rejecisse
1486 2031 1585 2062 quain

127 2059 354 2099 familiariter,
370 2066 473 2101 atque
497 2061 576 2092 inde
600 2068 800 2093 consuetum
826 2063 1005 2104 utriusque
1030 2073 1177 2094 amorem
1205 2064 1352 2104 potuisse
1370 2064 1474 2094 cerni.
1520 2065 1588 2094 Pa-

129 2112 207 2134 reus
223 2112 290 2134 uon
304 2103 413 2134 minus
428 2103 662 2143 significanter
678 2104 788 2135 edidit
804 2116 811 2134 ι
837 2105 961 2144 Rejecit
974 2116 1005 2136 se
1020 2107 1053 2136 in
1067 2106 1237 2146 eumflens.
1250 2116 1341 2147 quam
1350 2106 1560 2144 fmnz'liariter
1571 2107 1586 2137 ,Ι

128 2146 236 2176 West.
270 2155 371 2186 quem
388 2147 544 2186 sequitur
559 2147 663 2178 Both.
713 2147 895 2187 Eum,flens
908 2158 1000 2188 quam
1016 2149 1074 2179 ΒΓ.
1121 2150 1324 2180 Nullatenus
1339 2149 1587 2189 interpuugunt

127 2187 222 2219 Perl.
238 2188 278 2219 Z.
323 2188 420 2219 Adeo
436 2187 538 2220 facile
551 2192 604 2219 est
619 2199 825 2229 componere
841 2191 1037 2222 lites.—112
1062 2191 1146 2221 Post
1171 2195 1178 2208 ‘
1194 2196 1252 2223 ant
1264 2191 1274 2206 ³
1287 2191 1366 2222 add.
1382 2193 1454 2232 qnid
1469 2192 1585 2223 Guelf.

129 2233 160 2262 l.
176 2231 372 2262 Fert—113
390 2232 510 2262 Barth.
526 2231 569 2262 ad
586 2232 676 2263 Stat.
692 2233 796 2264 Theb.
812 2242 861 2264 V1.
878 2236 951 2265 203.
970 2234 1231 2274 projicerelegit.
1252 2235 1459 2266 West.-114
1478 2235 1587 2274 Ratio,

129 2273 221 2313 quod
249 2277 304 2304 est
325 2274 359 2304 in
375 2274 532 2314 quibusd.
548 2274 634 2305 Mss.
651 2284 716 2305 non
740 2276 867 2316 placet.
892 2276 943 2308 Icl.
988 2277 1029 2307 Iu
1045 2277 1204 2317 quibusd.
1223 2277 1308 2309 libb.
1324 2282 1413 2308 teste
1436 2278 1587 2317 Mureto,

128 2316 233 2347 ratio:
257 2315 318 2347 sed
333 2321 478 2358 praestat
493 2317 606 2348 oratio.
630 2317 833 2349 Peri—116
857 2318 959 2359 Vulg.
976 2320 1029 2359 qui
1043 2321 1112 2351 ded.
1137 2320 1197 2351 sed
1214 2321 1318 2351 Bent.
1330 2320 1483 2359 invertit,
1497 2321 1587 2352 sicut

128 2358 203 2389 vitoe
218 2359 272 2398 qui
284 2368 333 2390 vs.
348 2369 422 2400 sup.
446 2360 534 2391 Perl.
569 2360 626 2401 qui
646 2361 751 2391 Bent.
776 2360 831 2392 hic
858 2362 1021 2402 sequitur.
1067 2363 1120 2403 Ei,
1146 2362 1200 2403 qui
1224 2364 1369 2394 damnum
1391 2364 1459 2394 ded.
1484 2364 1586 2395 Both.

129 2400 241 2432 Facies
256 2400 371 2433 Gnelf.
384 2405 523 2433 2.-118
541 2403 593 2434 M.
606 2406 642 2434 et
656 2403 720 2434 duo
736 2403 855 2434 Leidd.
872 2406 1052 2444 comperisse
1065 2415 1107 2436 se.
1125 2406 1184 2436 Tr.
1201 2406 1271 2436 haec
1283 2406 1413 2446 jungit,
1423 2406 1587 2446 indignum

121 2442 252 2480 facinus
276 2445 469 2484 compar—isse.
515 2444 688 2476 Incertam
715 2445 971 2478 distinctionem
995 2447 1081 2478 dicit
1105 2448 1274 2479 Donatus.
1322 2448 1472 2480 Praestat
1504 2459 1587 2480 vero

130 2486 233 2516 lectio
250 2487 341 2526 vulg.
368 2487 470 2518 lVest.
516 2488 601 2518 Cum
625 2488 685 2519 Tr.
712 2487 797 2520 facit
823 2490 881 2521 Br.
928 2490 1084 2521 Facinus.-
1107 2500 1201 2531 comp.
1219 2491 1257 2522 Z.
1302 2490 1345 2521 Se
1373 2496 1449 2531 post
1471 2492 1480 2508 ‘
1496 2501 1587 2522 com-

130 2528 216 2568 per-‚³
238 2527 359 2559 inserit
381 2528 499 2560 Guelf.
517 2532 659 2562 3.--119
682 2531 749 2562 Gn.
766 2534 796 2563 1.
819 2534 884 2563 sed.
901 2532 998 2563 illud:
1032 2533 1110 2564 Hel.
1136 2534 1169 2564 id
1185 2535 1248 2564 secl.
1273 2533 1375 2565 Both.
1398 2534 1453 2574 qui
1478 2534 1586 2565 edidit

130 2570 198 2602 Pro
213 2581 269 2602 ux.
282 2581 389 2612 pereg.
407 2572 486 2603 hanc
501 2572 569 2603 hab.
604 2574 674 2612 Ego
689 2575 752 2606 sed.
799 2576 883 2606 Vult
900 2575 989 2607 Gov.
1006 2585 1110 2616 per-eg.
1126 2576 1174 2607 illi
1189 2586 1245 2616 ego
1260 2577 1363 2607 sedulo
1381 2578 1506 2616 Negare
1511 2576 1583 2614 fac-

790 2659 933 2692 NOTAE

174 2721 237 2751 109
262 2720 587 2763 Quamfamiliariter]
612 2723 711 2755 Valla
727 2723 832 2755 inter·
886 2730 958 2758 tum
973 2725 1204 2759 familiariter!
1229 2726 1436 2759 etrefertad
1453 2729 1461 2745 ‘
1479 2725 1586 2758 tiens!

133 2774 290 2811 pretatur
314 2781 375 2812 per
400 2772 691 2813 interjectionem:
717 2776 832 2808 Quan-
930 2779 992 2808 119
1018 2778 1086 2816 Ego
1100 2777 1177 2809 illud
1191 2777 1310 2818 sedulo]
1343 2778 1523 2809 Goveanu³
1540 2778 1585 2807 le-

1570 524 1624 537 »π’ὓ*
