1903 3306
428 241 490 270 DE
523 240 723 271 COMlClS
758 241 1171 273 DIMENSIONIBUS.
1440 234 1525 273 159

77 333 210 370 Bembi
241 331 398 370 codice:
430 338 439 354 ‘
458 334 542 371 Nec
572 334 663 372 mihi
697 335 757 372 fas
789 347 874 373 esse
908 335 989 373 ulla
1020 349 1080 373 me
1111 336 1310 386 voluptate
1344 336 1402 373 his
1429 337 1529 374 frui.’

75 396 308 446 Quanquam
329 395 451 433 codex
486 396 565 442 ille,
595 397 643 435 de
675 411 752 447 quo
773 397 828 435 vir
848 397 1099 436 doctissimus
1121 406 1236 449 atque
1258 399 1528 437 sanctissimus

74 459 231 497 metitur
249 468 417 505 nostros,
446 458 532 509 plus
560 459 697 497 habuit
717 467 799 497 tum
822 460 926 510 apud
947 474 1018 499 nos
1040 462 1310 507 venerationis,
1331 462 1379 499 ob
1400 469 1531 499 vetus-

75 529 207 569 tatem,
242 529 324 560 tum
345 522 450 572 apud
479 522 586 560 illum
609 522 800 573 opinionis
822 525 870 560 ob
891 524 1117 570 novitatem,
1147 537 1262 575 quam
1283 532 1470 574 quantum
1491 538 1531 562 re

77 584 162 635 ipsa
192 592 378 635 praestare
399 584 573 623 valuerit.
632 586 779 623 Omitto
809 586 910 623 enim
942 600 1030 637 quae
1061 586 1111 624 ad
1141 587 1373 637 privatarum
1393 599 1531 624 vocum

76 649 267 700 pertinent
286 649 495 687 rationem:
517 662 606 687 nam
629 661 694 686 eas
716 649 753 686 in
775 649 980 700 Originum
1000 650 1107 688 libris
1122 650 1189 688 tibi
1207 650 1301 688 satis
1315 650 1529 701 explicatas

75 719 183 763 puto.
239 713 305 758 At,
336 712 441 763 quod
473 711 522 749 ad
546 725 722 750 versuum
742 711 911 762 ipsorum
933 720 1080 751 tractus
1103 719 1268 763 spectat,
1299 726 1425 764 operae
1446 726 1531 763 pre-

76 776 171 813 tium
191 783 252 814 est
278 775 584 813 animadvertere
605 775 762 821 multos,
792 776 858 826 qui
890 789 968 813 non
990 784 1198 815 constent:
1227 778 1346 815 veluti
1366 790 1386 814 e
1408 776 1531 813 Phor-

75 839 202 877 mione
221 839 352 877 hunc:
383 843 392 859 ‘
410 839 509 882 Quae
530 839 560 876 si
584 846 669 876 astu
693 852 769 876 non
800 839 1068 891 providentur,
1103 854 1163 878 me
1194 848 1260 879 aut
1286 841 1421 878 herum
1442 853 1532 890 pes-

77 902 338 941 sumdabunt.'
393 902 453 939 Ita
472 901 560 940 dico
581 902 686 954 apud
707 902 824 940 hosce
846 903 909 953 qui
936 904 1121 941 creticum
1142 904 1333 954 recipiunt
1352 904 1501 941 nullum
1520 916 1529 940 z

76 967 114 1004 in
136 966 374 1004 nostratibus
395 973 525 1003 autem
544 965 699 1003 mollius
720 966 861 1016 legitur
883 966 938 1004 sic
956 979 964 1003 :
999 967 1097 1011 Quae
1119 969 1154 1005 si
1175 980 1252 1005 non
1283 972 1371 1006 astu
1397 970 1532 1018 provi·

80 1029 235 1069 dentur.
294 1029 368 1067 Ubi
402 1030 624 1068 octonarius
659 1037 732 1068 est.
789 1030 886 1067 Item
921 1043 967 1067 ex
1003 1030 1443 1069 Heautontimorumeno
1477 1033 1533 1071 sic

78 1094 193 1145 legit:
216 1099 227 1115 ‘
244 1093 400 1144 Pergin'
418 1093 555 1131 mulier
575 1093 713 1131 odiosa
733 1093 847 1131 esse?
868 1093 1066 1132 nullamne
1086 1108 1158 1145 ego
1174 1107 1253 1132 rem
1269 1095 1308 1132 in
1328 1096 1404 1133 vita
1419 1096 1533 1133 mea!

78 1158 131 1195 At
150 1157 189 1194 in
209 1157 353 1195 nostris
377 1157 431 1195 sic
462 1156 628 1208 legitur:
665 1158 799 1195 Venire
826 1158 867 1195 in
889 1163 1072 1195 mentem:
1101 1159 1153 1195 mi
1185 1159 1259 1196 vir.
1296 1159 1345 1196 οῘι
1372 1160 1534 1211 pergin'

79 1221 218 1260 mulier
236 1223 343 1260 esse?
371 1220 536 1259 ullamne
557 1234 642 1273 ego.
700 1222 775 1259 Ubi
802 1221 926 1268 vides,
963 1222 995 1260 si
1025 1222 1150 1261 addas
1171 1224 1302 1262 omnia
1321 1224 1385 1262 illa
1404 1227 1533 1272 verba,

80 1299 168 1336 quae
201 1284 429 1336 praecedunt
459 1286 794 1337 exprobrationem
817 1285 935 1332 senis,
964 1300 1099 1324 versus
1121 1288 1188 1324 fiat
1209 1288 1335 1326 stadio
1355 1289 1533 1340 longior:

80 1357 120 1387 at
138 1348 193 1386 illi
214 1348 402 1386 octonarii
423 1356 528 1386 sunt.
575 1349 719 1386 Verum
740 1349 848 1400 lepor
868 1362 1023 1400 quoque
1044 1350 1081 1386 in
1104 1352 1229 1389 verbis
1251 1359 1312 1389 est
1330 1352 1419 1399 illis,
1446 1359 1454 1374 ⁶
1471 1354 1534 1392 Oh

79 1411 228 1462 pergin'
247 1411 384 1449 mulier
404 1424 492 1449 esse
508 1411 531 1449 :⁹
557 1411 644 1462 plus
666 1412 767 1449 enim
788 1418 847 1450 est
867 1425 953 1450 esse
976 1414 1187 1461 mulierem,
1209 1428 1324 1466 quam
1345 1416 1535 1455 odiosam.

80 1475 126 1512 In
157 1475 278 1512 altero
311 1481 439 1513 autem
473 1481 686 1525 sequente:
717 1480 726 1495 ⁴
747 1475 843 1513 Rem
877 1489 1048 1526 unquam
1080 1477 1198 1524 volui,
1228 1479 1320 1529 quin
1352 1486 1393 1517 tu
1426 1480 1462 1517 in
1491 1493 1538 1518 ea

79 1538 172 1577 mihi
201 1537 445 1577 advorsatrix
475 1538 608 1586 fueris,
645 1539 823 1576 Sostrata
839 1538 866 1575 Υ
925 1539 1089 1577 Videtur
1121 1541 1272 1592 syllaba
1291 1542 1535 1582 redundare:

81 1601 149 1639 sed
182 1603 248 1648 mi,
281 1602 522 1653 pronunties,
558 1615 635 1640 non
657 1603 767 1640 milzi.
824 1602 995 1642 Bembus
1016 1612 1145 1642 autem
1174 1605 1227 1642 ita
1257 1606 1366 1657 legit,
1397 1616 1440 1644 ut
1459 1621 1539 1646 una

82 1664 264 1703 deficiat:
295 1665 376 1703 sic:
413 1667 551 1704 Volui:
580 1667 674 1718 quin
696 1667 801 1704 tuin
822 1680 862 1705 ea
889 1668 986 1705 mihi
1005 1668 1138 1717 fueris
1171 1669 1416 1708 advorsatrix
1449 1671 1538 1709 Sos·

83 1730 215 1767 trata?
234 1728 485 1768 Locutionem
502 1742 657 1780 quoque
673 1743 751 1768 non
768 1730 903 1768 leviter
923 1738 1182 1782 pertranseas.
1222 1733 1291 1771 Ille
1309 1734 1410 1772 enim
1426 1735 1539 1774 dicit:

88 1791 300 1830 Nullamne
320 1806 399 1831 rem
419 1793 552 1832 volui?
573 1806 667 1832 sane
686 1794 900 1832 tolerabilis
922 1809 1062 1842 sermo,
1082 1809 1169 1834 cum
1190 1798 1306 1834 verbo
1326 1797 1414 1844 hoc,
1435 1799 1538 1836 volo.

83 1854 185 1893 Nam
204 1856 374 1907 negatio,
406 1870 495 1908 quae
515 1864 575 1895 est
594 1858 632 1894 in
653 1859 820 1905 nomine,
853 1860 892 1896 in
913 1860 1072 1897 verbum
1094 1862 1244 1906 transit,
1278 1868 1315 1899 et
1337 1862 1392 1907 fit,
1419 1862 1539 1900 ullam

81 1931 163 1956 rem
182 1919 300 1957 nolui.
359 1920 449 1958 Non
485 1920 612 1971 possis
632 1934 722 1959 vero
743 1921 870 1960 dicere
890 1935 980 1960 cum
999 1924 1116 1961 verbo
1138 1925 1380 1965 substantivo
1400 1938 1408 1963 ε
1440 1925 1540 1963 Nul-

82 1982 171 2019 lane
189 1995 250 2020 res
269 1981 359 2021 est?
387 1996 556 2034 quonam
576 1984 693 2022 modo
714 1998 881 2036 namque
901 1993 1020 2033 esset,
1041 1987 1072 2024 si
1095 2000 1173 2025 non
1194 1988 1282 2026 est?
1310 2002 1437 2040 neque
1457 2003 1539 2027 me-

82 2044 157 2084 lius
190 2046 366 2096 procedit
395 2047 459 2085 ille
492 2061 538 2086 ex
568 2048 719 2093 eadem,
751 2063 866 2099 quem
897 2063 968 2088 nos
1003 2051 1083 2089 sic:
1114 2056 1123 2072 ‘
1146 2052 1371 2090 Sustulisti:
1403 2053 1457 2090 sic
1479 2062 1541 2091 est

83 2109 250 2148 factum:
273 2109 442 2157 domina,
459 2124 551 2162 ergo
568 2112 684 2150 herus
707 2112 849 2150 damno
866 2120 1004 2151 auctus
1021 2115 1107 2152 est?
1135 2115 1206 2153 Ille
1222 2116 1295 2154 sic:
1315 2116 1542 2155 sustulisti:

84 2173 140 2211 sic
160 2173 403 2224 estfactum:
423 2174 580 2221 domin’,
601 2188 694 2226 ergo
715 2176 830 2213 herus
850 2176 988 2214 damno
1008 2182 1146 2216 auctus
1161 2184 1229 2218 est.
1272 2180 1325 2217 At
1341 2180 1419 2218 duo
1436 2189 1541 2226 sunt,

85 2248 174 2286 quae
195 2235 426 2273 dissuadent
445 2250 532 2274 esse
549 2237 829 2288 recipiendum.
877 2239 1049 2278 Primum
1069 2254 1217 2289 versus,
1239 2245 1303 2293 qui
1323 2244 1542 2283 trochaicus

86 2299 162 2336 sit:
193 2311 312 2349 quare
346 2299 384 2335 in
415 2300 554 2350 quinto
584 2301 685 2351 pede
703 2302 872 2340 iambum
893 2305 1054 2342 statuit:
1085 2318 1156 2343 nos
1178 2314 1436 2356 anapaestum.
1494 2308 1545 2345 Et

86 2362 214 2400 minus
236 2362 359 2400 simile
377 2363 456 2401 veri
478 2364 564 2411 fuit,
586 2364 690 2402 domi
712 2365 934 2413 educatam,
956 2375 1072 2418 atque
1092 2368 1227 2406 herum
1248 2369 1431 2408 latuisse:
1461 2379 1545 2409 erat

88 2425 190 2463 enim
210 2425 366 2464 modica
387 2425 539 2473 domuS,
570 2441 657 2478 quae
677 2429 738 2466 vel
759 2443 872 2468 coena
891 2430 1101 2469 Bacchidis
1131 2440 1394 2482 premeretur:
1424 2447 1544 2485 quare

87 2488 220 2539 inepta
238 2489 377 2528 fuisset
395 2490 660 2541 interrogatio.
702 2492 840 2542 Neque
860 2493 1001 2531 fuisset
1021 2501 1159 2532 auctus
1181 2494 1339 2543 damno,
1359 2498 1544 2547 quoniam

89 2552 195 2591 dorni
215 2552 445 2591 educasset:
473 2553 543 2591 sed
564 2555 748 2609 quoniam
768 2555 901 2602 filiam,
921 2557 982 2593 cui
1003 2556 1075 2595 dos
1096 2558 1271 2607 paranda
1291 2568 1410 2597 esset.
1466 2561 1545 2599 Ita-

90 2629 166 2667 que
185 2629 264 2654 non
283 2616 376 2654 foris
397 2616 643 2655 educandam
663 2618 786 2666 dedit,
809 2620 877 2657 sed
899 2620 1185 2670 exponendam.
1244 2622 1439 2661 Praeterea
1457 2623 1545 2675 plus

89 2679 275 2730 impendii
294 2687 368 2727 est,
398 2681 430 2717 si
463 2680 555 2719 foris
576 2681 793 2720 educantur
813 2683 935 2731 liberi,
965 2697 1081 2734 quam
1102 2685 1132 2723 si
1154 2685 1271 2723 domi.
1327 2686 1403 2724 Sed
1425 2695 1463 2723 et
1483 2687 1546 2725 ille

93 2742 132 2778 in
154 2742 356 2790 Eunucho,
383 2750 468 2782 toto
487 2745 605 2782 verbo
624 2745 778 2796 longior
798 2754 871 2793 est,
891 2753 1036 2786 temere
1056 2748 1219 2799 repetito
1240 2762 1248 2786 ;
1279 2753 1288 2769 ‘
1307 2748 1428 2800 quue
1449 2750 1546 2787 adeo

93 2804 214 2843 visam
232 2819 240 2844 :
269 2806 391 2846 visam
413 2807 445 2845 si
466 2807 621 2847 domi'st
639 2822 647 2848 :
679 2810 856 2860 quisnam
876 2810 968 2849 hinc
989 2824 1011 2849 a
1031 2811 1178 2850 Thaide
1199 2812 1277 2849 exit
1289 2811 1317 2848 2’
1364 2812 1441 2850 Sed
1463 2813 1546 2850 ubi·
