1945 3296
578 224 757 254 vic'ron
793 224 855 254 DE
889 224 1143 254 comosum.
1531 218 1587 258 61

128 319 312 357 rabatur:
341 318 530 369 vigesimo
559 317 640 354 fere
671 324 810 368 postea
829 330 947 368 quarn
981 317 1145 355 Romani
1177 319 1342 369 primum
1379 321 1586 372 Carthagi-

129 383 327 421 niensibus
363 381 508 419 bellum
543 381 809 419 indixissent:
851 388 945 419 tunc
978 381 1080 419 enim
1113 395 1209 432 pace
1240 384 1469 434 composita,
1499 399 1587 435 quae

128 446 272 497 populo
299 452 408 484 tanto
427 457 543 495 opere
565 446 835 495 expetebatur,
865 444 903 482 id
926 458 1051 496 genus
1082 445 1355 485 oblectamenti
1388 447 1588 486 relaxandi

128 509 244 547 animi
264 510 387 561 gratia
406 515 605 559 receptum
627 514 700 546 est.
758 508 912 545 Deinde
945 509 1072 559 spatio
1094 522 1233 547 novem
1255 523 1446 548 annorum
1471 512 1589 550 inter-

120 572 241 624 jecto,
277 574 323 611 C.
342 573 502 610 Naevius
531 571 623 609 data
646 571 797 608 Fabula
823 571 1029 621 spectandi
1049 572 1200 622 copiam
1220 574 1325 611 fecit.
1384 574 1481 612 Post
1500 588 1587 613 eum

127 636 307 683 Plautus,
341 649 444 674 anno
476 637 554 674 fere
589 635 739 673 decimo
760 635 926 685 quinto:
958 636 1126 674 subinde
1160 636 1328 674 seriatim
1352 638 1401 681 Q.
1425 638 1588 684 Ennius,

128 700 325 746 Caecilius,
345 707 385 738 et
403 700 604 738 Terentius
631 699 821 736 floruere:
851 705 990 749 postea
1022 713 1100 737 non
1131 701 1254 741 multo
1290 700 1502 747 Pacuvius,
1523 703 1588 753 qui

118 763 203 814 jam
223 776 344 802 senex
362 763 483 801 Accio
502 762 634 800 cessit.
691 761 895 799 Postremo
912 763 1085 801 Lucilius
1107 764 1192 810 fuit,
1213 765 1280 815 qui
1299 765 1468 803 medium
1489 766 1586 804 illud

126 834 410 878 argumentum,
429 826 627 864 lacerandi
644 825 795 864 scilicet
815 826 977 864 aliorum
992 829 1187 878 poemata,
1202 830 1439 867 sectabatur.
1472 830 1588 869 Hunc

126 891 229 929 enim
250 890 400 929 Gellius
427 891 466 928 in
487 891 652 929 Accium
685 898 724 928 et
758 890 971 929 Pacuvium
1007 905 1151 943 magna
1171 892 1287 930 laude
1315 892 1458 944 stylum
1479 907 1589 933 exer-

125 954 254 992 cuisse
273 960 454 992 testatur.
512 955 542 991 F
546 954 682 992 abulas
714 954 833 1006 igitur
852 954 928 1001 isti,
949 955 997 993 de
1018 956 1159 994 Graeco
1180 957 1321 1008 petitas
1343 966 1588 1009 argumento,

126 1017 273 1056 Latinis
307 1017 453 1056 salibus
481 1017 642 1056 condire
677 1024 925 1056 statuerunt:
971 1020 1302 1069 quemadmodum
1337 1021 1374 1059 in
1405 1022 1588 1067 Terentii,

125 1081 187 1120 vel
219 1080 363 1128 Plauti,
395 1094 483 1132 quae
513 1082 852 1128 circumferuntur,
887 1082 1045 1120 Fabulis
1080 1090 1141 1121 est
1171 1083 1325 1122 videre:
1357 1085 1588 1136 Novamque

125 1145 279 1196 penitus
301 1144 542 1183 Comoediam
562 1152 654 1184 sunt
674 1145 827 1192 imitati,
847 1146 994 1184 nullam
1016 1146 1123 1185 chori
1150 1148 1399 1188 modulantes
1426 1150 1588 1187 cantile-

125 1221 242 1247 nam:
272 1208 340 1247 sed
360 1215 470 1247 actus
508 1211 568 1258 (ut
596 1209 651 1247 ait
670 1208 904 1261 Porphyrio)
936 1210 1115 1248 tibiarum
1137 1220 1331 1250 concentu
1349 1213 1587 1252 dirimentes.

126 1272 203 1311 Ubi
223 1285 353 1323 operae
382 1273 548 1324 pretium
582 1280 643 1312 est
678 1274 987 1312 animadvertere
1020 1275 1135 1313 tibias
1167 1276 1275 1314 chori
1310 1278 1587 1329 proprietatem

126 1337 314 1375 aemulari.
368 1337 471 1374 Nam
490 1340 550 1386 (ut
569 1343 706 1375 auctor
726 1344 788 1375 est
809 1337 1009 1386 Donatus)
1029 1352 1117 1389 quae
1136 1340 1297 1377 Fabulae
1315 1354 1451 1391 graves
1467 1342 1587 1380 habe-

125 1406 258 1438 rentur
277 1407 316 1438 et
335 1413 496 1447 severae,
526 1400 630 1439 tibiis
651 1400 800 1439 dextris
820 1402 882 1452 agi
906 1410 1214 1441 consueverunt:
1245 1417 1334 1454 quae
1365 1417 1456 1443 vero
1484 1406 1587 1456 jocis

125 1470 164 1501 et
182 1463 330 1501 urbane
350 1463 464 1502 dictis
485 1464 658 1514 undique
674 1470 883 1511 scaterent,
901 1465 1086 1503 continuo
1103 1466 1285 1504 sinistris.
1330 1467 1471 1506 Pollux
1485 1471 1586 1507 enim

125 1534 260 1565 auctor
278 1534 341 1566 est
358 1527 528 1579 quinque
558 1528 648 1566 olim
674 1529 713 1566 in
734 1541 853 1567 scena
875 1528 1020 1579 januas
1041 1530 1217 1568 extitisse
1235 1544 1244 1573 ;
1275 1544 1437 1581 quarum
1457 1533 1587 1572 media

121 1589 225 1628 illius
246 1592 403 1629 omnino
419 1591 657 1630 domicilium
678 1600 796 1640 esset,
832 1594 898 1644 qui
925 1594 1067 1645 primas
1088 1595 1127 1631 in
1150 1594 1298 1632 Fabula
1318 1602 1448 1646 partes
1468 1597 1585 1636 habe-

123 1660 205 1692 ret:
236 1654 370 1701 altera,
405 1654 544 1693 dextra
578 1655 740 1702 scilicet,
777 1656 866 1695 huic
902 1658 1091 1708 proxima,
1126 1658 1228 1697 illius
1260 1671 1345 1697 esse
1367 1663 1586 1708 consuevit,

124 1718 187 1756 cui
205 1725 333 1769 partes
354 1718 538 1757 darentur
565 1719 749 1757 secundae
769 1733 777 1758 ε
823 1720 950 1768 tertia,
972 1721 1141 1767 sinistra,
1172 1722 1234 1759 vel
1256 1722 1421 1761 maxime
1443 1725 1585 1771 tenuis,

124 1789 192 1820 aut
211 1782 354 1821 nullius
375 1789 458 1821 erat
478 1794 670 1833 personae,
699 1783 761 1821 vel
784 1783 1006 1822 desolatum
1037 1784 1195 1835 aliquod
1232 1785 1441 1824 simulabat
1462 1790 1586 1826 sacel-

122 1845 215 1884 lum.
276 1847 326 1885 At
344 1847 576 1898 reliquarum
598 1846 735 1885 dextra
749 1860 816 1886 eos
838 1849 1012 1886 emittere
1035 1849 1198 1895 solebat,
1215 1850 1280 1900 qui
1300 1863 1378 1887 non
1400 1851 1448 1888 ab
1467 1852 1584 1899 Urbe,

125 1909 196 1948 sed
209 1909 366 1948 aliunde
382 1910 738 1961 proficiscerentur:
758 1911 914 1949 sinistra
925 1925 1012 1950 vero
1026 1919 1175 1958 contra,
1189 1920 1382 1962 quotquot
1397 1916 1586 1961 venirent,

124 1974 292 2013 urbanos
313 1974 565 2025 producebat.
631 1974 692 2011 Ab
729 1974 803 2012 hac
838 1976 899 2023 (ut
919 1975 1099 2024 arbitror)
1132 1976 1214 2026 ejus
1251 1975 1412 2014 Fabulae
1443 1978 1584 2016 chorus

122 2037 274 2088 prodire
311 2038 527 2084 consuevit,
560 2050 659 2088 quas
694 2037 840 2075 salibus
867 2038 1047 2089 jocisque
1079 2039 1220 2076 referta
1257 2051 1344 2076 esse
1375 2040 1583 2080 videretur.

125 2102 292 2153 Quippe,
312 2101 418 2153 quod
437 2101 563 2139 facete
584 2101 740 2148 (licitur,
771 2101 941 2139 solemus
960 2103 1154 2140 urbanum
1175 2103 1385 2154 appellare.
1443 2105 1585 2143 Verum

125 2166 174 2203 ab
194 2165 329 2212 altera,
363 2166 396 2203 si
414 2165 581 2203 rusticos
602 2164 752 2202 Fabula
770 2164 1003 2211 contineret,
1035 2165 1205 2216 quadam
1228 2179 1363 2205 severa
1397 2169 1583 2220 gravique

125 2227 371 2281 simplicitate
400 2229 540 2267 chorus
561 2229 821 2267 emittebatur.
879 2229 1032 2267 Etenim
1059 2242 1126 2267 eos
1153 2228 1397 2280 potissimum
1417 2233 1584 2271 rusticos

124 2307 325 2340 vocamus,
364 2293 432 2344 qui
471 2306 623 2345 semper
671 2294 843 2332 obducto
890 2293 1096 2344 supercilio
1137 2294 1298 2332 facetias
1345 2304 1584 2335 aversantur.

126 2357 241 2396 Unde
269 2356 500 2395 Palamedes
535 2357 640 2408 apud
675 2358 956 2396 Philostratum
991 2359 1041 2396 ab
1070 2358 1223 2396 Achille
1257 2359 1399 2397 dicitur
1432 2363 1586 2411 ιἰγρικώ-

124 2437 237 2472 τερος,
267 2421 467 2473 quoniam,
501 2427 545 2458 ut
577 2428 660 2460 erat
692 2422 864 2473 undique
887 2435 1059 2471 severus,
1088 2422 1127 2460 in
1161 2421 1309 2461 deliciis
1346 2424 1463 2462 etiarn
1488 2425 1583 2463 nihil

123 2485 296 2523 haberet.

178 2547 374 2595 Ceterum,
393 2547 486 2586 licet
503 2548 626 2586 multa
654 2548 732 2586 sint
759 2562 904 2600 genera
932 2549 1125 2594 tibiarum,
1151 2555 1282 2587 tamen
1316 2549 1394 2588 duo
1423 2563 1581 2589 scenam

124 2612 365 2663 potissimum
384 2611 699 2663 frequentabant,
729 2612 914 2652 videlicet
932 2613 1114 2664 Phrygiae
1134 2625 1143 2650 ε
1186 2626 1349 2664 quarum
1381 2615 1581 2653 nonnullae

123 2675 240 2714 modo
260 2675 423 2723 dextrae,
451 2675 569 2714 modo
593 2675 760 2713 sinistrae
787 2678 1050 2728 ponebantur.
1108 2677 1282 2724 Dextrae,
1303 2692 1391 2729 quae
1409 2678 1582 2717 foramen

125 2739 281 2780 unicum
312 2739 522 2778 haberent:
563 2739 746 2786 sinistrae,
782 2755 871 2792 quae
891 2741 1046 2780 duobus
1067 2748 1202 2780 essent
1229 2742 1481 2781 foraminibus
1503 2743 1581 2780 dis-
