1903 3306
338 219 424 260 170
744 229 1029 260 ωοΑοΗιΜυς
1063 229 1392 260 CAMEssAstws

340 330 379 361 et
397 323 564 374 pugiles,
596 330 638 361 ut
673 324 800 361 Livius
822 331 1024 369 memorat,
1056 324 1121 362 lib.
1146 337 1173 361 1.
1196 325 1262 374 qui
1283 332 1322 363 et
1341 324 1535 363 Ludorum
1558 325 1791 376 plebeiorum

339 388 574 425 mentionem
593 388 686 438 fecit
704 388 769 425 lib.
794 401 966 426 xxvrn.
1007 387 1114 425 Idem
1137 387 1281 435 Livius,
1297 401 1374 439 quo
1395 396 1568 439 tempore
1587 395 1626 426 et
1645 402 1722 439 qua
1744 388 1792 425 de

340 465 462 490 causa
490 451 655 490 instituti
685 458 725 490 et
751 451 847 489 Ludi
870 451 1013 489 scenici
1035 451 1128 488 dicti
1151 451 1240 498 sint,
1270 452 1428 502 copiose
1448 452 1584 490 eadem
1605 465 1694 502 quae
1715 453 1792 489 Va-

339 516 456 554 lerius
486 515 616 554 retulit
636 515 702 553 lib.
725 528 808 552 vu.
849 514 965 558 Quod
986 520 1137 566 tempus
1159 520 1220 551 est
1241 514 1357 552 Urbis
1378 515 1527 552 circiter
1548 516 1639 552 309.
1687 514 1794 552 Idem

338 587 468 618 tamen
490 579 556 616 lib.
582 591 745 616 xxxvn
768 577 934 628 scripsit,
970 579 1019 615 ob
1055 576 1339 616 dedicationem
1359 578 1454 616 aedis
1476 578 1614 616 Matris
1635 579 1794 628 Magnae

339 643 483 694 primos
503 642 618 681 ludos
652 642 827 681 scenicos
861 641 1002 688 factos,
1037 641 1235 679 Valerium
1257 642 1454 680 Antiatem
1475 654 1562 680 esse
1583 649 1794 688 auctorem,

340 707 559 758 Megalesia
587 705 819 757 appellatos,
848 704 954 755 quod
986 711 1139 755 tempus
1168 704 1287 742 distat
1305 718 1328 742 a
1347 704 1470 755 priore
1493 705 1603 742 annis
1623 705 1796 755 pluribus

343 772 431 809 165.
488 770 626 807 Cicero
648 769 795 806 Livium
817 768 1005 806 Fabulam
1027 767 1222 814 docuisse,
1254 777 1296 805 ut
1323 768 1538 814 retulimus,
1571 768 1726 818 scripsit
1756 768 1794 805 in

341 835 476 879 Bruto,
497 841 536 872 et
554 834 677 885 prima
695 833 814 870 Tusc.
835 832 1003 870 Claudio
1022 839 1062 870 et
1079 831 1274 870 Tuditano
1295 832 1409 871 Coss.
1438 845 1542 870 anno
1563 832 1610 870 U.
1633 833 1681 869 C.
1702 833 1795 870 410,

342 899 430 936 Hoc
452 897 601 936 Gellius
620 897 752 935 retulit
771 898 808 934 in
828 910 971 934 annum
994 898 1084 934 510.
1118 896 1286 946 ideoque
1306 895 1412 934 fuere
1433 896 1498 946 qui
1518 894 1621 946 apud
1641 895 1796 933 Cicero-

341 975 427 1001 nem
448 973 629 999 numeros
649 960 858 999 mutandos
880 967 1097 999 censerent.
1146 960 1263 1004 Quod
1287 960 1398 997 nobis
1418 960 1499 998 fieri
1519 965 1698 1011 oportere
1717 971 1795 995 non

340 1025 507 1071 videtur,
527 1038 614 1062 cum
634 1025 716 1076 ipse
738 1024 874 1063 Cicero
893 1023 1052 1070 indicet,
1074 1024 1171 1062 alios
1191 1024 1276 1061 haec
1298 1023 1409 1061 aliter
1423 1023 1665 1074 exposuisse,
1681 1027 1720 1059 et
1734 1033 1796 1059 res

342 1090 420 1126 sint
438 1088 761 1139 inexplicabiliter
780 1089 968 1126 confusae.
1027 1088 1120 1134 Sed,
1146 1095 1352 1138 postquam
1373 1099 1606 1138 componere
1627 1084 1796 1123 Fabulas

341 1159 638 1202 argumentosas
659 1154 786 1204 po’etae
810 1151 934 1189 Latini
954 1158 1168 1203 coeperunt,
1186 1159 1393 1202 sequentes
1414 1157 1454 1189 et
1471 1157 1668 1188 vertentes
1685 1149 1797 1186 Grae-

342 1231 473 1255 corum
495 1217 652 1268 scripta,
686 1218 724 1255 in
758 1217 833 1255 hoc
867 1229 1008 1267 genere
1041 1229 1186 1267 magna
1215 1215 1372 1254 licentia
1391 1215 1450 1253 usi
1469 1215 1638 1254 fuerunt.
1696 1215 1797 1253 Cum

342 1289 471 1319 autem
492 1287 624 1319 essent
650 1281 873 1318 Latinorum
907 1281 1062 1332 propria
1091 1279 1273 1330 quaedam
1305 1281 1499 1330 poemata,
1534 1285 1578 1316 ut
1596 1278 1798 1316 Atellano-

341 1358 439 1391 rum,
468 1344 646 1382 videntur
676 1344 893 1382 libertatem
923 1344 1028 1381 illam
1063 1343 1102 1380 in
1133 1342 1283 1381 Graecis
1313 1350 1353 1381 et
1382 1343 1527 1380 Latinis
1558 1342 1797 1393 argumentis

342 1410 469 1459 po'etae
491 1407 629 1453 Latini,
656 1420 733 1445 non
756 1413 835 1444 tam
859 1408 954 1457 fuga
973 1406 1117 1443 laboris
1150 1412 1190 1443 et
1219 1405 1431 1456 cupiditate
1461 1405 1604 1443 edendi
1637 1417 1723 1452 sua,
1756 1410 1799 1443 ut

344 1472 529 1510 Horatius
550 1478 675 1522 putat,
705 1484 821 1521 quam
851 1470 1088 1508 necessitate
1121 1470 1290 1521 quadam
1326 1469 1574 1515 custodiisse,
1605 1482 1654 1507 ne
1686 1481 1797 1507 aures

342 1536 484 1573 civium
515 1534 791 1586 peregrinitate
823 1533 1124 1571 offenderentur.
1182 1533 1243 1571 Ita
1273 1531 1420 1570 factum
1452 1539 1563 1583 puto,
1594 1538 1639 1570 ut
1670 1544 1798 1582 neque

342 1600 444 1637 intra
458 1599 649 1636 trimetros
667 1598 924 1643 constiterint,
939 1609 1065 1647 neque
1080 1595 1307 1633 Graecorum
1321 1595 1615 1646 exquisitionem
1631 1601 1671 1633 et
1686 1595 1799 1645 quasi

343 1675 532 1708 normam,
554 1661 603 1699 ad
625 1674 740 1712 quam
761 1673 943 1698 numeros
964 1660 1018 1697 illi
1039 1667 1264 1709 exegerant,
1285 1660 1325 1696 hi
1346 1658 1545 1698 servarint.
1594 1657 1672 1696 Sed
1693 1671 1798 1695 nunc

345 1727 528 1777 deinceps
564 1725 613 1763 de
643 1725 792 1762 ratione
822 1725 973 1771 horum,
1007 1731 1047 1762 et
1078 1723 1293 1761 carminum
1324 1723 1557 1760 comicorum
1590 1728 1798 1767 structura,

344 1803 433 1842 quae
459 1796 594 1827 nostra
622 1789 826 1839 diligentia
845 1788 1079 1834 observavit,
1108 1801 1275 1838 quaeque
1295 1786 1496 1838 postulare
1515 1785 1667 1823 videtur
1685 1785 1798 1824 lectio

346 1855 580 1893 Fabularum
604 1853 842 1898 Latinarum,
867 1853 1034 1891 breviter
1053 1851 1208 1903 quidem
1231 1851 1489 1889 disseremus:
1518 1851 1573 1888 ita
1592 1856 1736 1895 tamen,
1756 1856 1801 1887 ut

343 1919 512 1957 fortasse
541 1917 715 1956 nondum
745 1918 792 1954 ab
820 1917 903 1955 aliis
931 1917 1198 1954 demonstrata
1228 1914 1458 1953 indicemus.
1517 1914 1645 1951 Metra
1664 1913 1800 1963 praeci-

344 1995 423 2034 pua
443 1988 534 2019 sunt
554 1994 709 2024 novem;
732 1980 949 2025 iambicum,
966 1980 1219 2025 trochaicum,
1237 1978 1485 2030 dactylicum,
1503 1977 1799 2027 anapaesticum,

344 2045 661 2089 choriambicum,
682 2043 992 2095 antispasticum,
1013 2043 1182 2081 ionicum
1199 2054 1222 2079 a
1236 2042 1393 2092 majore,
1414 2041 1582 2078 ionicum
1599 2053 1622 2078 a
1637 2039 1798 2085 minore,

345 2109 578 2161 paeonicum.
636 2109 668 2145 E
689 2120 852 2159 quorum
873 2120 1032 2145 numero
1059 2120 1163 2145 nunc
1194 2106 1406 2143 eximemus
1436 2104 1642 2142 iambicum
1662 2110 1701 2141 et
1721 2110 1799 2140 tro-

346 2174 537 2219 chaicum,
571 2172 699 2223 deque
731 2172 776 2209 iis
797 2185 885 2222 quae
904 2171 1138 2209 videbuntur
1158 2169 1343 2208 dicemus.
1402 2168 1615 2206 Iambicum
1635 2173 1799 2204 metrum

348 2251 369 2275 a
389 2238 559 2288 principe
579 2237 680 2287 pede
699 2248 840 2274 nomen
859 2236 999 2273 habet:
1030 2235 1094 2285 qui
1130 2247 1154 2272 a
1186 2233 1374 2272 conviciis
1405 2230 1622 2283 appellatus
1643 2230 1728 2276 suit,
1757 2236 1801 2267 ut

346 2302 476 2351 placet
494 2300 713 2338 Aristoteli:
734 2311 900 2350 cumque
923 2298 972 2336 sit
991 2298 1155 2336 maxime
1171 2296 1406 2335 conveniens
1423 2293 1664 2333 sermonibus
1679 2295 1800 2344 (nam,

347 2365 504 2403 fortuito
526 2365 643 2403 etiam
660 2364 880 2414 loquentes,
901 2362 1050 2400 iambos
1068 2362 1223 2399 crebros
1243 2360 1502 2411 proferimus),

508 2459 625 2496 Hunc
646 2458 750 2496 socci
770 2470 907 2508 cepere
926 2455 1081 2508 pedem,
1103 2454 1347 2507 grandesque
1368 2452 1561 2499 cothurni,

508 2523 677 2559 Alternis
699 2527 830 2572 aptum
852 2521 1108 2564 sermonibus,
1130 2524 1168 2556 et
1186 2518 1394 2569 populares

509 2586 739 2624 Vincentem
761 2584 958 2636 strepitus,
980 2590 1019 2622 et
1038 2591 1171 2634 aptum
1190 2582 1304 2620 rebus
1325 2579 1501 2632 agendiS,

350 2696 394 2728 ut
413 2689 467 2727 ait
486 2687 686 2725 Horatius.
743 2686 830 2725 Hoc
850 2699 1020 2732 carmen,
1045 2698 1132 2724 cum
1152 2697 1290 2736 purum
1309 2688 1370 2722 est
1390 2689 1427 2721 et
1447 2682 1653 2732 integrum,
1673 2678 1799 2717 omni-

350 2755 424 2792 bus
443 2753 481 2791 in
502 2751 599 2790 locis
620 2751 767 2789 iambos
788 2750 930 2788 habet:
960 2755 1004 2788 ut
1023 2748 1126 2801 apud
1148 2748 1371 2787 Catullum:
