1903 3306
511 245 734 278 EUNUcffl
762 244 871 274 Ac'r.
895 243 945 272 ιι.
978 243 1045 271 sc.
1067 241 1119 270 11.
1466 226 1550 266 427

93 345 231 386 Suam
252 340 469 382 Thaidem
490 350 601 378 esse.
663 335 758 377 GN.
793 333 992 374 Plurima
1011 331 1151 371 salute
1172 328 1490 369 Parmenonem

96 411 324 452 Summum
344 419 473 448 suum
494 404 687 457 impertit
704 402 894 444 Gnatho.
957 398 1079 449 Quid
1099 396 1268 449 agitur?
1331 395 1419 435 PA.
1454 395 1550 434 Sta-

267 482 353 516 tur.
413 472 507 514 GN.
537 470 698 511 Video.
1496 462 1553 500 40

98 542 430 596 Numquidnam
463 538 582 593 quod
616 537 746 586 nolis,
767 534 921 576 vides?
982 532 1070 574 PA.
1100 530 1181 572 Te.
1243 528 1339 570 GN.
1381 526 1554 575 Cred03

270 613 317 649 at
336 606 551 660 numquid
573 604 725 645 aliud?

99 678 187 719 PA.
220 675 454 727 Quidum?
516 672 610 713 GN.
644 670 764 720 Quia
783 668 923 710 tristis
945 680 1006 708 es.
1067 665 1157 707 PA.
1188 662 1316 705 Nihil
1335 661 1553 715 equidem.

269 742 363 784 GN.
395 741 467 782 Ne
489 740 550 779 sis
569 752 578 779 :
609 737 690 778 sed
712 736 817 790 quid
836 734 1010 775 videtur

100 811 206 853 Hoc
226 811 303 852 tibi
325 805 623 860 mancipium?
684 804 772 844 PA.
805 802 908 843 Non
941 800 1102 841 malum
1121 796 1276 838 hercle.
1336 793 1428 836 GN.
1463 794 1555 835 Uro

267 877 507 918 hominem.
565 873 653 914 PA.
685 870 748 912 Ut
766 870 907 911 falsus
928 867 1061 909 animi
1082 865 1158 907 ’st!

101 946 196 988 GN.
242 943 392 995 Quam
433 942 520 982 hoc
556 952 716 981 munus
756 943 926 991 gratum
964 935 1129 977 Thaidi
1170 932 1384 974 arbitrare
1425 931 1558 972 esse?

271 1011 360 1052 PA.
393 1009 498 1051 Hoc
519 1021 634 1049 nunc
658 1007 788 1056 dicis,

102 1079 283 1134 Ejectos
302 1079 402 1119 hinc
422 1090 506 1117 nos
523 1090 533 1117 z
566 1075 760 1117 omnium
781 1085 939 1121 rerum,
957 1071 1084 1119 heus,
1102 1067 1368 1110 vicissitudo
1391 1070 1472 1108 est.
1503 1067 1563 1106 45

100 1231 237 1270 virginis
264 1231 341 1262 dono
372 1228 521 1260 Thaidem
548 1228 609 1258 sibi
635 1225 817 1266 acquisitam
843 1224 965 1256 habere.
1024 1223 1096 1254 GN.
1132 1221 1308 1253 Plurimum
1333 1221 1463 1250 salutem
1486 1219 1563 1250 dicit

106 1274 234 1305 Gnatho
245 1272 446 1307 Parmenoni,
460 1280 576 1301 summo
592 1274 621 1300 et
637 1270 748 1300 intimo
759 1278 814 1299 suo
826 1268 935 1298 amico.
982 1266 1068 1301 Quid
1076 1265 1131 1307 fit,
1147 1275 1164 1295 o
1179 1262 1306 1295 noster?
1352 1263 1418 1293 PA.
1441 1262 1563 1293 Statur.

103 1318 176 1348 GN.
201 1316 240 1347 Id
284 1316 385 1346 uidem
409 1314 509 1345 video.
555 1313 666 1343 Nonne
690 1312 740 1342 hic
765 1311 850 1341 vides
875 1311 921 1347 id,
947 1311 1026 1349 quod
1051 1306 1157 1339 nolis?
1201 1307 1268 1337 PA.
1295 1307 1337 1337 Te
1353 1306 1451 1340 video,
1475 1314 1565 1344 quem

103 1359 209 1390 nolim.
274 1359 325 1389 Ἢ.
351 1358 462 1396 Credo,
479 1356 532 1387 secl
545 1354 691 1395 numquid
705 1351 816 1384 aliud?
861 1352 928 1383 PA.
955 1352 1020 1382 Cur
1035 1347 1161 1389 igitur?
1207 1349 1278 1380 GN.
1306 1348 1389 1384 Quia
1405 1348 1505 1378 tristis
1519 1357 1563 1377 es.

104 1401 172 1432 PA.
198 1401 290 1432 Nihil
314 1400 463 1440 equidem.
509 1398 582 1429 GN.
608 1398 657 1428 Ne
681 1397 725 1427 sis
752 1396 868 1434 tristis,
889 1404 1002 1435 quoeso.
1048 1394 1111 1424 Sed
1140 1393 1242 1432 qualis
1268 1391 1327 1422 tibi
1351 1391 1476 1421 videtur
1498 1390 1563 1420 laec

103 1442 218 1475 servu?
262 1444 329 1475 PA.
353 1443 426 1473 Non
442 1442 523 1472 mala
538 1441 670 1481 quidem.
715 1439 786 1471 GN.
811 1438 980 1469 Hominem
1001 1436 1115 1468 crucio.
1161 1435 1227 1466 PA.
1254 1433 1397 1470 Utsallit
1413 1442 1481 1464 eum
1498 1433 1563 1472 opi-

104 1486 170 1525 nio,
192 1496 260 1517 cum
281 1488 375 1526 putat
400 1484 574 1523 hujusmodi
590 1491 716 1513 munere
739 1481 809 1520 capi
827 1481 986 1511 Thaidem.
1032 1479 1105 1510 GN.
1132 1478 1234 1513 Quam
1247 1479 1373 1516 gratum
1389 1476 1443 1506 hoc
1457 1485 1566 1506 munus

107 1529 223 1560 Thaidi
235 1538 339 1560 censes
353 1526 441 1559 esse?
487 1527 552 1557 PA.
581 1527 715 1564 Propter
740 1525 794 1554 lwc
814 1533 926 1554 munus
946 1521 1106 1557 nimirum,
1127 1523 1220 1560 putas
1243 1529 1298 1550 nos
1313 1529 1376 1550 esse
1391 1518 1504 1558 ejectos
1526 1527 1565 1548 ex

106 1571 155 1602 his
168 1571 298 1603 cedibus.
348 1571 434 1602 Heus
448 1569 552 1601 varias
572 1569 652 1599 vices
667 1567 805 1599 obtinent
831 1575 880 1597 res
898 1565 1087 1596 mortalium.
1135 1563 1205 1595 GN.
1229 1562 1385 1604 Efficiam,
1399 1562 1566 1599 Parmeno,

714 1680 960 1694 W

109 1773 163 1801 est
191 1767 299 1809 figura
339 1765 558 1808 aspirationis
588 1763 791 1795 index—40
826 1763 988 1803 Impar-tit.
1047 1760 1193 1801 Impertit
1223 1759 1353 1800 antiqui
1384 1759 1471 1791 libri.
1509 1761 1568 1791 Fa.

109 1812 231 1845 Nostri
258 1819 375 1841 omnes
404 1809 557 1849 impertit.
602 1808 648 1838 Et
678 1807 738 1838 Pr.
766 1816 799 1847 p.
817 1808 892 1836 801.
921 1805 1014 1836 Bent.
1060 1803 1210 1844 Impartit
1227 1802 1342 1834 Guelf.
1362 1805 1475 1833 3.-41
1504 1803 1567 1833 Hic

109 1855 188 1896 quod
211 1854 300 1885 nolis.
343 1852 442 1883 Bem.
468 1860 533 1881 nou
559 1850 664 1880 habet
689 1850 759 1880 hic:
784 1858 858 1890 quae
881 1852 918 1879 et
940 1848 1057 1878 abesse
1080 1850 1207 1887 potest.
1231 1846 1290 1877 Fa.
1336 1846 1569 1886 Numquidnam

109 1898 188 1937 quod
203 1895 300 1927 dedit
315 1896 376 1926 Fa.
393 1904 499 1935 prava
513 1902 594 1932 erga
610 1893 706 1923 Bem.
720 1891 926 1922 reverentia.
963 1890 1081 1921 Nostri
1096 1898 1223 1927 omnes,
1235 1898 1301 1919 uno
1318 1894 1477 1928 excepto,
1493 1899 1568 1919 cum

110 1940 201 1971 Edd.
216 1944 300 1969 vett.
317 1938 383 1968 hic:
407 1946 469 1967 nee
486 1936 606 1967 abesse
624 1940 739 1975 potest
763 1934 834 1965 sine
852 1943 969 1964 sensus
986 1932 1178 1972 dispendio.
1222 1932 1307 1961 'ram
1334 1936 1469 1962 constat
1495 1931 1572 1970 hoc,

112 1990 162 2020 ut,
175 1983 204 2012 si
219 1991 238 2012 a
255 1981 379 2011 ceteris
396 1980 550 2010 omnibus
567 1977 709 2008 afuisset
722 1977 784 2016 hic,
804 1982 840 2008 et
865 1977 899 2006 in
918 1976 989 2006 solo
1005 1976 1102 2006 Bem.
1118 1973 1303 2012 extitisset,
1320 1974 1352 2004 in
1370 1979 1500 2004 textum
1520 1983 1570 2004 re-

111 2025 263 2065 cepisset
280 2022 443 2054 Faernus.
467 2022 568 2052 Bent.
613 2020 681 2051 Hic
698 2020 823 2050 habent
849 2019 907 2050 ΒΓ.
923 2019 1018 2050 Peri.
1064 2018 1158 2048 Nunc
1175 2026 1236 2057 pro
1253 2017 1340 2047 Num
1355 2016 1475 2048 ,1.-42
1503 2017 1571 2047 Pro

111 2067 253 2108 equidem
268 2074 383 2097 omnes
397 2065 505 2095 nostri
523 2073 589 2094 uno
606 2068 753 2102 excepto
769 2062 911 2102 quidem;
928 2060 1018 2101 quod
1034 2060 1108 2100 ipse
1125 2069 1241 2090 versus
1258 2058 1436 2099 efflagitat.
1460 2059 1571 2089 Porro

111 2109 228 2141 tn'sti's
243 2107 426 2148 pronuntia
443 2112 479 2137 et
495 2106 619 2137 scribe.
642 2106 740 2136 Beut.
764 2114 863 2145 quein
880 2105 1015 2134 omnino
1038 2102 1195 2142 sequitur
1217 2102 1312 2132 Perl.
1360 2101 1493 2136 Quidem
1510 2102 1569 2132 Br.

115 2153 201 2188 Quia
215 2151 319 2182 tristis
334 2155 371 2181 et
387 2150 446 2181 Nil
470 2150 591 2189 quidem
607 2148 711 2178 Both.
759 2147 846 2182 Quid
874 2149 948 2177 dum
974 2151 1010 2177 et
1040 2145 1122 2179 Quia
1152 2143 1266 2175 tristi’s
1288 2144 1366 2184 Bip.
1414 2145 1571 2180 Quiddam

115 2194 234 2227 Guelf.
248 2196 366 2225 2.-43
389 2192 504 2223 Animo
522 2192 586 2222 Ms.
601 2190 697 2230 Lips.
716 2190 816 2221 1Vest.
861 2189 1009 2229 Egregie
1026 2192 1096 2218 tres
1113 2196 1155 2218 ex
1172 2186 1295 2218 nostris
1310 2186 1459 2226 codices,
1468 2188 1572 2225 falsus

115 2247 160 2269 σε.
204 2237 292 2268 Tum
318 2245 434 2267 omnes
460 2234 587 2265 habent
612 2234 727 2263 animo.
772 2231 862 2262 Illud
879 2231 976 2261 animi
991 2232 1129 2262 Donato
1145 2230 1302 2261 debetur.
1324 2230 1420 2260 Bent.
1463 2231 1506 2268 B,
1534 2230 1575 2269 C,

115 2280 197 2315 Hel.
211 2289 253 2310 es.
277 2279 381 2310 Both.
427 2277 484 2309 Sic
500 2277 572 2316 ipse
591 2275 649 2306 dat
665 2285 740 2306 cum
756 2275 849 2305 Peri.
896 2274 1010 2305 Animo
1029 2274 1172 2304 ssr.—44
1195 2272 1303 2304 Dices.
1337 2272 1432 2303 Dicis
1447 2273 1572 2310 legitur

114 2323 150 2354 in
176 2323 274 2354 Rem.
297 2326 334 2353 et
360 2320 530 2361 aliquibus
554 2319 639 2349 aliis.
665 2318 724 2349 Fa.
776 2316 896 2349 Nostri
921 2326 1037 2347 omues
1065 2315 1168 2352 «mes,-
1197 2315 1306 2346 minus
1335 2320 1441 2347 recte.
1473 2316 1572 2346 Beni.

772 2426 911 2459 NOTAE

159 2521 200 2550 41
233 2517 468 2557 Numquidnam
491 2516 569 2555 quod
597 2514 687 2554 nolis,
712 2513 814 2553 vides]
869 2521 921 2542 am
938 2511 1149 2542 versiculus:
1173 2509 1219 2540 Τὰ
1245 2510 1340 2547 θνητὰ
1361 2508 1464 2540 παν-τὰ
1479 2522 1572 2548 μετα-

120 2567 199 2600 Hoc
224 2567 308 2599 dicit
329 2566 480 2605 Gnatho,
509 2565 673 2605 virginem
700 2570 814 2595 osten·
870 2562 969 2598 βολὰς
995 2562 1117 2592 πολλὰς
1146 2559 1224 2600 ἔχει.
1273 2562 1437 2592 Mortalia
1464 2562 1575 2592 omnia

119 2623 209 2650 tans.
872 2613 994 2643 multas
1010 2613 1137 2642 habent
1153 2612 1368 2644 mutationes
1414 2613 1575 2643 Celebra-

163 2671 203 2700 45
230 2667 376 2698 Omnium
404 2675 508 2696 rerum
544 2664 726 2695 vicissitudo
755 2664 818 2704 est]
873 2666 928 2694 tur
945 2668 980 2694 et
995 2663 1059 2693 hoc
1075 2662 1203 2693 dictum
1220 2673 1226 2692 :
1247 2661 1367 2694 Κύκλος
1382 2663 1421 2694 τὰ
1433 2663 1575 2704 ἀνθρώπμ

123 2717 346 2755 vicissitudo,
374 2722 426 2747 est
455 2725 517 2756 per
545 2716 636 2745 vices
663 2716 819 2754 mutatio,
873 2724 921 2754 να,
938 2713 1092 2745 circulus
1109 2722 1163 2743 res
1180 2713 1344 2745 humauae.

123 2768 314 2800 alternatio.
360 2767 482 2798 Fertur
498 2765 533 2796 iu
558 2774 630 2795 eam
652 2764 817 2796 sententi-
