1903 3306
561 266 786 297 EUNUcm
822 266 932 294 ACT.
953 265 1004 294 11.
1038 265 1105 294 sc.
1131 266 1178 293 ιι.
1509 254 1594 295 423

145 361 250 402 Hoc
271 373 433 402 novum
465 365 533 402 est
560 361 827 414 aucupium:
871 372 950 412 ego
982 359 1091 400 adeo
1123 359 1235 399 hanc
1258 359 1426 411 primus
1446 360 1590 399 inveni

312 427 446 469 viam.

144 494 226 535 Est
255 507 392 548 genus
427 495 667 544 hominum,
702 495 778 548 qui
807 506 905 534 esse
940 494 1108 547 primos
1142 505 1190 533 se
1223 494 1416 533 omnium
1449 505 1592 533 rerum

317 562 481 611 volunt,

144 626 243 668 Nec
280 631 402 669 sunt:
443 629 526 668 hos
561 634 805 669 consector.
868 627 1012 668 Hisce
1050 641 1133 681 ego
1169 640 1254 669 non
1291 641 1398 681 paro
1439 641 1508 668 me
1541 632 1591 668 ut

316 696 516 746 rideant3
1435 747 1440 750 ι

144 762 234 802 Sed
254 763 320 803 his
340 763 453 804 ultro
476 763 664 812 arrideo,
686 766 731 803 et
753 775 902 803 eorum
922 762 1097 815 ingenia
1118 763 1308 804 admiror
1331 764 1476 804 simul.

143 827 372 883 Quicquid
408 828 578 878 dicunt,
611 829 773 870 laudo:
815 829 859 869 id
889 842 1059 870 rursum
1097 830 1135 870 si
1167 837 1343 883 negant,
1379 831 1512 872 laudo
1548 832 1593 872 id

317 908 510 949 quoque.
1539 899 1596 940 20

144 961 298 1014 Negat
310 963 439 1016 quis'?
456 976 586 1015 nego:
608 964 698 1004 ait?
721 963 807 1004 aio.
830 963 1064 1005 Postremo
1079 965 1290 1019 imperavi
1304 970 1477 1018 egomet
1488 967 1595 1008 mihi

144 1028 307 1070 Omnia
327 1031 560 1071 assentari.
621 1030 667 1071 ls
689 1035 889 1085 quaestus
912 1045 1027 1072 nunc
1049 1037 1116 1073 est
1137 1033 1272 1074 multo
1293 1034 1550 1074 uberrimus.

144 1095 234 1137 PA.
273 1096 442 1138 Scitum
475 1097 621 1139 hercle
655 1099 904 1139 hominem!
948 1099 1019 1140 hic
1058 1100 1253 1141 homines
1294 1114 1497 1154 prorsum
1538 1114 1597 1142 ex

316 1164 468 1205 stultis
488 1166 665 1206 insanos
682 1165 803 1206 facit.

142 1229 236 1272 GN.
270 1230 387 1272 Dum
407 1232 502 1273 haec
524 1232 758 1287 loquimur,
790 1234 957 1275 interea
977 1234 1063 1275 loci
1084 1234 1142 1274 ad
1161 1235 1398 1276 macellum
1419 1236 1493 1276 ubi
1516 1236 1592 1276 ad-

318 1299 536 1349 venimus,

142 1364 418 1407 Concurrunt
438 1367 530 1408 laeti
551 1368 608 1408 mi
630 1368 805 1408 obviam
829 1368 1104 1421 cupedinarii
1128 1381 1298 1417 omnes,
1538 1370 1595 1412 25

143 1433 326 1482 Cetarii,
348 1434 473 1485 lanii,
496 1435 644 1489 coqui,
665 1435 868 1486 sartores,
889 1436 1153 1489 piscatores,
1175 1449 1396 1490 aucupes;

141 1579 274 1617 cupundi
288 1580 405 1610 modus.
452 1579 535 1614 Quin
561 1590 616 1619 ego
631 1580 696 1619 ipse
711 1580 789 1610 hanc
803 1581 949 1620 captandi
965 1584 1063 1612 artem
1077 1581 1193 1612 inveni.
1239 1583 1297 1613 Est
1314 1592 1412 1622 genus
1429 1582 1599 1621 hominum,

142 1620 196 1660 qui
210 1622 326 1660 primos
341 1623 373 1652 in
389 1623 526 1653 omnibus
541 1623 629 1653 rebus
653 1633 686 1653 se
708 1633 772 1654 esse
788 1625 906 1662 volunt,
930 1634 983 1654 nec
997 1627 1068 1654 sant
1081 1635 1092 1660 ;
1107 1625 1247 1664 quamvis
1260 1626 1360 1656 videri
1374 1626 1482 1656 velint.
1529 1625 1599 1656 Hos

140 1667 295 1694 consector
308 1675 317 1694 .-
341 1665 390 1696 his
412 1674 468 1703 ego
485 1675 544 1696 non
559 1667 665 1696 studeo
680 1666 831 1696 ridiculus
846 1676 919 1704 esse,
929 1668 981 1697 sed
997 1666 1045 1696 his
1058 1670 1165 1707 sponte
1180 1668 1245 1699 risu
1260 1668 1423 1706 assentior,
1449 1671 1479 1698 et
1496 1677 1600 1698 eorum

142 1714 244 1736 mores
258 1717 326 1737 cum
340 1707 546 1738 admiratione
557 1708 692 1747 proedico
704 1718 715 1744 ;
737 1708 882 1749 quicquid
897 1709 1017 1749 dicunt,
1045 1710 1157 1746 laudo‚·
1179 1710 1207 1740 si
1232 1720 1339 1742 rursus
1359 1711 1393 1741 id
1413 1713 1541 1749 negant,
1565 1711 1599 1741 id

141 1747 289 1779 similiter
303 1759 382 1789 nego
395 1761 407 1787 ‚·
429 1750 457 1780 si
471 1755 564 1789 negat
586 1751 668 1791 qui-3,
691 1761 769 1790 nego
782 1761 793 1787 ;
815 1751 843 1782 si
868 1753 1002 1793 affirmat
1029 1753 1102 1792 quid
1125 1762 1200 1792 esse,
1224 1755 1355 1794 affirmo.
1399 1753 1543 1794 Denique
1566 1754 1599 1783 z'n

142 1790 278 1822 animam
293 1793 416 1831 induxi,
431 1793 532 1824 omnia
546 1794 611 1823 illis
625 1794 791 1825 assentari.
837 1794 876 1824 Id
896 1795 1014 1824 lucrum
1040 1805 1118 1825 nunc
1141 1798 1188 1826 est
1211 1797 1299 1827 valde
1321 1796 1485 1836 copiosum.
1531 1796 1598 1826 PA.

142 1833 302 1872 Argutum
326 1835 497 1867 mehercule
517 1835 687 1867 hominem:
711 1837 759 1866 hic
783 1836 919 1867 homines
941 1847 981 1867 ex
995 1838 1101 1867 staltis
1112 1848 1240 1877 prorsus
1255 1840 1379 1869 insanos
1394 1843 1494 1870 mente
1501 1838 1599 1880 facit.

143 1874 212 1906 GN.
238 1877 363 1908 Interea
378 1879 450 1909 dum
467 1878 499 1909 hi
520 1888 674 1909 sermones
686 1878 769 1909 inter
784 1889 837 1910 nos
852 1879 1012 1915 habentur,
1025 1884 1118 1920 atque
1133 1881 1185 1912 ubi
1200 1882 1239 1911 ad
1242 1881 1353 1918 forum
1369 1883 1515 1920 venimus,
1532 1891 1599 1912 ecce

142 1923 304 1950 occurrunt
320 1921 395 1952 mihi
408 1921 550 1951 celeriter
563 1921 679 1952 hilares
693 1922 864 1961 cupediarii
879 1932 993 1959 omnes,
1009 1924 1168 1962 epularum
1183 1925 1398 1955 delicatiorum
1413 1926 1600 1961 venditores,

139 1961 312 2002 popinarii,
335 1963 460 2002 cetarii,
483 1964 535 2004 qui
559 1965 760 2004 proegrandes
780 1965 880 2004 pisces
903 1966 1051 2004 vendunt,
1076 1966 1224 2006 laniones,
1230 1967 1435 2006 farciminum
1450 1967 1598 2008 artifice&

759 2070 993 2082 eeeeeeeeeeee

140 2146 295 2176 saeculum.
319 2144 413 2175 Peri.
458 2144 535 2176 Hoc
556 2144 614 2175 dat
629 2145 775 2176 Br.-19
797 2144 851 2176 Set
877 2146 926 2176 his
949 2146 1031 2177 ultro
1056 2147 1189 2179 arrideo.
1235 2149 1326 2189 Lege
1352 2149 1409 2182 Set
1434 2152 1480 2182 eis
1503 2154 1596 2186 ultro.

141 2188 282 2219 Frustra
299 2188 386 2218 enim
404 2192 456 2218 est
472 2192 508 2218 et
524 2187 570 2218 nil
592 2194 769 2228 promovet
787 2188 836 2218 vir
852 2187 985 2228 doctus),
1009 2198 1085 2220 cum
1109 2191 1243 2231 reponit
1260 2192 1312 2223 iis.
1336 2193 1438 2225 Bent.
1486 2196 1601 2237 Sequi-

142 2235 198 2262 tm·
215 2231 315 2262 Both.
361 2231 420 2261 Eis
434 2229 494 2261 dat
510 2235 545 2261 et
562 2230 743 2261 Perl.-20
768 2230 869 2261 Hunc
888 2240 936 2262 vs.
964 2231 1058 2263 delet
1076 2233 1179 2264 Both.
1230 2235 1298 2265 Dat
1326 2236 1384 2266 ΒΥ.
1411 2238 1512 2269 laudo.
1558 2240 1599 2271 Id

141 2283 256 2314 quoque
279 2273 400 2311 Negat,
424 2273 561 2312 &scs—21
588 2273 696 2312 Negat
722 2273 811 2314 quis?
843 2283 942 2312 nego:
967 2274 1036 2305 ait?
1059 2275 1118 2306 aio.
1166 2276 1261 2308 Citat
1287 2277 1410 2309 Cicero
1436 2280 1468 2310 in
1496 2282 1600 2313 Laeiio

142 2325 219 2356 cap.
234 2318 288 2347 25.
306 2320 434 2357 quanto
460 2316 564 2356 magis
588 2316 721 2355 mirum,
747 2316 834 2346 hunc
863 2326 994 2347 versum
1024 2317 1161 2358 Guyeto
1188 2320 1338 2359 spurium
1364 2321 1485 2354 videri.
1532 2325 1601 2355 Ex-

141 2359 252 2398 pressi
267 2368 342 2390 cnm
360 2358 627 2397 interrogatione
644 2358 836 2389 Gnathonis
854 2358 970 2398 verba,
993 2360 1084 2400 quod
1114 2367 1150 2392 et
1177 2361 1262 2393 fecit
1289 2364 1378 2394 Dae.
1403 2365 1543 2406 majore,
1566 2369 1600 2399 ni

141 2399 253 2440 fallor,
283 2400 447 2441 emphasi.
486 2400 587 2432 West.
634 2401 734 2432 Hanc
762 2401 895 2432 verbor.
927 2401 1137 2441 antiphrasin
1168 2414 1229 2444 per
1258 2405 1459 2447 interrogat.
1490 2410 1598 2442 West.

141 2443 246 2474 Bent.
264 2444 363 2474 Both.
381 2443 524 2483 exprim.
541 2443 765 2474 incommode.
814 2444 891 2475 Non
909 2443 957 2474 ita
973 2445 1032 2475 Fa.
1050 2446 1107 2476 Er.
1127 2446 1207 2479 Par.
1233 2447 1326 2479 Mur.
1351 2449 1448 2490 [Bip.
1468 2451 1507 2483 Z.
1523 2452 1600 2493 Bia]

143 2486 318 2517 Perl.—22
342 2485 408 2516 His
426 2495 487 2526 pro
504 2485 539 2516 Is
556 2486 699 2517 Bru—24
727 2486 787 2517 Ubi
802 2487 946 2517 venimus.
992 2487 1122 2518 Versus
1139 2495 1292 2529 constat,
1315 2491 1342 2521 si
1356 2494 1496 2524 venimus
1512 2505 1598 2535 prae-

140 2528 246 2559 sentis
263 2528 308 2559 sit
329 2529 504 2567 temporis,
529 2528 582 2558 vel
608 2534 702 2559 certe
729 2529 864 2570 legatur
888 2531 1100 2569 adventamus,
1123 2536 1161 2562 ut
1186 2532 1218 2563 in
1244 2533 1342 2564 Bem.
1368 2540 1433 2573 est,
1456 2542 1491 2567 et
1517 2547 1598 2569 non-

141 2571 242 2602 nullis
257 2571 330 2601 aliis
345 2570 448 2609 libris,
471 2575 656 2602 attestante
674 2571 749 2603 Riv.
793 2572 882 2602 Sane
899 2573 931 2602 in
949 2573 1096 2613 antiquis
1112 2574 1186 2604 aliis
1203 2574 1297 2606 libris
1323 2582 1374 2607 est
1401 2580 1600 2617 adt-enimus,-

140 2613 232 2654 quod
246 2623 312 2644 non
330 2614 378 2644 ita
394 2613 535 2644 multum
551 2613 659 2644 distat
674 2614 716 2644 ab
726 2616 935 2646 culventamuS.
953 2615 1012 2645 Fa.
1059 2616 1150 2647 Vera
1166 2617 1266 2649 lectio
1281 2623 1334 2650 est
1347 2621 1536 2661 advenimus,
1563 2631 1600 2655 ut

142 2656 290 2697 quinque
306 2665 348 2687 ex
365 2656 487 2687 nostris
504 2655 644 2688 habent.
669 2657 865 2688 Bent.—25.
889 2660 931 2688 26
956 2657 1152 2690 Concurrunt
1166 2661 1233 2691 loeti
1249 2662 1290 2692 mi
1310 2662 1432 2693 obviam
1457 2667 1598 2705 cuppedi-

799 2742 942 2774 NOTAE

174 2813 216 2842 22
241 2809 421 2852 Assentari]
447 2811 592 2852 Proprie
609 2816 819 2844 assentarnur
833 2821 927 2853 voce,
947 2813 1124 2844 adulamur
1141 2819 1254 2855 gestu,
1271 2815 1462 2849 blandimur
1477 2823 1579 2850 tactu,
