1903 3306
820 226 860 255 P,
895 223 1136 254 TERENTM
1173 223 1288 253 AFRI

735 381 938 424 ACTUS
972 381 1036 423 II.
1088 379 1297 423 SCENA
1330 380 1387 423 V.

571 506 815 537 ssYRRfflA.
848 504 981 535 SIMO.
1017 503 1200 535 DAVUS.
1235 502 1542 533 PAMPHILUS.

328 576 416 616 ΒΥ.
451 574 632 617 HERUS
657 588 737 625 mc,
758 565 927 615 relictis
949 572 1095 623 rebus,
1118 571 1258 626 jussit
1283 569 1559 624 Pamphilum

328 642 478 684 Hodie
500 644 754 693 observare,
777 646 841 695 ut,
864 641 970 696 quid
991 645 1140 694 ageret
1160 640 1215 681 de
1235 638 1447 692 nuptiis„

327 710 518 752 Scirem:
550 710 595 752 id
618 715 860 764 propterea
880 722 994 750 nunc
1015 697 1131 749 hunc
1154 707 1395 749 venientem
1416 718 1586 759 sequor.

329 778 484 832 Ipsum
507 778 620 820 adeo
645 781 809 832 praesto
829 777 959 818 video
982 789 1079 818 cum
1104 775 1236 816 Davo
1256 787 1264 815 :
1297 773 1381 827 hoc
1402 785 1546 826 agam.

329 846 398 889 Si.
430 846 679 900 Utrumque
701 845 855 886 adesse
874 843 1021 885 video.
1083 843 1178 884 DA.
1211 841 1343 891 Hem,
1367 853 1509 882 serva.
1569 839 1636 882 Si.
1659 839 1792 881 Pam-

502 914 634 969 phile.
1669 896 1672 897 ’
1766 909 1796 949 5

330 984 422 1025 DA.
456 982 601 1033 Quasi
622 982 674 1023 de
696 980 939 1035 improviso
960 978 1136 1033 respice
1158 978 1214 1019 ad
1243 989 1359 1018 eum.
1420 975 1510 1017 PA.
1542 975 1693 1026 Ehem,
1715 987 1794 1029 pa-

500 1054 578 1092 ter.

373 1173 442 1204 BY.
468 1172 575 1204 Herus
596 1172 750 1203 Charinus
758 1171 853 1210 jussit
871 1179 929 1210 me,
945 1169 1034 1201 rebus
1050 1167 1189 1200 omnibus
1203 1166 1403 1208 posthabitis,
1418 1165 1508 1197 lwdz‘e
1523 1164 1683 1196 observare
1701 1163 1796 1195 Pam-

328 1216 457 1257 philum,
472 1219 508 1246 ut
522 1216 632 1246 scirem
647 1215 721 1254 quid
733 1218 839 1253 ageret
855 1214 892 1245 de
908 1212 1027 1253 nuptiis
1040 1222 1108 1243 cum
1126 1211 1333 1242 Philumena.-
1348 1212 1514 1251 propterea
1529 1218 1610 1239 nunc
1624 1206 1797 1238 venientem

327 1260 407 1290 huuc
420 1259 597 1299 subsequor.
642 1257 705 1289 Sed
720 1268 787 1289 ecce
802 1257 852 1288 hic
866 1256 992 1296 propius
1005 1256 1092 1286 adest
1108 1264 1179 1285 cum
1199 1254 1304 1285 Davo.
1351 1253 1422 1284 Hac
1444 1261 1548 1292 agam,
1573 1251 1675 1291 ipsum
1695 1249 1798 1281 obser-

328 1302 414 1332 mbo.
454 1303 503 1333 Sl.
530 1302 715 1341 Utramque,
742 1300 992 1340 Pamphilumne
1008 1299 1146 1337 Davum,
1167 1307 1262 1338 prope
1278 1306 1340 1328 esse
1356 1296 1457 1326 video.
1503 1294 1573 1325 DA.
1601 1293 1681 1324 Hem
1696 1301 1797 1333 serva,

330 1355 399 1385 quoe
409 1344 594 1386 praemonui.
638 1344 689 1376 S1.
714 1343 889 1384 Pamphile.
935 1342 1004 1373 DA.
1029 1341 1160 1382 Respice
1174 1341 1215 1371 ad
1225 1342 1362 1381 patrem,
1377 1341 1524 1380 tanquam
1539 1345 1599 1368 non
1611 1335 1798 1377 praevideris

944 1452 1186 1467 “tontole“

378 1533 393 1562 1
421 1530 505 1562 Mss.
522 1530 659 1572 quidam
675 1531 730 1561 rel.
741 1540 770 1561 r.
787 1528 939 1561 omnibus.
965 1528 1075 1560 west.
1099 1528 1169 1559 ET.
1183 1531 1219 1559 et
1235 1526 1316 1558 EM.
1331 1525 1388 1557 rei.
1402 1535 1430 1558 r.
1447 1534 1528 1556 omn.
1546 1522 1601 1556 ld.
1618 1523 1653 1554 iu
1666 1520 1800 1554 Add.—-

334 1577 391 1605 2-3
424 1574 514 1614 Guy.
529 1575 664 1605 omnino
683 1574 784 1605 docet
800 1571 1031 1611 scribendum,
1044 1571 1103 1602 huc
1120 1581 1188 1601 ven.
1204 1569 1438 1609 intelligitque
1455 1566 1686 1607 Pamphilum.
1713 1564 1801 1596 Mihi

336 1618 440 1648 etiam
457 1617 565 1657 major
579 1617 772 1648 obscuritas
787 1625 862 1647 esse
881 1616 914 1646 in
929 1615 978 1646 his
993 1614 1107 1646 verbis
1126 1614 1277 1644 videtur.
1310 1611 1402 1645 Quid
1419 1620 1501 1652 ergo
1517 1610 1529 1642 ’.Ρ
1553 1606 1802 1650 Conjiciebam,

335 1661 416 1692 lect.
435 1661 525 1701 vulg.
542 1660 634 1699 hunc,
649 1669 723 1690 esse
740 1659 970 1697 retinendam,
984 1663 1020 1688 et
1038 1667 1099 1698 per
1115 1657 1198 1687 hunc
1214 1665 1279 1686 non
1297 1654 1530 1695 Pamphilum,
1547 1651 1608 1683 sed
1629 1651 1801 1683 Simonem

336 1703 605 1744 intelligendum.
626 1703 722 1734 West.
749 1703 819 1734 Pro
836 1702 870 1732 id
887 1711 970 1732 unus
988 1710 1006 1731 e
1019 1699 1146 1731 nostris
1164 1699 1267 1729 habet
1284 1699 1355 1738 huc,
1371 1696 1510 1728 rectius.
1534 1695 1604 1727 Sed
1617 1698 1711 1726 totus
1726 1701 1800 1723 ver-

335 1757 389 1777 sus
406 1752 458 1777 est
475 1747 621 1786 spurius.
666 1745 819 1777 Emenda
840 1745 901 1785 sic,
925 1745 1131 1780 observarem,
1144 1743 1217 1782 quid
1233 1742 1418 1781 ageret‚8sc.
1443 1740 1546 1771 Bent.
1571 1737 1687 1769 Benti.
1704 1735 1803 1776 legit,

334 1788 629 1829 observaremquz'd:
651 1793 688 1819 et
704 1798 774 1830 seq.
792 1797 926 1818 versum
940 1792 1102 1828 tanquam
1129 1785 1283 1825 spurium
1300 1784 1406 1814 delet.
1437 1783 1623 1814 Burmann.
1650 1779 1804 1811 Bentlei-

337 1833 409 1863 anis
426 1833 573 1863 inventis
591 1831 633 1862 ad
650 1831 747 1863 Suet.
767 1831 872 1871 Vesp.
887 1840 916 1861 c.
931 1839 1044 1861 xxru.
1059 1828 1281 1867 contradicit,
1293 1832 1329 1858 et
1345 1826 1636 1857 constructionem
1653 1821 1804 1860 mejussie

338 1876 529 1906 observarem
545 1875 693 1906 scabiem
708 1879 821 1914 vocat,
833 1872 1086 1904 sed'Gesnerns
1099 1869 1256 1902 defendit
1274 1874 1309 1901 et
1323 1867 1545 1900 construendi
1561 1867 1730 1898 rationem
1745 1874 1804 1896 ex-

339 1919 448 1959 plicat
467 1919 498 1949 in
515 1918 615 1949 Thes.
635 1917 734 1958 Ling.
753 1918 828 1948 Lat.
846 1925 930 1947 voce
954 1913 1115 1948 ‘Jubeo.'
1141 1914 1180 1944 R.
1195 1914 1238 1945 D.
1264 1912 1463 1944 Bentleium
1489 1910 1627 1941 omnino
1649 1907 1804 1949 sequitur

339 1961 441 1993 Both.
490 1960 691 1991 Observarem
714 1960 789 2000 quid
805 1959 864 1990 dat
879 1959 974 1990 Peri.
1021 1957 1075 1988 Ad
1094 1966 1214 1988 vocem
1231 1956 1310 1986 hunc
1325 1958 1421 1986 notat
1436 1953 1550 1986 Gloss.
1567 1962 1622 1993 ap.
1637 1951 1696 1983 ΒΓ.
1718 1951 1727 1967 ‘
1739 1950 1804 1980 Vei

338 2004 427 2036 huc.'
453 2003 647 2045 Distinguit
678 2003 798 2035 Perlet
827 2001 949 2034 Scirem
979 2001 1029 2032 id.-
1051 2002 1221 2043 propt.—6
1244 1999 1307 2030 De.
1333 1997 1403 2030 Alii
1432 2007 1484 2028 ex.
1509 1996 1685 2028 West.—-8
1708 1992 1806 2025 Ordo

1000 2096 1146 2130 NOTAE

383 2180 401 2208 3
429 2177 468 2208 Id
497 2177 676 2218 propterea]
714 2176 723 2194 ⁴
744 2175 804 2207 Id'
832 2185 924 2216 saepe
956 2173 1048 2215 apud

342 2226 503 2258 Plautum
538 2232 574 2258 et
604 2226 808 2258 Terentium
845 2230 938 2256 amat
968 2224 1049 2265 poni

343 2288 419 2317 pro,
443 2277 531 2317 ideo,
547 2281 596 2316 et,
613 2283 756 2318 propter
772 2277 827 2308 id:
853 2280 974 2317 estque
992 2284 1049 2305 an-

342 2329 437 2368 tiqua
472 2327 622 2365 locutio;
658 2327 877 2368 quamobrem
911 2324 1049 2366 quidam

344 2382 488 2409 censent
512 2377 693 2417 legendum
716 2376 772 2408 hic
797 2385 895 2407 esse:
919 2378 954 2406 ut
977 2374 1052 2415 quid

341 2431 449 2468 ageret
472 2429 509 2459 de
531 2428 652 2468 nuptiis
675 2427 796 2458 Scirem
820 2426 865 2457 id.
904 2426 1006 2465 Nam,
1023 2425 1051 2455 si

343 2480 492 2520 legatur,
508 2478 541 2508 id
555 2481 732 2518 propterea,
745 2477 890 2508 alterum
908 2474 981 2507 fore
997 2485 1051 2506 su-

344 2537 564 2570 pervacuum.
612 2528 860 2559 Verumtamen
888 2535 968 2557 vera
1000 2529 1054 2557 est

345 2579 449 2612 lectio
478 2580 513 2610 id
534 2583 709 2621 propterea.
753 2578 891 2610 Etenim
922 2577 1052 2609 tralati-

346 2631 444 2669 tium,
460 2633 497 2661 ut
513 2639 708 2670 synonymae
738 2638 840 2661 voces
858 2628 947 2670 apud
964 2628 1052 2659 hunc

348 2685 524 2712 auctorem
549 2680 702 2721 aliosque
735 2689 828 2720 saepe
852 2680 1054 2720 jungantur,

348 2738 387 2762 ut
403 2732 412 2748 ⁶
429 2731 531 2762 etiam
550 2730 731 2771 quoquc,’‘
750 2729 961 2770 nimcjam,'‘
976 2738 1055 2769 ergo

348 2779 481 2821 igitur‚'
523 2781 531 2797 ‘
547 2781 698 2822 quamvis
738 2779 842 2817 iicet,'
881 2780 889 2796 ‘
911 2787 1057 2819 propere

1102 2170 1232 2213 ocyus‚'
1273 2173 1332 2202 aut
1362 2166 1517 2209 ornandi,
1545 2170 1606 2198 aut
1645 2164 1807 2207 explendi

1102 2223 1218 2263 metri,
1235 2228 1294 2255 aut
1312 2219 1567 2263 significationis
1583 2217 1806 2251 intendendae

1105 2282 1221 2313 causa,
1235 2272 1299 2304 etsi
1315 2269 1511 2312 superfluae,
1526 2267 1740 2309 copuiantur.

1149 2327 1169 2356 4
1194 2324 1321 2355 Praesto
1348 2319 1452 2360 video]
1490 2319 1624 2350 Praesto
1652 2326 1740 2357 esse,
1775 2316 1809 2348 id

1105 2379 1171 2414 est,
1184 2377 1391 2415 praesentem
1405 2380 1494 2410 esse,
1510 2369 1563 2401 vel
1581 2367 1713 2400 adesse.
1754 2367 1810 2399 Ci-

1106 2434 1205 2457 cero:
1243 2424 1253 2440 ‘
1271 2423 1408 2453 Praesto
1437 2424 1516 2452 sunt
1537 2417 1736 2450 hirundines
1765 2427 1810 2449 ae-

1105 2475 1193 2506 stivo
1230 2474 1410 2515 tempore:
1456 2471 1503 2502 Et
1537 2467 1692 2510 pluribus
1728 2467 1812 2500 locis

1107 2526 1194 2557 aliis.

1150 2579 1171 2607 6
1197 2574 1298 2612 Quasi
1309 2575 1347 2605 de
1361 2570 1545 2614 improviso]
1557 2569 1599 2602 Id
1613 2573 1681 2609 est,
1694 2567 1811 2600 reflec-

1110 2626 1214 2658 tendo
1230 2625 1367 2666 conjice
1392 2623 1442 2654 ita
1467 2623 1582 2654 oculos
1609 2619 1652 2652 ad
1670 2629 1760 2661 eum,
1774 2629 1813 2651 ac

1110 2676 1136 2708 si
1154 2681 1257 2707 antea
1283 2675 1377 2706 ilium
1405 2681 1471 2704 non
1496 2671 1659 2710 vidisses3
1682 2680 1725 2702 ne
1743 2680 1814 2701 sus-

1111 2727 1246 2768 picetur
1275 2726 1437 2758 meditata
1465 2733 1527 2756 nos
1554 2723 1713 2755 habuisse
1736 2730 1814 2754 con-

1113 2779 1200 2810 silia.
