<?xml version="1.0" encoding="UTF-8"?>
<!DOCTYPE html PUBLIC "-//W3C//DTD XHTML 1.0 Transitional//EN"
    "http://www.w3.org/TR/xhtml1/DTD/xhtml1-transitional.dtd">
<html xmlns="http://www.w3.org/1999/xhtml" xml:lang="en" lang="en">
 <head>
  <title>
</title>
<meta http-equiv="Content-Type" content="text/html;charset=utf-8" />
  <meta name='ocr-system' content='tesseract 3.04.00' />
  <meta name='ocr-capabilities' content='ocr_page ocr_carea ocr_par ocr_line ocrx_word'/>
</head>
<body>
  <div class='ocr_page' id='page_1' title='image "./pubterentiiafric01tereuoft/pubterentiiafric01tereuoft_0441.png"; bbox 0 0 1903 3306; ppageno 0'>
   <div class='ocr_carea' id='block_1_1' title="bbox 484 229 1570 277">
    <p class='ocr_par' dir='ltr' id='par_1_1' title="bbox 484 229 1570 277">
     <span class='ocr_line' id='line_1_1' title="bbox 484 229 1570 277; baseline -0.006 -2"><span class='ocrx_word' id='word_1_1' title='bbox 484 245 711 277; x_wconf 64' lang='lat' dir='ltr'><em>But-mem</em></span> <span class='ocrx_word' id='word_1_2' title='bbox 748 243 858 273; x_wconf 79' lang='lat' dir='ltr'><em>Ac&#39;r.</em></span> <span class='ocrx_word' id='word_1_3' title='bbox 892 241 944 270; x_wconf 74' lang='grc' dir='ltr'><em>ιι.</em></span> <span class='ocrx_word' id='word_1_4' title='bbox 978 241 1044 271; x_wconf 85' lang='lat' dir='ltr'><em>sc.</em></span> <span class='ocrx_word' id='word_1_5' title='bbox 1079 241 1153 270; x_wconf 86' lang='lat'><em>111.</em></span> <span class='ocrx_word' id='word_1_6' title='bbox 1489 229 1570 268; x_wconf 79' lang='grc'><em>431</em></span> 
     </span>
    </p>
   </div>
   <div class='ocr_carea' id='block_1_2' title="bbox 123 332 1574 395">
    <p class='ocr_par' dir='ltr' id='par_1_2' title="bbox 123 332 1574 395">
     <span class='ocr_line' id='line_1_2' title="bbox 123 332 1574 395; baseline -0.01 -10"><span class='ocrx_word' id='word_1_7' title='bbox 123 344 162 385; x_wconf 91' lang='grc' dir='ltr'><strong>Ο</strong></span> <span class='ocrx_word' id='word_1_8' title='bbox 185 343 345 384; x_wconf 84' lang='lat' dir='ltr'><em>faciem</em></span> <span class='ocrx_word' id='word_1_9' title='bbox 366 340 620 395; x_wconf 84' lang='lat' dir='ltr'>pulchram!</span> <span class='ocrx_word' id='word_1_10' title='bbox 668 339 795 379; x_wconf 83' lang='lat' dir='ltr'>deleo</span> <span class='ocrx_word' id='word_1_11' title='bbox 817 349 966 378; x_wconf 88' lang='lat' dir='ltr'><em>omnes</em></span> <span class='ocrx_word' id='word_1_12' title='bbox 985 334 1142 376; x_wconf 86' lang='lat' dir='ltr'><em>dehinc</em></span> <span class='ocrx_word' id='word_1_13' title='bbox 1163 347 1220 374; x_wconf 82' lang='lat' dir='ltr'><em>ex</em></span> <span class='ocrx_word' id='word_1_14' title='bbox 1242 332 1387 374; x_wconf 85' lang='lat' dir='ltr'><em>animo</em></span> <span class='ocrx_word' id='word_1_15' title='bbox 1418 332 1574 372; x_wconf 82' lang='lat' dir='ltr'><em>mulie-</em></span> 
     </span>
    </p>
   </div>
   <div class='ocr_carea' id='block_1_3' title="bbox 122 398 1575 530">
    <p class='ocr_par' dir='ltr' id='par_1_3' title="bbox 122 398 1575 530">
     <span class='ocr_line' id='line_1_3' title="bbox 292 398 1575 450; baseline 0 0"><span class='ocrx_word' id='word_1_16' title='bbox 292 423 375 450; x_wconf 86' lang='lat' dir='ltr'>res.</span> <span class='ocrx_word' id='word_1_17' title='bbox 1547 398 1575 438; x_wconf 85' lang='lat'>5</span> 
     </span>
     <span class='ocr_line' id='line_1_4' title="bbox 122 467 1575 530; baseline -0.01 -11"><span class='ocrx_word' id='word_1_18' title='bbox 122 477 282 520; x_wconf 77' lang='lat' dir='ltr'><em>Taedet</em></span> <span class='ocrx_word' id='word_1_19' title='bbox 302 474 656 530; x_wconf 80' lang='lat' dir='ltr'><em>quotidianarum</em></span> <span class='ocrx_word' id='word_1_20' title='bbox 687 474 841 513; x_wconf 83' lang='lat' dir='ltr'><em>harum</em></span> <span class='ocrx_word' id='word_1_21' title='bbox 859 471 1111 511; x_wconf 83' lang='lat' dir='ltr'><em>formarum.</em></span> <span class='ocrx_word' id='word_1_22' title='bbox 1171 467 1260 509; x_wconf 83' lang='lat' dir='ltr'><em>PA.</em></span> <span class='ocrx_word' id='word_1_23' title='bbox 1291 467 1410 507; x_wconf 88' lang='lat' dir='ltr'><em>Ecce</em></span> <span class='ocrx_word' id='word_1_24' title='bbox 1431 469 1575 506; x_wconf 83' lang='lat' dir='ltr'><em>autem</em></span> 
     </span>
    </p>
   </div>
   <div class='ocr_carea' id='block_1_4' title="bbox 123 541 1576 927">
    <p class='ocr_par' dir='ltr' id='par_1_4' title="bbox 123 541 1576 927">
     <span class='ocr_line' id='line_1_5' title="bbox 294 541 504 584; baseline -0.019 0"><span class='ocrx_word' id='word_1_25' title='bbox 294 541 504 584; x_wconf 86' lang='lat' dir='ltr'><em>alterum!</em></span> 
     </span>
     <span class='ocr_line' id='line_1_6' title="bbox 123 600 1510 663; baseline -0.01 -10"><span class='ocrx_word' id='word_1_26' title='bbox 123 611 294 654; x_wconf 87' lang='lat' dir='ltr'><em>Nescio</em></span> <span class='ocrx_word' id='word_1_27' title='bbox 317 608 422 663; x_wconf 87' lang='lat' dir='ltr'><em>quid</em></span> <span class='ocrx_word' id='word_1_28' title='bbox 441 608 495 648; x_wconf 90' lang='lat' dir='ltr'><em>de</em></span> <span class='ocrx_word' id='word_1_29' title='bbox 516 619 661 648; x_wconf 86' lang='lat' dir='ltr'><em>amore</em></span> <span class='ocrx_word' id='word_1_30' title='bbox 680 605 900 659; x_wconf 89' lang='lat' dir='ltr'><em>loquitur:</em></span> <span class='ocrx_word' id='word_1_31' title='bbox 935 603 974 644; x_wconf 92' lang='grc' dir='ltr'><strong>Ο</strong></span> <span class='ocrx_word' id='word_1_32' title='bbox 997 602 1308 643; x_wconf 84' lang='lat' dir='ltr'><em>infortunatum</em></span> <span class='ocrx_word' id='word_1_33' title='bbox 1333 600 1510 641; x_wconf 83' lang='lat' dir='ltr'><em>senem!</em></span> 
     </span>
     <span class='ocr_line' id='line_1_7' title="bbox 123 667 1437 727; baseline -0.01 -7"><span class='ocrx_word' id='word_1_34' title='bbox 123 679 214 720; x_wconf 89' lang='lat' dir='ltr'><em>Hic</em></span> <span class='ocrx_word' id='word_1_35' title='bbox 235 690 339 718; x_wconf 87' lang='lat' dir='ltr'><em>vero</em></span> <span class='ocrx_word' id='word_1_36' title='bbox 362 679 443 725; x_wconf 88' lang='lat' dir='ltr'><em>est,</em></span> <span class='ocrx_word' id='word_1_37' title='bbox 467 675 543 727; x_wconf 90' lang='lat' dir='ltr'><em>qui</em></span> <span class='ocrx_word' id='word_1_38' title='bbox 563 673 601 714; x_wconf 87' lang='lat' dir='ltr'><em>si</em></span> <span class='ocrx_word' id='word_1_39' title='bbox 623 672 863 725; x_wconf 87' lang='lat' dir='ltr'><em>occeperit,</em></span> <span class='ocrx_word' id='word_1_40' title='bbox 884 671 1036 712; x_wconf 89' lang='lat' dir='ltr'><em>ludum</em></span> <span class='ocrx_word' id='word_1_41' title='bbox 1049 669 1291 723; x_wconf 88' lang='lat' dir='ltr'><em>jocumque</em></span> <span class='ocrx_word' id='word_1_42' title='bbox 1312 667 1437 708; x_wconf 87' lang='lat' dir='ltr'><em>dices</em></span> 
     </span>
     <span class='ocr_line' id='line_1_8' title="bbox 123 735 1419 792; baseline -0.01 -5"><span class='ocrx_word' id='word_1_43' title='bbox 123 745 284 786; x_wconf 80' lang='lat' dir='ltr'><strong>Fuisse</strong></span> <span class='ocrx_word' id='word_1_44' title='bbox 303 744 427 785; x_wconf 88' lang='lat' dir='ltr'><em>illum</em></span> <span class='ocrx_word' id='word_1_45' title='bbox 448 742 651 790; x_wconf 83' lang='lat' dir='ltr'><em>alterum,</em></span> <span class='ocrx_word' id='word_1_46' title='bbox 672 744 819 792; x_wconf 81' lang='lat' dir='ltr'><em>praeut</em></span> <span class='ocrx_word' id='word_1_47' title='bbox 838 738 968 792; x_wconf 87' lang='lat' dir='ltr'><em>hujus</em></span> <span class='ocrx_word' id='word_1_48' title='bbox 988 737 1138 778; x_wconf 83' lang='lat' dir='ltr'>rabies</span> <span class='ocrx_word' id='word_1_49' title='bbox 1157 749 1258 790; x_wconf 85' lang='lat' dir='ltr'><em>quae</em></span> <span class='ocrx_word' id='word_1_50' title='bbox 1280 735 1419 776; x_wconf 85' lang='lat' dir='ltr'><em>dabit.</em></span> 
     </span>
     <span class='ocr_line' id='line_1_9' title="bbox 123 801 1576 861; baseline -0.008 -7"><span class='ocrx_word' id='word_1_51' title='bbox 123 812 210 854; x_wconf 83' lang='lat' dir='ltr'><em>CH.</em></span> <span class='ocrx_word' id='word_1_52' title='bbox 241 811 304 853; x_wconf 85' lang='lat' dir='ltr'><em>Ut</em></span> <span class='ocrx_word' id='word_1_53' title='bbox 322 811 447 852; x_wconf 87' lang='lat' dir='ltr'><em>illum</em></span> <span class='ocrx_word' id='word_1_54' title='bbox 480 809 542 850; x_wconf 91' lang='lat' dir='ltr'><em>Di</em></span> <span class='ocrx_word' id='word_1_55' title='bbox 575 808 774 861; x_wconf 86' lang='lat' dir='ltr'><em>Deaeque</em></span> <span class='ocrx_word' id='word_1_56' title='bbox 806 806 972 847; x_wconf 88' lang='lat' dir='ltr'><em>senium</em></span> <span class='ocrx_word' id='word_1_57' title='bbox 1000 804 1202 858; x_wconf 82' lang='lat' dir='ltr'><em>perdant,</em></span> <span class='ocrx_word' id='word_1_58' title='bbox 1241 803 1315 857; x_wconf 91' lang='lat' dir='ltr'><em>qui</em></span> <span class='ocrx_word' id='word_1_59' title='bbox 1343 816 1413 844; x_wconf 91' lang='lat' dir='ltr'><em>me</em></span> <span class='ocrx_word' id='word_1_60' title='bbox 1446 801 1576 843; x_wconf 89' lang='lat' dir='ltr'><em>hodie</em></span> 
     </span>
     <span class='ocr_line' id='line_1_10' title="bbox 292 867 1576 927; baseline -0.009 -8"><span class='ocrx_word' id='word_1_61' title='bbox 292 882 538 919; x_wconf 80' lang='lat' dir='ltr'><strong>remoratus</strong></span> <span class='ocrx_word' id='word_1_62' title='bbox 559 878 626 917; x_wconf 85' lang='lat' dir='ltr'><em>est</em></span> <span class='ocrx_word' id='word_1_63' title='bbox 646 888 658 927; x_wconf 85' lang='lat'><em>3</em></span> <span class='ocrx_word' id='word_1_64' title='bbox 1522 867 1576 909; x_wconf 76' lang='grc'><em>10</em></span> 
     </span>
    </p>
   </div>
   <div class='ocr_carea' id='block_1_5' title="bbox 117 980 1580 1289">
    <p class='ocr_par' dir='ltr' id='par_1_5' title="bbox 117 980 1580 1289">
     <span class='ocr_line' id='line_1_11' title="bbox 118 980 1577 1034; baseline -0.011 -9"><span class='ocrx_word' id='word_1_65' title='bbox 118 1003 179 1024; x_wconf 83' lang='lat' dir='ltr'><em>non</em></span> <span class='ocrx_word' id='word_1_66' title='bbox 192 995 305 1034; x_wconf 84' lang='lat' dir='ltr'><em>potest,</em></span> <span class='ocrx_word' id='word_1_67' title='bbox 321 990 357 1021; x_wconf 91' lang='lat' dir='ltr'><em>ob</em></span> <span class='ocrx_word' id='word_1_68' title='bbox 372 989 500 1021; x_wconf 78' lang='lat' dir='ltr'><strong><em>nimiam</em></strong></span> <span class='ocrx_word' id='word_1_69' title='bbox 508 988 624 1027; x_wconf 78' lang='lat' dir='ltr'><em>forma&gt;</em></span> <span class='ocrx_word' id='word_1_70' title='bbox 637 988 786 1027; x_wconf 81' lang='lat' dir='ltr'><em>gratiam.</em></span> <span class='ocrx_word' id='word_1_71' title='bbox 834 987 863 1017; x_wconf 90' lang='lat' dir='ltr'><strong><em>O</em></strong></span> <span class='ocrx_word' id='word_1_72' title='bbox 881 985 998 1024; x_wconf 87' lang='lat' dir='ltr'><em>faciem</em></span> <span class='ocrx_word' id='word_1_73' title='bbox 1023 988 1182 1017; x_wconf 81' lang='lat' dir='ltr'><em>venustam</em></span> <span class='ocrx_word' id='word_1_74' title='bbox 1192 983 1206 1014; x_wconf 92' lang='lat'><em>!</em></span> <span class='ocrx_word' id='word_1_75' title='bbox 1230 982 1341 1014; x_wconf 77' lang='lat' dir='ltr'><em>exinde</em></span> <span class='ocrx_word' id='word_1_76' title='bbox 1357 992 1459 1013; x_wconf 84' lang='lat' dir='ltr'><em>omues</em></span> <span class='ocrx_word' id='word_1_77' title='bbox 1474 980 1577 1011; x_wconf 82' lang='lat' dir='ltr'><em>animo</em></span> 
     </span>
     <span class='ocr_line' id='line_1_12' title="bbox 119 1023 1578 1070; baseline -0.01 -2"><span class='ocrx_word' id='word_1_78' title='bbox 119 1037 203 1067; x_wconf 84' lang='lat' dir='ltr'><em>deleo</em></span> <span class='ocrx_word' id='word_1_79' title='bbox 216 1035 379 1066; x_wconf 82' lang='lat' dir='ltr'><em>mulieres:</em></span> <span class='ocrx_word' id='word_1_80' title='bbox 401 1031 531 1062; x_wconf 81' lang='lat' dir='ltr'><em>satietas</em></span> <span class='ocrx_word' id='word_1_81' title='bbox 553 1041 600 1061; x_wconf 86' lang='lat' dir='ltr'><em>me</em></span> <span class='ocrx_word' id='word_1_82' title='bbox 625 1031 707 1070; x_wconf 80' lang='lat' dir='ltr'><em>capit</em></span> <span class='ocrx_word' id='word_1_83' title='bbox 732 1030 840 1060; x_wconf 78' lang='lat' dir='ltr'><em>harum</em></span> <span class='ocrx_word' id='word_1_84' title='bbox 864 1029 1040 1067; x_wconf 77' lang='lat' dir='ltr'><em>vulgarium</em></span> <span class='ocrx_word' id='word_1_85' title='bbox 1057 1026 1333 1068; x_wconf 78' lang='lat' dir='ltr'><strong><em>pulchritudinum,</em></strong></span> <span class='ocrx_word' id='word_1_86' title='bbox 1350 1035 1426 1065; x_wconf 83' lang='lat' dir='ltr'><em>quas</em></span> <span class='ocrx_word' id='word_1_87' title='bbox 1438 1023 1578 1065; x_wconf 77' lang='lat' dir='ltr'><em>quotidie</em></span> 
     </span>
     <span class='ocr_line' id='line_1_13' title="bbox 118 1065 1578 1110; baseline -0.009 -1"><span class='ocrx_word' id='word_1_88' title='bbox 118 1079 223 1110; x_wconf 82' lang='lat' dir='ltr'><em>videre</em></span> <span class='ocrx_word' id='word_1_89' title='bbox 237 1079 322 1108; x_wconf 83' lang='lat' dir='ltr'><em>licet.</em></span> <span class='ocrx_word' id='word_1_90' title='bbox 368 1075 434 1105; x_wconf 83' lang='lat' dir='ltr'><em>PA.</em></span> <span class='ocrx_word' id='word_1_91' title='bbox 459 1075 540 1105; x_wconf 86' lang='lat' dir='ltr'><em>Ecce</em></span> <span class='ocrx_word' id='word_1_92' title='bbox 554 1077 657 1104; x_wconf 80' lang='lat' dir='ltr'><em>autem</em></span> <span class='ocrx_word' id='word_1_93' title='bbox 679 1073 810 1103; x_wconf 78' lang='lat' dir='ltr'><em>alterum</em></span> <span class='ocrx_word' id='word_1_94' title='bbox 825 1072 963 1110; x_wconf 80' lang='lat' dir='ltr'><em>fratrem</em></span> <span class='ocrx_word' id='word_1_95' title='bbox 981 1072 1136 1102; x_wconf 81' lang='lat' dir='ltr'><em>Phoedrioe</em></span> <span class='ocrx_word' id='word_1_96' title='bbox 1159 1071 1319 1100; x_wconf 81' lang='lat' dir='ltr'><em>minorem.</em></span> <span class='ocrx_word' id='word_1_97' title='bbox 1367 1068 1480 1098; x_wconf 83' lang='lat' dir='ltr'><em>Nescio</em></span> <span class='ocrx_word' id='word_1_98' title='bbox 1504 1065 1578 1104; x_wconf 77' lang='lat' dir='ltr'><em>quid</em></span> 
     </span>
     <span class='ocr_line' id='line_1_14' title="bbox 119 1110 1578 1159; baseline -0.01 -7"><span class='ocrx_word' id='word_1_99' title='bbox 119 1122 156 1152; x_wconf 82' lang='lat' dir='ltr'><em>de</em></span> <span class='ocrx_word' id='word_1_100' title='bbox 171 1129 273 1151; x_wconf 73' lang='lat' dir='ltr'><em>amare</em></span> <span class='ocrx_word' id='word_1_101' title='bbox 288 1119 436 1159; x_wconf 81' lang='lat' dir='ltr'><em>loquitur.</em></span> <span class='ocrx_word' id='word_1_102' title='bbox 484 1117 512 1147; x_wconf 94' lang='grc' dir='ltr'>Ο</span> <span class='ocrx_word' id='word_1_103' title='bbox 527 1116 756 1153; x_wconf 79' lang='lat' dir='ltr'><em>infortunatum</em></span> <span class='ocrx_word' id='word_1_104' title='bbox 771 1125 871 1145; x_wconf 79' lang='lat' dir='ltr'><em>senem</em></span> <span class='ocrx_word' id='word_1_105' title='bbox 886 1113 1064 1153; x_wconf 83' lang='lat' dir='ltr'><em>Lachetem,</em></span> <span class='ocrx_word' id='word_1_106' title='bbox 1075 1114 1125 1144; x_wconf 86' lang='lat' dir='ltr'><em>cui</em></span> <span class='ocrx_word' id='word_1_107' title='bbox 1139 1113 1216 1143; x_wconf 81' lang='lat' dir='ltr'><em>tales</em></span> <span class='ocrx_word' id='word_1_108' title='bbox 1231 1110 1331 1149; x_wconf 79' lang='lat' dir='ltr'><em>contig</em></span> <span class='ocrx_word' id='word_1_109' title='bbox 1338 1110 1460 1152; x_wconf 77' lang='lat' dir='ltr'><em>erefilii</em></span> <span class='ocrx_word' id='word_1_110' title='bbox 1475 1117 1578 1140; x_wconf 78' lang='lat' dir='ltr'><em>amore</em></span> 
     </span>
     <span class='ocr_line' id='line_1_15' title="bbox 117 1153 1579 1203; baseline -0.01 -9"><span class='ocrx_word' id='word_1_111' title='bbox 117 1161 263 1203; x_wconf 80' lang='lat' dir='ltr'><em>perditi!</em></span> <span class='ocrx_word' id='word_1_112' title='bbox 287 1162 336 1193; x_wconf 82' lang='lat' dir='ltr'><em>hic</em></span> <span class='ocrx_word' id='word_1_113' title='bbox 351 1169 422 1191; x_wconf 86' lang='lat' dir='ltr'><em>vero</em></span> <span class='ocrx_word' id='word_1_114' title='bbox 437 1160 511 1190; x_wconf 81' lang='lat' dir='ltr'><em>adeo</em></span> <span class='ocrx_word' id='word_1_115' title='bbox 526 1158 591 1189; x_wconf 81' lang='lat' dir='ltr'><em>acri</em></span> <span class='ocrx_word' id='word_1_116' title='bbox 606 1161 635 1188; x_wconf 88' lang='lat' dir='ltr'><em>et</em></span> <span class='ocrx_word' id='word_1_117' title='bbox 651 1158 760 1197; x_wconf 75' lang='lat' dir='ltr'><em>rapido</em></span> <span class='ocrx_word' id='word_1_118' title='bbox 775 1157 901 1194; x_wconf 69' lang='lat' dir='ltr'><em>ingenio</em></span> <span class='ocrx_word' id='word_1_119' title='bbox 916 1160 973 1193; x_wconf 83' lang='lat' dir='ltr'><em>est,</em></span> <span class='ocrx_word' id='word_1_120' title='bbox 995 1160 1042 1194; x_wconf 87' lang='lat' dir='ltr'><em>ut,</em></span> <span class='ocrx_word' id='word_1_121' title='bbox 1064 1157 1092 1186; x_wconf 84' lang='lat' dir='ltr'><em>si</em></span> <span class='ocrx_word' id='word_1_122' title='bbox 1114 1155 1213 1186; x_wconf 81' lang='lat' dir='ltr'><em>amori</em></span> <span class='ocrx_word' id='word_1_123' title='bbox 1235 1163 1265 1184; x_wconf 82' lang='lat' dir='ltr'><em>se</em></span> <span class='ocrx_word' id='word_1_124' title='bbox 1291 1153 1458 1192; x_wconf 73' lang='lat' dir='ltr'><em>dediderit,</em></span> <span class='ocrx_word' id='word_1_125' title='bbox 1480 1159 1579 1188; x_wconf 77' lang='lat' dir='ltr'><em>augus</em></span> 
     </span>
     <span class='ocr_line' id='line_1_16' title="bbox 119 1192 1580 1243; baseline -0.01 -7"><span class='ocrx_word' id='word_1_126' title='bbox 119 1205 215 1236; x_wconf 76' lang='lat' dir='ltr'><em>fuisse</em></span> <span class='ocrx_word' id='word_1_127' title='bbox 229 1206 313 1236; x_wconf 85' lang='lat' dir='ltr'><em>dices</em></span> <span class='ocrx_word' id='word_1_128' title='bbox 328 1214 364 1234; x_wconf 85' lang='lat' dir='ltr'><em>ea</em></span> <span class='ocrx_word' id='word_1_129' title='bbox 380 1211 448 1243; x_wconf 84' lang='lat' dir='ltr'><em>quae</em></span> <span class='ocrx_word' id='word_1_130' title='bbox 459 1202 511 1233; x_wconf 85' lang='lat' dir='ltr'><em>ille</em></span> <span class='ocrx_word' id='word_1_131' title='bbox 526 1202 606 1232; x_wconf 83' lang='lat' dir='ltr'><em>alter</em></span> <span class='ocrx_word' id='word_1_132' title='bbox 629 1199 814 1242; x_wconf 69' lang='lat' dir='ltr'><em>(Phaedria)</em></span> <span class='ocrx_word' id='word_1_133' title='bbox 823 1199 916 1237; x_wconf 84' lang='lat' dir='ltr'><em>fecit,</em></span> <span class='ocrx_word' id='word_1_134' title='bbox 932 1200 973 1229; x_wconf 85' lang='lat' dir='ltr'><em>ad</em></span> <span class='ocrx_word' id='word_1_135' title='bbox 986 1199 1246 1239; x_wconf 78' lang='lat' dir='ltr'><em>comparationem</em></span> <span class='ocrx_word' id='word_1_136' title='bbox 1260 1196 1384 1226; x_wconf 73' lang='lat' dir='ltr'><em>illorum</em></span> <span class='ocrx_word' id='word_1_137' title='bbox 1398 1206 1466 1236; x_wconf 79' lang='lat' dir='ltr'><em>quoe</em></span> <span class='ocrx_word' id='word_1_138' title='bbox 1490 1192 1580 1232; x_wconf 72' lang='lat' dir='ltr'><em>hujus</em></span> 
     </span>
     <span class='ocr_line' id='line_1_17' title="bbox 119 1237 1576 1289; baseline -0.008 -10"><span class='ocrx_word' id='word_1_139' title='bbox 119 1246 293 1289; x_wconf 52' lang='lat' dir='ltr'><em>(Choes-eae)</em></span> <span class='ocrx_word' id='word_1_140' title='bbox 311 1245 413 1277; x_wconf 83' lang='lat' dir='ltr'><em>rabies</em></span> <span class='ocrx_word' id='word_1_141' title='bbox 426 1244 608 1275; x_wconf 85' lang='lat' dir='ltr'><em>committet.</em></span> <span class='ocrx_word' id='word_1_142' title='bbox 654 1243 722 1274; x_wconf 77' lang='lat' dir='ltr'><em>CH.</em></span> <span class='ocrx_word' id='word_1_143' title='bbox 750 1243 793 1274; x_wconf 84' lang='lat' dir='ltr'><em>Ut</em></span> <span class='ocrx_word' id='word_1_144' title='bbox 808 1243 894 1273; x_wconf 79' lang='lat' dir='ltr'><em>illum</em></span> <span class='ocrx_word' id='word_1_145' title='bbox 911 1241 972 1272; x_wconf 84' lang='lat' dir='ltr'><em>Dii</em></span> <span class='ocrx_word' id='word_1_146' title='bbox 988 1242 1124 1282; x_wconf 79' lang='lat' dir='ltr'><em>Deaeque</em></span> <span class='ocrx_word' id='word_1_147' title='bbox 1147 1249 1248 1271; x_wconf 87' lang='lat' dir='ltr'><em>senem</em></span> <span class='ocrx_word' id='word_1_148' title='bbox 1270 1239 1393 1269; x_wconf 87' lang='lat' dir='ltr'><em>miseris</em></span> <span class='ocrx_word' id='word_1_149' title='bbox 1416 1239 1513 1269; x_wconf 83' lang='lat' dir='ltr'><em>modis</em></span> <span class='ocrx_word' id='word_1_150' title='bbox 1528 1237 1576 1266; x_wconf 80' lang='lat' dir='ltr'><em>in-</em></span> 
     </span>
    </p>
   </div>
   <div class='ocr_carea' id='block_1_6' title="bbox 732 1343 970 1355">
    <p class='ocr_par' dir='ltr' id='par_1_6' title="bbox 732 1343 970 1355">
     <span class='ocr_line' id='line_1_18' title="bbox 732 1343 970 1355; baseline 0 -1"><span class='ocrx_word' id='word_1_151' title='bbox 732 1343 769 1355; x_wconf 66' lang='grc' dir='ltr'><em>Ν</em></span> <span class='ocrx_word' id='word_1_152' title='bbox 775 1343 970 1354; x_wconf 57' lang='lat'><em>““““““““</em></span> 
     </span>
    </p>
   </div>
   <div class='ocr_carea' id='block_1_7' title="bbox 111 1405 1584 2809">
    <p class='ocr_par' dir='ltr' id='par_1_7' title="bbox 111 1405 1584 2809">
     <span class='ocr_line' id='line_1_19' title="bbox 120 1405 1579 1450; baseline -0.004 -6"><span class='ocrx_word' id='word_1_153' title='bbox 120 1411 251 1444; x_wconf 83' lang='lat' dir='ltr'><em>‘viam&#39;</em></span> <span class='ocrx_word' id='word_1_154' title='bbox 279 1411 460 1442; x_wconf 72' lang='lat' dir='ltr'><em>solum—6</em></span> <span class='ocrx_word' id='word_1_155' title='bbox 484 1410 611 1441; x_wconf 79' lang='lat' dir='ltr'><em>Harum</em></span> <span class='ocrx_word' id='word_1_156' title='bbox 637 1410 754 1450; x_wconf 82' lang='lat' dir='ltr'><em>quotid.</em></span> <span class='ocrx_word' id='word_1_157' title='bbox 801 1410 853 1440; x_wconf 83' lang='lat' dir='ltr'><em>Ex</em></span> <span class='ocrx_word' id='word_1_158' title='bbox 879 1408 974 1440; x_wconf 86' lang='lat' dir='ltr'><em>libris</em></span> <span class='ocrx_word' id='word_1_159' title='bbox 1006 1406 1141 1447; x_wconf 83' lang='lat' dir='ltr'><em>seriptis</em></span> <span class='ocrx_word' id='word_1_160' title='bbox 1169 1411 1203 1437; x_wconf 91' lang='lat' dir='ltr'><em>et</em></span> <span class='ocrx_word' id='word_1_161' title='bbox 1229 1406 1291 1437; x_wconf 89' lang='lat' dir='ltr'><em>Do.</em></span> <span class='ocrx_word' id='word_1_162' title='bbox 1317 1406 1390 1437; x_wconf 69' lang='lat' dir='ltr'><em>haec</em></span> <span class='ocrx_word' id='word_1_163' title='bbox 1409 1405 1514 1436; x_wconf 85' lang='lat' dir='ltr'><em>verba</em></span> <span class='ocrx_word' id='word_1_164' title='bbox 1530 1406 1579 1438; x_wconf 84' lang='lat' dir='ltr'><em>sic</em></span> 
     </span>
     <span class='ocr_line' id='line_1_20' title="bbox 120 1449 1578 1495; baseline -0.004 -8"><span class='ocrx_word' id='word_1_165' title='bbox 120 1456 272 1488; x_wconf 84' lang='lat' dir='ltr'><em>colloca:</em></span> <span class='ocrx_word' id='word_1_166' title='bbox 296 1454 412 1495; x_wconf 66' lang='lat' dir='ltr'><em>quotie.</em></span> <span class='ocrx_word' id='word_1_167' title='bbox 435 1453 556 1484; x_wconf 82' lang='lat' dir='ltr'><em>harum.</em></span> <span class='ocrx_word' id='word_1_168' title='bbox 580 1453 639 1483; x_wconf 90' lang='lat' dir='ltr'><em>Fa.</em></span> <span class='ocrx_word' id='word_1_169' title='bbox 684 1452 741 1484; x_wconf 89' lang='lat' dir='ltr'><em>Ita</em></span> <span class='ocrx_word' id='word_1_170' title='bbox 767 1452 873 1483; x_wconf 82' lang='lat' dir='ltr'><em>nostri</em></span> <span class='ocrx_word' id='word_1_171' title='bbox 898 1451 1053 1482; x_wconf 86' lang='lat' dir='ltr'><em>similiter</em></span> <span class='ocrx_word' id='word_1_172' title='bbox 1080 1459 1207 1480; x_wconf 87' lang='lat' dir='ltr'><em>omnes.</em></span> <span class='ocrx_word' id='word_1_173' title='bbox 1235 1449 1326 1479; x_wconf 82' lang='lat' dir='ltr'><em>Bent.</em></span> <span class='ocrx_word' id='word_1_174' title='bbox 1371 1449 1429 1480; x_wconf 83' lang='lat' dir='ltr'><em>Er.</em></span> <span class='ocrx_word' id='word_1_175' title='bbox 1454 1449 1578 1481; x_wconf 82' lang='lat' dir='ltr'><em>invert.</em></span> 
     </span>
     <span class='ocr_line' id='line_1_21' title="bbox 121 1490 1581 1539; baseline -0.006 -9"><span class='ocrx_word' id='word_1_176' title='bbox 121 1499 189 1530; x_wconf 81' lang='lat' dir='ltr'><em>har.</em></span> <span class='ocrx_word' id='word_1_177' title='bbox 211 1497 329 1539; x_wconf 82' lang='lat' dir='ltr'><em>quotid.</em></span> <span class='ocrx_word' id='word_1_178' title='bbox 357 1506 399 1527; x_wconf 86' lang='lat' dir='ltr'><em>ex</em></span> <span class='ocrx_word' id='word_1_179' title='bbox 426 1496 448 1527; x_wconf 85' lang='lat' dir='ltr'><em>l.</em></span> <span class='ocrx_word' id='word_1_180' title='bbox 476 1496 584 1536; x_wconf 85' lang='lat' dir='ltr'><em>antiq.</em></span> <span class='ocrx_word' id='word_1_181' title='bbox 609 1496 718 1526; x_wconf 83' lang='lat' dir='ltr'><em>West.</em></span> <span class='ocrx_word' id='word_1_182' title='bbox 744 1495 838 1526; x_wconf 84' lang='lat' dir='ltr'><em>cotid.</em></span> <span class='ocrx_word' id='word_1_183' title='bbox 866 1495 946 1525; x_wconf 86' lang='lat' dir='ltr'><em>Par.</em></span> <span class='ocrx_word' id='word_1_184' title='bbox 973 1493 1080 1523; x_wconf 86' lang='lat' dir='ltr'><em>cottid.</em></span> <span class='ocrx_word' id='word_1_185' title='bbox 1107 1492 1264 1523; x_wconf 83' lang='lat' dir='ltr'><em>Perl.—7</em></span> <span class='ocrx_word' id='word_1_186' title='bbox 1290 1491 1376 1523; x_wconf 88' lang='lat' dir='ltr'><em>GM.</em></span> <span class='ocrx_word' id='word_1_187' title='bbox 1404 1492 1437 1522; x_wconf 85' lang='lat' dir='ltr'><em>in</em></span> <span class='ocrx_word' id='word_1_188' title='bbox 1455 1490 1581 1529; x_wconf 80' lang='lat' dir='ltr'><em>fortun.</em></span> 
     </span>
     <span class='ocr_line' id='line_1_22' title="bbox 119 1534 1579 1579; baseline -0.005 -6"><span class='ocrx_word' id='word_1_189' title='bbox 119 1541 167 1572; x_wconf 87' lang='lat' dir='ltr'><em>id.</em></span> <span class='ocrx_word' id='word_1_190' title='bbox 185 1542 220 1572; x_wconf 89' lang='lat' dir='ltr'><em>in</em></span> <span class='ocrx_word' id='word_1_191' title='bbox 236 1549 338 1579; x_wconf 83' lang='lat' dir='ltr'><em>marg.</em></span> <span class='ocrx_word' id='word_1_192' title='bbox 356 1539 400 1569; x_wconf 88' lang='lat' dir='ltr'><em>al.</em></span> <span class='ocrx_word' id='word_1_193' title='bbox 416 1538 542 1576; x_wconf 81' lang='lat' dir='ltr'><em>fortun.</em></span> <span class='ocrx_word' id='word_1_194' title='bbox 588 1538 704 1568; x_wconf 85' lang='lat' dir='ltr'><em>Amare</em></span> <span class='ocrx_word' id='word_1_195' title='bbox 722 1536 840 1569; x_wconf 87' lang='lat' dir='ltr'><em>Guelf.</em></span> <span class='ocrx_word' id='word_1_196' title='bbox 856 1539 966 1567; x_wconf 79' lang='lat' dir='ltr'><em>3.—-S.</em></span> <span class='ocrx_word' id='word_1_197' title='bbox 993 1539 1013 1567; x_wconf 89' lang='grc'>9</span> <span class='ocrx_word' id='word_1_198' title='bbox 1038 1535 1104 1566; x_wconf 87' lang='lat' dir='ltr'><em>Hic</em></span> <span class='ocrx_word' id='word_1_199' title='bbox 1120 1545 1190 1565; x_wconf 73' lang='lat' dir='ltr'><em>vero</em></span> <span class='ocrx_word' id='word_1_200' title='bbox 1206 1538 1251 1564; x_wconf 87' lang='lat' dir='ltr'><em>est</em></span> <span class='ocrx_word' id='word_1_201' title='bbox 1267 1535 1319 1574; x_wconf 85' lang='lat' dir='ltr'><em>qui</em></span> <span class='ocrx_word' id='word_1_202' title='bbox 1335 1534 1363 1564; x_wconf 84' lang='lat' dir='ltr'><em>si</em></span> <span class='ocrx_word' id='word_1_203' title='bbox 1378 1543 1481 1564; x_wconf 86' lang='lat' dir='ltr'><em>amare</em></span> <span class='ocrx_word' id='word_1_204' title='bbox 1496 1545 1579 1565; x_wconf 82' lang='lat' dir='ltr'><em>occe-</em></span> 
     </span>
     <span class='ocr_line' id='line_1_23' title="bbox 117 1576 1580 1624; baseline -0.005 -9"><span class='ocrx_word' id='word_1_205' title='bbox 117 1583 212 1624; x_wconf 80' lang='lat' dir='ltr'><em>perit,</em></span> <span class='ocrx_word' id='word_1_206' title='bbox 235 1584 341 1614; x_wconf 68' lang='lat' dir='ltr'><em>ludum</em></span> <span class='ocrx_word' id='word_1_207' title='bbox 357 1581 521 1621; x_wconf 73' lang='lat' dir='ltr'><em>jocumque</em></span> <span class='ocrx_word' id='word_1_208' title='bbox 549 1580 648 1611; x_wconf 80' lang='lat' dir='ltr'><em>Dices</em></span> <span class='ocrx_word' id='word_1_209' title='bbox 664 1580 776 1618; x_wconf 85' lang='lat' dir='ltr'><em>fuisse.</em></span> <span class='ocrx_word' id='word_1_210' title='bbox 823 1580 883 1611; x_wconf 88' lang='lat' dir='ltr'><em>Pr.</em></span> <span class='ocrx_word' id='word_1_211' title='bbox 910 1579 997 1610; x_wconf 89' lang='lat' dir='ltr'><em>libro</em></span> <span class='ocrx_word' id='word_1_212' title='bbox 1029 1586 1104 1608; x_wconf 80' lang='lat' dir='ltr'><em>xlv.</em></span> <span class='ocrx_word' id='word_1_213' title='bbox 1130 1577 1218 1607; x_wconf 85' lang='lat' dir='ltr'><em>hunc</em></span> <span class='ocrx_word' id='word_1_214' title='bbox 1239 1577 1348 1608; x_wconf 90' lang='lat' dir='ltr'><em>locum</em></span> <span class='ocrx_word' id='word_1_215' title='bbox 1367 1576 1490 1614; x_wconf 81' lang='lat' dir='ltr'><em>citans,</em></span> <span class='ocrx_word' id='word_1_216' title='bbox 1513 1587 1580 1608; x_wconf 88' lang='lat' dir='ltr'><em>non</em></span> 
     </span>
     <span class='ocr_line' id='line_1_24' title="bbox 121 1620 1579 1666; baseline -0.005 -9"><span class='ocrx_word' id='word_1_217' title='bbox 121 1626 218 1666; x_wconf 88' lang='lat' dir='ltr'><em>ponit</em></span> <span class='ocrx_word' id='word_1_218' title='bbox 233 1625 374 1656; x_wconf 86' lang='lat' dir='ltr'><em>verbum</em></span> <span class='ocrx_word' id='word_1_219' title='bbox 389 1633 510 1655; x_wconf 83' lang='lat' dir='ltr'><em>amare:</em></span> <span class='ocrx_word' id='word_1_220' title='bbox 535 1623 624 1665; x_wconf 87' lang='lat' dir='ltr'><em>quod</em></span> <span class='ocrx_word' id='word_1_221' title='bbox 642 1632 705 1654; x_wconf 90' lang='lat' dir='ltr'><em>nec</em></span> <span class='ocrx_word' id='word_1_222' title='bbox 722 1624 755 1654; x_wconf 90' lang='lat' dir='ltr'><em>in</em></span> <span class='ocrx_word' id='word_1_223' title='bbox 777 1623 875 1653; x_wconf 89' lang='lat' dir='ltr'><em>Bem.</em></span> <span class='ocrx_word' id='word_1_224' title='bbox 894 1621 1030 1662; x_wconf 88' lang='lat' dir='ltr'><em>quidem</em></span> <span class='ocrx_word' id='word_1_225' title='bbox 1055 1624 1120 1659; x_wconf 90' lang='lat' dir='ltr'><em>est,</em></span> <span class='ocrx_word' id='word_1_226' title='bbox 1146 1620 1178 1650; x_wconf 92' lang='lat' dir='ltr'><em>in</em></span> <span class='ocrx_word' id='word_1_227' title='bbox 1197 1629 1262 1660; x_wconf 92' lang='lat' dir='ltr'><em>quo</em></span> <span class='ocrx_word' id='word_1_228' title='bbox 1279 1620 1380 1650; x_wconf 88' lang='lat' dir='ltr'><em>etiam</em></span> <span class='ocrx_word' id='word_1_229' title='bbox 1396 1620 1478 1650; x_wconf 86' lang='lat' dir='ltr'><em>dicet</em></span> <span class='ocrx_word' id='word_1_230' title='bbox 1496 1620 1579 1659; x_wconf 80' lang='lat' dir='ltr'><em>legi-</em></span> 
     </span>
     <span class='ocr_line' id='line_1_25' title="bbox 120 1662 1581 1709; baseline -0.005 -9"><span class='ocrx_word' id='word_1_231' title='bbox 120 1673 199 1700; x_wconf 85' lang='lat' dir='ltr'><em>tur:</em></span> <span class='ocrx_word' id='word_1_232' title='bbox 225 1667 316 1709; x_wconf 89' lang='lat' dir='ltr'><em>quod</em></span> <span class='ocrx_word' id='word_1_233' title='bbox 341 1672 377 1698; x_wconf 90' lang='lat' dir='ltr'><em>et</em></span> <span class='ocrx_word' id='word_1_234' title='bbox 403 1667 526 1707; x_wconf 80' lang='lat' dir='ltr'><em>placet.</em></span> <span class='ocrx_word' id='word_1_235' title='bbox 570 1666 661 1696; x_wconf 89' lang='lat' dir='ltr'><em>Sane</em></span> <span class='ocrx_word' id='word_1_236' title='bbox 685 1666 745 1697; x_wconf 86' lang='lat' dir='ltr'><em>hos</em></span> <span class='ocrx_word' id='word_1_237' title='bbox 773 1674 891 1695; x_wconf 85' lang='lat' dir='ltr'><em>versus</em></span> <span class='ocrx_word' id='word_1_238' title='bbox 916 1665 965 1694; x_wconf 87' lang='lat' dir='ltr'><em>ita</em></span> <span class='ocrx_word' id='word_1_239' title='bbox 990 1663 1205 1694; x_wconf 84' lang='lat' dir='ltr'><em>ordinamus:</em></span> <span class='ocrx_word' id='word_1_240' title='bbox 1231 1662 1300 1693; x_wconf 86' lang='lat' dir='ltr'><em>Hic</em></span> <span class='ocrx_word' id='word_1_241' title='bbox 1325 1672 1394 1692; x_wconf 76' lang='lat' dir='ltr'><em>vero</em></span> <span class='ocrx_word' id='word_1_242' title='bbox 1419 1665 1463 1693; x_wconf 84' lang='lat' dir='ltr'><em>est</em></span> <span class='ocrx_word' id='word_1_243' title='bbox 1485 1663 1581 1702; x_wconf 79' lang='lat' dir='ltr'><em>quisi</em></span> 
     </span>
     <span class='ocr_line' id='line_1_26' title="bbox 119 1704 1581 1751; baseline -0.005 -9"><span class='ocrx_word' id='word_1_244' title='bbox 119 1711 284 1751; x_wconf 76' lang='lat' dir='ltr'><em>occeperit,</em></span> <span class='ocrx_word' id='word_1_245' title='bbox 305 1710 422 1745; x_wconf 83' lang='lat' dir='ltr'><em>ludum,</em></span> <span class='ocrx_word' id='word_1_246' title='bbox 440 1709 602 1751; x_wconf 80' lang='lat' dir='ltr'><em>jocumque</em></span> <span class='ocrx_word' id='word_1_247' title='bbox 625 1708 707 1739; x_wconf 86' lang='lat' dir='ltr'><em>dicet</em></span> <span class='ocrx_word' id='word_1_248' title='bbox 731 1708 840 1740; x_wconf 83' lang='lat' dir='ltr'><em>Fuisse</em></span> <span class='ocrx_word' id='word_1_249' title='bbox 866 1707 954 1738; x_wconf 78' lang='lat' dir='ltr'><em>illam</em></span> <span class='ocrx_word' id='word_1_250' title='bbox 979 1707 1122 1740; x_wconf 81' lang='lat' dir='ltr'><em>alterum,</em></span> <span class='ocrx_word' id='word_1_251' title='bbox 1145 1708 1248 1745; x_wconf 82' lang='lat' dir='ltr'><em>proeut</em></span> <span class='ocrx_word' id='word_1_252' title='bbox 1273 1705 1363 1743; x_wconf 77' lang='lat' dir='ltr'><em>hujus</em></span> <span class='ocrx_word' id='word_1_253' title='bbox 1388 1704 1489 1735; x_wconf 85' lang='lat' dir='ltr'><em>rabies</em></span> <span class='ocrx_word' id='word_1_254' title='bbox 1512 1715 1581 1744; x_wconf 83' lang='lat' dir='ltr'><em>quae</em></span> 
     </span>
     <span class='ocr_line' id='line_1_27' title="bbox 119 1747 1580 1790; baseline -0.005 -6"><span class='ocrx_word' id='word_1_255' title='bbox 119 1753 219 1785; x_wconf 77' lang='lat' dir='ltr'><em>dabit.</em></span> <span class='ocrx_word' id='word_1_256' title='bbox 265 1752 419 1784; x_wconf 83' lang='lat' dir='ltr'><em>Putarim</em></span> <span class='ocrx_word' id='word_1_257' title='bbox 435 1756 548 1783; x_wconf 88' lang='lat' dir='ltr'><em>tamen</em></span> <span class='ocrx_word' id='word_1_258' title='bbox 564 1751 743 1790; x_wconf 87' lang='lat' dir='ltr'><em>legendum</em></span> <span class='ocrx_word' id='word_1_259' title='bbox 767 1751 873 1790; x_wconf 81' lang='lat' dir='ltr'><em>illunc,</em></span> <span class='ocrx_word' id='word_1_260' title='bbox 897 1759 939 1780; x_wconf 89' lang='lat' dir='ltr'><em>ne</em></span> <span class='ocrx_word' id='word_1_261' title='bbox 957 1748 1024 1779; x_wconf 91' lang='lat' dir='ltr'><em>duo</em></span> <span class='ocrx_word' id='word_1_262' title='bbox 1037 1748 1150 1778; x_wconf 86' lang='lat' dir='ltr'><em>hiatus</em></span> <span class='ocrx_word' id='word_1_263' title='bbox 1166 1747 1200 1777; x_wconf 92' lang='lat' dir='ltr'><em>in</em></span> <span class='ocrx_word' id='word_1_264' title='bbox 1217 1757 1283 1779; x_wconf 91' lang='lat' dir='ltr'><em>uno</em></span> <span class='ocrx_word' id='word_1_265' title='bbox 1306 1757 1406 1778; x_wconf 90' lang='lat' dir='ltr'><em>versu</em></span> <span class='ocrx_word' id='word_1_266' title='bbox 1432 1747 1580 1778; x_wconf 89' lang='lat' dir='ltr'><em>interve-</em></span> 
     </span>
     <span class='ocr_line' id='line_1_28' title="bbox 119 1790 1580 1834; baseline -0.004 -7"><span class='ocrx_word' id='word_1_267' title='bbox 119 1796 227 1827; x_wconf 87' lang='lat' dir='ltr'><em>niant.</em></span> <span class='ocrx_word' id='word_1_268' title='bbox 252 1795 310 1826; x_wconf 89' lang='lat' dir='ltr'><em>Fa.</em></span> <span class='ocrx_word' id='word_1_269' title='bbox 354 1794 453 1826; x_wconf 90' lang='lat' dir='ltr'><em>Bodl.</em></span> <span class='ocrx_word' id='word_1_270' title='bbox 477 1794 542 1824; x_wconf 88' lang='lat' dir='ltr'><em>Hic</em></span> <span class='ocrx_word' id='word_1_271' title='bbox 556 1803 627 1824; x_wconf 83' lang='lat' dir='ltr'><em>vero</em></span> <span class='ocrx_word' id='word_1_272' title='bbox 641 1804 717 1834; x_wconf 83' lang='lat' dir='ltr'><em>puer</em></span> <span class='ocrx_word' id='word_1_273' title='bbox 731 1796 787 1824; x_wconf 90' lang='lat' dir='ltr'><em>est.</em></span> <span class='ocrx_word' id='word_1_274' title='bbox 811 1793 878 1824; x_wconf 89' lang='lat' dir='ltr'><em>Ms.</em></span> <span class='ocrx_word' id='word_1_275' title='bbox 897 1792 990 1832; x_wconf 83' lang='lat' dir='ltr'><em>Lips.</em></span> <span class='ocrx_word' id='word_1_276' title='bbox 1006 1791 1052 1822; x_wconf 88' lang='lat' dir='ltr'><em>G.</em></span> <span class='ocrx_word' id='word_1_277' title='bbox 1075 1790 1175 1821; x_wconf 87' lang='lat' dir='ltr'><em>Bodl.</em></span> <span class='ocrx_word' id='word_1_278' title='bbox 1201 1790 1251 1821; x_wconf 90' lang='lat' dir='ltr'><em>M.</em></span> <span class='ocrx_word' id='word_1_279' title='bbox 1276 1795 1312 1821; x_wconf 89' lang='lat' dir='ltr'><em>et</em></span> <span class='ocrx_word' id='word_1_280' title='bbox 1336 1791 1404 1822; x_wconf 80' lang='lat' dir='ltr'><em>ET.</em></span> <span class='ocrx_word' id='word_1_281' title='bbox 1428 1790 1509 1821; x_wconf 83' lang='lat' dir='ltr'><em>EM.</em></span> <span class='ocrx_word' id='word_1_282' title='bbox 1525 1791 1580 1830; x_wconf 81' lang='lat' dir='ltr'><em>qui</em></span> 
     </span>
     <span class='ocr_line' id='line_1_29' title="bbox 117 1832 1579 1878; baseline -0.003 -10"><span class='ocrx_word' id='word_1_283' title='bbox 117 1839 145 1869; x_wconf 84' lang='lat' dir='ltr'><em>si</em></span> <span class='ocrx_word' id='word_1_284' title='bbox 160 1838 311 1878; x_wconf 83' lang='lat' dir='ltr'><em>occeperit</em></span> <span class='ocrx_word' id='word_1_285' title='bbox 325 1847 440 1868; x_wconf 86' lang='lat' dir='ltr'><em>amare.</em></span> <span class='ocrx_word' id='word_1_286' title='bbox 486 1837 666 1868; x_wconf 81' lang='lat' dir='ltr'><em>Quomodo</em></span> <span class='ocrx_word' id='word_1_287' title='bbox 681 1840 716 1867; x_wconf 87' lang='lat' dir='ltr'><em>et</em></span> <span class='ocrx_word' id='word_1_288' title='bbox 732 1836 905 1866; x_wconf 83' lang='lat' dir='ltr'><em>Donatum</em></span> <span class='ocrx_word' id='word_1_289' title='bbox 929 1834 1050 1874; x_wconf 81' lang='lat' dir='ltr'><em>legisse</em></span> <span class='ocrx_word' id='word_1_290' title='bbox 1068 1833 1179 1864; x_wconf 86' lang='lat' dir='ltr'><em>discas</em></span> <span class='ocrx_word' id='word_1_291' title='bbox 1196 1832 1237 1863; x_wconf 90' lang='lat' dir='ltr'><em>ad</em></span> <span class='ocrx_word' id='word_1_292' title='bbox 1257 1841 1344 1863; x_wconf 79' lang='lat' dir='ltr'><em>verS.</em></span> <span class='ocrx_word' id='word_1_293' title='bbox 1361 1835 1413 1864; x_wconf 89' lang='grc'><em>56.</em></span> <span class='ocrx_word' id='word_1_294' title='bbox 1459 1833 1579 1873; x_wconf 87' lang='lat' dir='ltr'><em>Itaque</em></span> 
     </span>
     <span class='ocr_line' id='line_1_30' title="bbox 120 1875 1579 1916; baseline -0.003 -4"><span class='ocrx_word' id='word_1_295' title='bbox 120 1890 195 1912; x_wconf 87' lang='lat' dir='ltr'><em>esse</em></span> <span class='ocrx_word' id='word_1_296' title='bbox 210 1881 245 1912; x_wconf 87' lang='lat' dir='ltr'><em>in</em></span> <span class='ocrx_word' id='word_1_297' title='bbox 270 1879 424 1911; x_wconf 87' lang='lat' dir='ltr'><em>omnibus</em></span> <span class='ocrx_word' id='word_1_298' title='bbox 448 1879 536 1910; x_wconf 85' lang='lat' dir='ltr'><em>Pau.</em></span> <span class='ocrx_word' id='word_1_299' title='bbox 561 1882 682 1910; x_wconf 84' lang='lat' dir='ltr'><em>auctor</em></span> <span class='ocrx_word' id='word_1_300' title='bbox 703 1884 757 1909; x_wconf 90' lang='lat' dir='ltr'><em>est</em></span> <span class='ocrx_word' id='word_1_301' title='bbox 774 1879 915 1909; x_wconf 88' lang='lat' dir='ltr'><em>Pareus.</em></span> <span class='ocrx_word' id='word_1_302' title='bbox 960 1876 1107 1907; x_wconf 85' lang='lat' dir='ltr'><em>Videtur</em></span> <span class='ocrx_word' id='word_1_303' title='bbox 1124 1879 1237 1906; x_wconf 89' lang='lat' dir='ltr'><em>autem</em></span> <span class='ocrx_word' id='word_1_304' title='bbox 1254 1885 1272 1906; x_wconf 91' lang='lat' dir='ltr'><em>e</em></span> <span class='ocrx_word' id='word_1_305' title='bbox 1289 1876 1398 1916; x_wconf 85' lang='lat' dir='ltr'><em>glossa</em></span> <span class='ocrx_word' id='word_1_306' title='bbox 1413 1875 1579 1907; x_wconf 85' lang='lat' dir='ltr'><em>additum.</em></span> 
     </span>
     <span class='ocr_line' id='line_1_31' title="bbox 120 1918 1584 1962; baseline -0.004 -7"><span class='ocrx_word' id='word_1_307' title='bbox 120 1924 200 1955; x_wconf 88' lang='lat' dir='ltr'><em>Non</em></span> <span class='ocrx_word' id='word_1_308' title='bbox 216 1922 376 1954; x_wconf 83' lang='lat' dir='ltr'><em>audiendi</em></span> <span class='ocrx_word' id='word_1_309' title='bbox 394 1923 452 1954; x_wconf 89' lang='lat' dir='ltr'><em>Fa.</em></span> <span class='ocrx_word' id='word_1_310' title='bbox 468 1926 504 1953; x_wconf 86' lang='lat' dir='ltr'><em>et</em></span> <span class='ocrx_word' id='word_1_311' title='bbox 519 1921 611 1962; x_wconf 86' lang='lat' dir='ltr'><em>Guy.</em></span> <span class='ocrx_word' id='word_1_312' title='bbox 629 1921 857 1953; x_wconf 83' lang='lat' dir='ltr'><em>rescribentes</em></span> <span class='ocrx_word' id='word_1_313' title='bbox 873 1930 914 1951; x_wconf 86' lang='lat' dir='ltr'><em>ex</em></span> <span class='ocrx_word' id='word_1_314' title='bbox 931 1920 1030 1951; x_wconf 90' lang='lat' dir='ltr'><em>Bem.</em></span> <span class='ocrx_word' id='word_1_315' title='bbox 1055 1919 1146 1949; x_wconf 88' lang='lat' dir='ltr'><em>dicet.</em></span> <span class='ocrx_word' id='word_1_316' title='bbox 1170 1918 1280 1949; x_wconf 88' lang='lat' dir='ltr'><em>West.</em></span> <span class='ocrx_word' id='word_1_317' title='bbox 1324 1918 1426 1948; x_wconf 88' lang='lat' dir='ltr'><em>Prior</em></span> <span class='ocrx_word' id='word_1_318' title='bbox 1452 1927 1584 1957; x_wconf 88' lang='lat' dir='ltr'><em>versus,</em></span> 
     </span>
     <span class='ocr_line' id='line_1_32' title="bbox 120 1960 1581 2007; baseline -0.003 -12"><span class='ocrx_word' id='word_1_319' title='bbox 120 1975 221 2007; x_wconf 88' lang='lat' dir='ltr'><em>quem</em></span> <span class='ocrx_word' id='word_1_320' title='bbox 233 1965 331 1996; x_wconf 83' lang='lat' dir='ltr'><em>dedit</em></span> <span class='ocrx_word' id='word_1_321' title='bbox 346 1965 406 1995; x_wconf 81' lang='lat' dir='ltr'><em>Fa.</em></span> <span class='ocrx_word' id='word_1_322' title='bbox 431 1969 595 2005; x_wconf 87' lang='lat' dir='ltr'><em>quantum</em></span> <span class='ocrx_word' id='word_1_323' title='bbox 613 1964 652 1994; x_wconf 89' lang='lat' dir='ltr'><em>ad</em></span> <span class='ocrx_word' id='word_1_324' title='bbox 683 1973 840 1995; x_wconf 91' lang='lat' dir='ltr'><em>numeros</em></span> <span class='ocrx_word' id='word_1_325' title='bbox 866 1963 954 1994; x_wconf 89' lang='lat' dir='ltr'><em>bene</em></span> <span class='ocrx_word' id='word_1_326' title='bbox 981 1962 1102 1993; x_wconf 84' lang='lat' dir='ltr'><em>habet:</em></span> <span class='ocrx_word' id='word_1_327' title='bbox 1125 1961 1214 1991; x_wconf 84' lang='lat' dir='ltr'><em>alter</em></span> <span class='ocrx_word' id='word_1_328' title='bbox 1239 1970 1314 1991; x_wconf 87' lang='lat' dir='ltr'><em>cum</em></span> <span class='ocrx_word' id='word_1_329' title='bbox 1340 1960 1488 1991; x_wconf 86' lang='lat' dir='ltr'><em>hiatibus</em></span> <span class='ocrx_word' id='word_1_330' title='bbox 1507 1961 1581 1991; x_wconf 85' lang='lat' dir='ltr'><em>istis</em></span> 
     </span>
     <span class='ocr_line' id='line_1_33' title="bbox 120 2002 1580 2043; baseline -0.005 -3"><span class='ocrx_word' id='word_1_331' title='bbox 120 2009 214 2040; x_wconf 88' lang='lat' dir='ltr'><em>nullo</em></span> <span class='ocrx_word' id='word_1_332' title='bbox 239 2007 340 2039; x_wconf 90' lang='lat' dir='ltr'><em>modo</em></span> <span class='ocrx_word' id='word_1_333' title='bbox 362 2006 535 2038; x_wconf 85' lang='lat' dir='ltr'><em>ferendus.</em></span> <span class='ocrx_word' id='word_1_334' title='bbox 579 2006 694 2037; x_wconf 86' lang='lat' dir='ltr'><em>Sensit</em></span> <span class='ocrx_word' id='word_1_335' title='bbox 720 2007 783 2037; x_wconf 82' lang='lat' dir='ltr'><em>boc</em></span> <span class='ocrx_word' id='word_1_336' title='bbox 809 2007 860 2037; x_wconf 91' lang='lat' dir='ltr'><em>vir</em></span> <span class='ocrx_word' id='word_1_337' title='bbox 886 2005 1030 2043; x_wconf 85' lang='lat' dir='ltr'><em>doctus;</em></span> <span class='ocrx_word' id='word_1_338' title='bbox 1055 2008 1091 2034; x_wconf 88' lang='lat' dir='ltr'><em>et</em></span> <span class='ocrx_word' id='word_1_339' title='bbox 1116 2014 1135 2034; x_wconf 90' lang='lat' dir='ltr'><em>a</em></span> <span class='ocrx_word' id='word_1_340' title='bbox 1159 2002 1293 2035; x_wconf 74' lang='lat' dir='ltr'><em>Faerno</em></span> <span class='ocrx_word' id='word_1_341' title='bbox 1309 2013 1370 2034; x_wconf 92' lang='lat' dir='ltr'><em>suo</em></span> <span class='ocrx_word' id='word_1_342' title='bbox 1387 2003 1580 2034; x_wconf 83' lang='lat' dir='ltr'><em>desciscens</em></span> 
     </span>
     <span class='ocr_line' id='line_1_34' title="bbox 120 2046 1580 2089; baseline -0.003 -8"><span class='ocrx_word' id='word_1_343' title='bbox 120 2052 171 2082; x_wconf 84' lang='lat' dir='ltr'><em>sic</em></span> <span class='ocrx_word' id='word_1_344' title='bbox 189 2060 305 2082; x_wconf 84' lang='lat' dir='ltr'><em>versus</em></span> <span class='ocrx_word' id='word_1_345' title='bbox 321 2049 513 2089; x_wconf 86' lang='lat' dir='ltr'><em>constitnit,</em></span> <span class='ocrx_word' id='word_1_346' title='bbox 533 2050 566 2079; x_wconf 92' lang='lat' dir='ltr'><em>in</em></span> <span class='ocrx_word' id='word_1_347' title='bbox 584 2049 658 2089; x_wconf 88' lang='lat' dir='ltr'><em>ipso</em></span> <span class='ocrx_word' id='word_1_348' title='bbox 675 2049 779 2080; x_wconf 89' lang='lat' dir='ltr'><em>etiam</em></span> <span class='ocrx_word' id='word_1_349' title='bbox 797 2053 894 2079; x_wconf 86' lang='lat' dir='ltr'><em>textu</em></span> <span class='ocrx_word' id='word_1_350' title='bbox 909 2059 918 2079; x_wconf 69' lang='grc' dir='ltr'>ι</span> <span class='ocrx_word' id='word_1_351' title='bbox 944 2047 1011 2078; x_wconf 88' lang='lat' dir='ltr'><em>Hic</em></span> <span class='ocrx_word' id='word_1_352' title='bbox 1026 2057 1095 2078; x_wconf 77' lang='lat' dir='ltr'><em>vero</em></span> <span class='ocrx_word' id='word_1_353' title='bbox 1111 2050 1167 2084; x_wconf 88' lang='lat' dir='ltr'><em>est,</em></span> <span class='ocrx_word' id='word_1_354' title='bbox 1183 2047 1237 2086; x_wconf 79' lang='lat' dir='ltr'><em>qui</em></span> <span class='ocrx_word' id='word_1_355' title='bbox 1251 2047 1280 2077; x_wconf 87' lang='lat' dir='ltr'><em>si</em></span> <span class='ocrx_word' id='word_1_356' title='bbox 1299 2046 1459 2086; x_wconf 73' lang='lat' dir='ltr'><em>occeperit,</em></span> <span class='ocrx_word' id='word_1_357' title='bbox 1475 2047 1580 2076; x_wconf 78' lang='lat' dir='ltr'><em>hatum</em></span> 
     </span>
     <span class='ocr_line' id='line_1_35' title="bbox 111 2088 1578 2134; baseline -0.003 -10"><span class='ocrx_word' id='word_1_358' title='bbox 111 2093 289 2133; x_wconf 73' lang='lat' dir='ltr'><em>jocumque,</em></span> <span class='ocrx_word' id='word_1_359' title='bbox 315 2093 378 2134; x_wconf 87' lang='lat' dir='ltr'><em>[sat</em></span> <span class='ocrx_word' id='word_1_360' title='bbox 400 2091 481 2131; x_wconf 80' lang='lat' dir='ltr'><em>scio]</em></span> <span class='ocrx_word' id='word_1_361' title='bbox 507 2091 598 2123; x_wconf 85' lang='lat' dir='ltr'><em>Dicet</em></span> <span class='ocrx_word' id='word_1_362' title='bbox 620 2090 723 2130; x_wconf 82' lang='lat' dir='ltr'><em>fuisse</em></span> <span class='ocrx_word' id='word_1_363' title='bbox 747 2091 835 2122; x_wconf 77' lang='lat' dir='ltr'><em>illam</em></span> <span class='ocrx_word' id='word_1_364' title='bbox 858 2091 1002 2129; x_wconf 77' lang='lat' dir='ltr'><em>alterum,</em></span> <span class='ocrx_word' id='word_1_365' title='bbox 1024 2092 1126 2129; x_wconf 81' lang='lat' dir='ltr'><em>praeut</em></span> <span class='ocrx_word' id='word_1_366' title='bbox 1149 2089 1239 2127; x_wconf 76' lang='lat' dir='ltr'><em>hujus</em></span> <span class='ocrx_word' id='word_1_367' title='bbox 1264 2088 1365 2120; x_wconf 87' lang='lat' dir='ltr'><em>rabies</em></span> <span class='ocrx_word' id='word_1_368' title='bbox 1391 2099 1458 2128; x_wconf 71' lang='lat' dir='ltr'><em>quse</em></span> <span class='ocrx_word' id='word_1_369' title='bbox 1480 2090 1578 2121; x_wconf 78' lang='lat' dir='ltr'><em>dabit.</em></span> 
     </span>
     <span class='ocr_line' id='line_1_36' title="bbox 122 2131 1577 2176; baseline -0.003 -9"><span class='ocrx_word' id='word_1_370' title='bbox 122 2136 232 2175; x_wconf 84' lang='lat' dir='ltr'><em>Nihil,</em></span> <span class='ocrx_word' id='word_1_371' title='bbox 247 2136 372 2176; x_wconf 88' lang='lat' dir='ltr'><em>inquit,</em></span> <span class='ocrx_word' id='word_1_372' title='bbox 388 2135 514 2166; x_wconf 84' lang='lat' dir='ltr'><em>certius</em></span> <span class='ocrx_word' id='word_1_373' title='bbox 536 2138 600 2173; x_wconf 87' lang='lat' dir='ltr'><em>est,</em></span> <span class='ocrx_word' id='word_1_374' title='bbox 628 2144 728 2174; x_wconf 81' lang='lat' dir='ltr'><em>quam</em></span> <span class='ocrx_word' id='word_1_375' title='bbox 744 2143 877 2164; x_wconf 89' lang='lat' dir='ltr'><em>versum</em></span> <span class='ocrx_word' id='word_1_376' title='bbox 895 2131 1081 2164; x_wconf 85' lang='lat' dir='ltr'><em>secundum</em></span> <span class='ocrx_word' id='word_1_377' title='bbox 1098 2141 1117 2161; x_wconf 88' lang='lat' dir='ltr'><em>a</em></span> <span class='ocrx_word' id='word_1_378' title='bbox 1133 2131 1228 2163; x_wconf 84' lang='lat' dir='ltr'><em>Dicet</em></span> <span class='ocrx_word' id='word_1_379' title='bbox 1244 2131 1474 2171; x_wconf 82' lang='lat' dir='ltr'><em>incipiendum</em></span> <span class='ocrx_word' id='word_1_380' title='bbox 1492 2141 1577 2162; x_wconf 81' lang='lat' dir='ltr'><em>esse.</em></span> 
     </span>
     <span class='ocr_line' id='line_1_37' title="bbox 120 2174 1580 2218; baseline -0.003 -9"><span class='ocrx_word' id='word_1_381' title='bbox 120 2177 190 2209; x_wconf 87' lang='lat' dir='ltr'><em>Ubi</em></span> <span class='ocrx_word' id='word_1_382' title='bbox 205 2179 309 2209; x_wconf 87' lang='lat' dir='ltr'><em>semel</em></span> <span class='ocrx_word' id='word_1_383' title='bbox 324 2178 390 2209; x_wconf 92' lang='lat' dir='ltr'><em>hoc</em></span> <span class='ocrx_word' id='word_1_384' title='bbox 413 2187 475 2218; x_wconf 85' lang='lat' dir='ltr'><em>pro</em></span> <span class='ocrx_word' id='word_1_385' title='bbox 502 2181 678 2216; x_wconf 85' lang='lat' dir='ltr'><em>comperto</em></span> <span class='ocrx_word' id='word_1_386' title='bbox 704 2176 885 2215; x_wconf 85' lang='lat' dir='ltr'><em>assumsit3</em></span> <span class='ocrx_word' id='word_1_387' title='bbox 908 2176 1093 2212; x_wconf 86' lang='lat' dir='ltr'><em>Lacunam,</em></span> <span class='ocrx_word' id='word_1_388' title='bbox 1120 2174 1243 2214; x_wconf 85' lang='lat' dir='ltr'><em>inquit,</em></span> <span class='ocrx_word' id='word_1_389' title='bbox 1264 2174 1378 2204; x_wconf 89' lang='lat' dir='ltr'><em>verbis</em></span> <span class='ocrx_word' id='word_1_390' title='bbox 1403 2174 1507 2214; x_wconf 81' lang='lat' dir='ltr'><em>hisce,</em></span> <span class='ocrx_word' id='word_1_391' title='bbox 1530 2178 1580 2205; x_wconf 82' lang='lat' dir='ltr'><em>sat</em></span> 
     </span>
     <span class='ocr_line' id='line_1_38' title="bbox 119 2216 1581 2262; baseline -0.004 -10"><span class='ocrx_word' id='word_1_392' title='bbox 119 2220 195 2260; x_wconf 88' lang='lat' dir='ltr'><em>scio,</em></span> <span class='ocrx_word' id='word_1_393' title='bbox 215 2221 376 2262; x_wconf 85' lang='lat' dir='ltr'><em>supplere</em></span> <span class='ocrx_word' id='word_1_394' title='bbox 392 2220 502 2251; x_wconf 84' lang='lat' dir='ltr'><em>nullus</em></span> <span class='ocrx_word' id='word_1_395' title='bbox 519 2219 648 2250; x_wconf 91' lang='lat' dir='ltr'><em>dubito.</em></span> <span class='ocrx_word' id='word_1_396' title='bbox 695 2218 801 2260; x_wconf 89' lang='lat' dir='ltr'><em>Atqui</em></span> <span class='ocrx_word' id='word_1_397' title='bbox 826 2218 945 2249; x_wconf 89' lang='lat' dir='ltr'><em>melius</em></span> <span class='ocrx_word' id='word_1_398' title='bbox 970 2223 1045 2249; x_wconf 86' lang='lat' dir='ltr'><em>erat</em></span> <span class='ocrx_word' id='word_1_399' title='bbox 1071 2216 1266 2247; x_wconf 86' lang='lat' dir='ltr'><em>dubitasse:</em></span> <span class='ocrx_word' id='word_1_400' title='bbox 1290 2226 1390 2258; x_wconf 87' lang='lat' dir='ltr'><em>quam</em></span> <span class='ocrx_word' id='word_1_401' title='bbox 1415 2217 1581 2256; x_wconf 84' lang='lat' dir='ltr'><em>lacunam,</em></span> 
     </span>
     <span class='ocr_line' id='line_1_39' title="bbox 120 2259 1580 2304; baseline -0.003 -9"><span class='ocrx_word' id='word_1_402' title='bbox 120 2273 198 2304; x_wconf 85' lang='lat' dir='ltr'><em>quae</em></span> <span class='ocrx_word' id='word_1_403' title='bbox 214 2264 307 2294; x_wconf 91' lang='lat' dir='ltr'><em>nulla</em></span> <span class='ocrx_word' id='word_1_404' title='bbox 319 2268 384 2301; x_wconf 90' lang='lat' dir='ltr'><em>est,</em></span> <span class='ocrx_word' id='word_1_405' title='bbox 401 2262 528 2300; x_wconf 81' lang='lat' dir='ltr'><em>verbis,</em></span> <span class='ocrx_word' id='word_1_406' title='bbox 543 2271 619 2302; x_wconf 89' lang='lat' dir='ltr'><em>quae</em></span> <span class='ocrx_word' id='word_1_407' title='bbox 635 2261 729 2292; x_wconf 89' lang='lat' dir='ltr'><em>nihili</em></span> <span class='ocrx_word' id='word_1_408' title='bbox 746 2265 840 2300; x_wconf 88' lang='lat' dir='ltr'><em>sunt,</em></span> <span class='ocrx_word' id='word_1_409' title='bbox 853 2261 1077 2301; x_wconf 85' lang='lat' dir='ltr'><em>supplevisse.</em></span> <span class='ocrx_word' id='word_1_410' title='bbox 1124 2259 1234 2290; x_wconf 83' lang='lat' dir='ltr'><em>Porro</em></span> <span class='ocrx_word' id='word_1_411' title='bbox 1261 2263 1297 2290; x_wconf 90' lang='lat' dir='ltr'><em>et</em></span> <span class='ocrx_word' id='word_1_412' title='bbox 1318 2259 1414 2290; x_wconf 85' lang='lat' dir='ltr'><em>Dicet</em></span> <span class='ocrx_word' id='word_1_413' title='bbox 1432 2259 1509 2290; x_wconf 85' lang='lat' dir='ltr'><em>ideo</em></span> <span class='ocrx_word' id='word_1_414' title='bbox 1525 2260 1580 2291; x_wconf 84' lang='lat' dir='ltr'><em>hie</em></span> 
     </span>
     <span class='ocr_line' id='line_1_40' title="bbox 120 2300 1579 2347; baseline -0.003 -10"><span class='ocrx_word' id='word_1_415' title='bbox 120 2305 257 2346; x_wconf 84' lang='lat' dir='ltr'><em>probat,</em></span> <span class='ocrx_word' id='word_1_416' title='bbox 272 2306 351 2347; x_wconf 87' lang='lat' dir='ltr'><em>quia</em></span> <span class='ocrx_word' id='word_1_417' title='bbox 367 2305 535 2336; x_wconf 86' lang='lat' dir='ltr'><em>Parmeno</em></span> <span class='ocrx_word' id='word_1_418' title='bbox 551 2304 606 2335; x_wconf 90' lang='lat' dir='ltr'><em>hic</em></span> <span class='ocrx_word' id='word_1_419' title='bbox 621 2304 786 2335; x_wconf 86' lang='lat' dir='ltr'><em>neminem</em></span> <span class='ocrx_word' id='word_1_420' title='bbox 803 2305 1007 2344; x_wconf 88' lang='lat' dir='ltr'><em>alloquatur.</em></span> <span class='ocrx_word' id='word_1_421' title='bbox 1040 2301 1124 2333; x_wconf 86' lang='lat' dir='ltr'><em>Pari</em></span> <span class='ocrx_word' id='word_1_422' title='bbox 1140 2303 1252 2333; x_wconf 84' lang='lat' dir='ltr'><em>onmia</em></span> <span class='ocrx_word' id='word_1_423' title='bbox 1269 2300 1449 2332; x_wconf 83' lang='lat' dir='ltr'><em>felicitate.</em></span> <span class='ocrx_word' id='word_1_424' title='bbox 1477 2301 1579 2340; x_wconf 85' lang='lat' dir='ltr'><em>Vide,</em></span> 
     </span>
     <span class='ocr_line' id='line_1_41' title="bbox 121 2343 1579 2386; baseline -0.001 -8"><span class='ocrx_word' id='word_1_425' title='bbox 121 2357 164 2379; x_wconf 86' lang='lat' dir='ltr'><em>an</em></span> <span class='ocrx_word' id='word_1_426' title='bbox 179 2348 278 2379; x_wconf 88' lang='lat' dir='ltr'><em>nobis</em></span> <span class='ocrx_word' id='word_1_427' title='bbox 293 2347 499 2380; x_wconf 86' lang='lat' dir='ltr'><em>fortunatius</em></span> <span class='ocrx_word' id='word_1_428' title='bbox 516 2346 617 2377; x_wconf 86' lang='lat' dir='ltr'><em>cadat</em></span> <span class='ocrx_word' id='word_1_429' title='bbox 636 2347 728 2378; x_wconf 88' lang='lat' dir='ltr'><em>alea:</em></span> <span class='ocrx_word' id='word_1_430' title='bbox 753 2346 820 2377; x_wconf 88' lang='lat' dir='ltr'><em>Hic</em></span> <span class='ocrx_word' id='word_1_431' title='bbox 836 2355 908 2377; x_wconf 80' lang='lat' dir='ltr'><em>vero</em></span> <span class='ocrx_word' id='word_1_432' title='bbox 924 2348 981 2383; x_wconf 88' lang='lat' dir='ltr'><em>est,</em></span> <span class='ocrx_word' id='word_1_433' title='bbox 996 2345 1048 2386; x_wconf 84' lang='lat' dir='ltr'><em>qui</em></span> <span class='ocrx_word' id='word_1_434' title='bbox 1063 2345 1091 2375; x_wconf 82' lang='lat' dir='ltr'><em>si</em></span> <span class='ocrx_word' id='word_1_435' title='bbox 1107 2345 1269 2384; x_wconf 82' lang='lat' dir='ltr'><em>occeperit,</em></span> <span class='ocrx_word' id='word_1_436' title='bbox 1282 2344 1406 2375; x_wconf 84' lang='lat' dir='ltr'><em>Ludum</em></span> <span class='ocrx_word' id='word_1_437' title='bbox 1413 2343 1579 2384; x_wconf 81' lang='lat' dir='ltr'><em>jocumque</em></span> 
     </span>
     <span class='ocr_line' id='line_1_42' title="bbox 119 2387 1578 2429; baseline -0.003 -7"><span class='ocrx_word' id='word_1_438' title='bbox 119 2390 205 2422; x_wconf 85' lang='lat' dir='ltr'><em>dicas</em></span> <span class='ocrx_word' id='word_1_439' title='bbox 212 2390 315 2429; x_wconf 84' lang='lat' dir='ltr'><em>fuisse</em></span> <span class='ocrx_word' id='word_1_440' title='bbox 328 2391 418 2422; x_wconf 79' lang='lat' dir='ltr'><em>illum</em></span> <span class='ocrx_word' id='word_1_441' title='bbox 432 2391 574 2428; x_wconf 80' lang='lat' dir='ltr'><em>alterum,</em></span> <span class='ocrx_word' id='word_1_442' title='bbox 591 2390 701 2420; x_wconf 83' lang='lat' dir='ltr'><em>Praeut</em></span> <span class='ocrx_word' id='word_1_443' title='bbox 717 2389 807 2427; x_wconf 75' lang='lat' dir='ltr'><em>hujus</em></span> <span class='ocrx_word' id='word_1_444' title='bbox 822 2389 923 2419; x_wconf 83' lang='lat' dir='ltr'><em>rabies</em></span> <span class='ocrx_word' id='word_1_445' title='bbox 938 2398 1005 2428; x_wconf 82' lang='lat' dir='ltr'><em>quoe</em></span> <span class='ocrx_word' id='word_1_446' title='bbox 1021 2387 1120 2419; x_wconf 84' lang='lat' dir='ltr'><em>dabit.</em></span> <span class='ocrx_word' id='word_1_447' title='bbox 1161 2387 1321 2418; x_wconf 87' lang='lat' dir='ltr'><em>Ceterum</em></span> <span class='ocrx_word' id='word_1_448' title='bbox 1339 2388 1392 2418; x_wconf 91' lang='lat' dir='ltr'><em>vel</em></span> <span class='ocrx_word' id='word_1_449' title='bbox 1409 2387 1578 2418; x_wconf 87' lang='lat' dir='ltr'><em>Prisciani</em></span> 
     </span>
     <span class='ocr_line' id='line_1_43' title="bbox 119 2428 1578 2474; baseline -0.002 -10"><span class='ocrx_word' id='word_1_450' title='bbox 119 2434 320 2473; x_wconf 81' lang='lat' dir='ltr'><em>auctoritas,</em></span> <span class='ocrx_word' id='word_1_451' title='bbox 334 2433 391 2474; x_wconf 88' lang='lat' dir='ltr'><em>qui</em></span> <span class='ocrx_word' id='word_1_452' title='bbox 407 2443 440 2473; x_wconf 86' lang='lat' dir='ltr'><em>p.</em></span> <span class='ocrx_word' id='word_1_453' title='bbox 458 2435 532 2464; x_wconf 85' lang='grc'>997.</span> <span class='ocrx_word' id='word_1_454' title='bbox 550 2432 609 2463; x_wconf 85' lang='lat' dir='ltr'><em>bos</em></span> <span class='ocrx_word' id='word_1_455' title='bbox 627 2432 718 2472; x_wconf 88' lang='lat' dir='ltr'><em>ipsos</em></span> <span class='ocrx_word' id='word_1_456' title='bbox 733 2441 850 2462; x_wconf 87' lang='lat' dir='ltr'><em>versus</em></span> <span class='ocrx_word' id='word_1_457' title='bbox 867 2430 1019 2470; x_wconf 88' lang='lat' dir='ltr'><em>adducit,</em></span> <span class='ocrx_word' id='word_1_458' title='bbox 1035 2435 1072 2461; x_wconf 90' lang='lat' dir='ltr'><em>ut</em></span> <span class='ocrx_word' id='word_1_459' title='bbox 1086 2429 1187 2461; x_wconf 85' lang='lat' dir='ltr'><em>hodie</em></span> <span class='ocrx_word' id='word_1_460' title='bbox 1203 2428 1372 2468; x_wconf 87' lang='lat' dir='ltr'><em>feruntur,</em></span> <span class='ocrx_word' id='word_1_461' title='bbox 1399 2430 1578 2461; x_wconf 87' lang='lat' dir='ltr'><em>deterrere</em></span> 
     </span>
     <span class='ocr_line' id='line_1_44' title="bbox 120 2472 1580 2513; baseline -0.001 -7"><span class='ocrx_word' id='word_1_462' title='bbox 120 2475 241 2506; x_wconf 86' lang='lat' dir='ltr'><em>debuit</em></span> <span class='ocrx_word' id='word_1_463' title='bbox 257 2476 363 2506; x_wconf 87' lang='lat' dir='ltr'><em>virum</em></span> <span class='ocrx_word' id='word_1_464' title='bbox 379 2475 531 2513; x_wconf 87' lang='lat' dir='ltr'><em>doctum,</em></span> <span class='ocrx_word' id='word_1_465' title='bbox 546 2484 588 2505; x_wconf 88' lang='lat' dir='ltr'><em>ue</em></span> <span class='ocrx_word' id='word_1_466' title='bbox 601 2478 649 2505; x_wconf 91' lang='lat' dir='ltr'><em>sat</em></span> <span class='ocrx_word' id='word_1_467' title='bbox 664 2474 726 2505; x_wconf 85' lang='lat' dir='ltr'><em>scio</em></span> <span class='ocrx_word' id='word_1_468' title='bbox 741 2474 795 2505; x_wconf 83' lang='lat' dir='ltr'><em>hic</em></span> <span class='ocrx_word' id='word_1_469' title='bbox 811 2473 1013 2513; x_wconf 82' lang='lat' dir='ltr'><em>intruderet,</em></span> <span class='ocrx_word' id='word_1_470' title='bbox 1034 2473 1090 2504; x_wconf 88' lang='lat' dir='ltr'><em>ubi</em></span> <span class='ocrx_word' id='word_1_471' title='bbox 1108 2473 1181 2512; x_wconf 83' lang='lat' dir='ltr'><em>ipse</em></span> <span class='ocrx_word' id='word_1_472' title='bbox 1196 2472 1279 2503; x_wconf 88' lang='lat' dir='ltr'><em>nihil</em></span> <span class='ocrx_word' id='word_1_473' title='bbox 1297 2472 1442 2503; x_wconf 86' lang='lat' dir='ltr'><em>sciebat.</em></span> <span class='ocrx_word' id='word_1_474' title='bbox 1480 2473 1580 2504; x_wconf 84' lang='lat' dir='ltr'><em>Dices</em></span> 
     </span>
     <span class='ocr_line' id='line_1_45' title="bbox 121 2515 1578 2558; baseline -0.001 -10"><span class='ocrx_word' id='word_1_475' title='bbox 121 2517 292 2549; x_wconf 87' lang='lat' dir='ltr'><em>Prisciani</em></span> <span class='ocrx_word' id='word_1_476' title='bbox 319 2517 468 2556; x_wconf 86' lang='lat' dir='ltr'><em>codices,</em></span> <span class='ocrx_word' id='word_1_477' title='bbox 489 2517 665 2558; x_wconf 86' lang='lat' dir='ltr'><em>nostrique</em></span> <span class='ocrx_word' id='word_1_478' title='bbox 692 2526 827 2548; x_wconf 86' lang='lat' dir='ltr'><em>omnes:</em></span> <span class='ocrx_word' id='word_1_479' title='bbox 853 2521 889 2547; x_wconf 85' lang='lat' dir='ltr'><em>et</em></span> <span class='ocrx_word' id='word_1_480' title='bbox 916 2516 997 2546; x_wconf 83' lang='lat' dir='ltr'><em>dicet</em></span> <span class='ocrx_word' id='word_1_481' title='bbox 1025 2515 1179 2555; x_wconf 83' lang='lat' dir='ltr'><em>ineptum</em></span> <span class='ocrx_word' id='word_1_482' title='bbox 1195 2519 1261 2546; x_wconf 86' lang='lat' dir='ltr'><em>est.</em></span> <span class='ocrx_word' id='word_1_483' title='bbox 1306 2515 1457 2555; x_wconf 86' lang='lat' dir='ltr'><em>Repone,</em></span> <span class='ocrx_word' id='word_1_484' title='bbox 1480 2515 1578 2548; x_wconf 77' lang='lat' dir='ltr'><em>dicas.</em></span> 
     </span>
     <span class='ocr_line' id='line_1_46' title="bbox 122 2557 1578 2602; baseline -0.002 -11"><span class='ocrx_word' id='word_1_485' title='bbox 122 2560 222 2592; x_wconf 83' lang='lat' dir='ltr'><em>Bent.</em></span> <span class='ocrx_word' id='word_1_486' title='bbox 247 2570 346 2602; x_wconf 84' lang='lat' dir='ltr'><em>quem</em></span> <span class='ocrx_word' id='word_1_487' title='bbox 362 2560 498 2591; x_wconf 88' lang='lat' dir='ltr'><em>omnino</em></span> <span class='ocrx_word' id='word_1_488' title='bbox 513 2560 668 2600; x_wconf 87' lang='lat' dir='ltr'><em>sequitur</em></span> <span class='ocrx_word' id='word_1_489' title='bbox 684 2560 777 2590; x_wconf 79' lang='lat' dir='ltr'><em>Peri.</em></span> <span class='ocrx_word' id='word_1_490' title='bbox 823 2559 933 2594; x_wconf 84' lang='lat' dir='ltr'><em>Dicas,</em></span> <span class='ocrx_word' id='word_1_491' title='bbox 955 2559 1067 2590; x_wconf 76' lang='lat' dir='ltr'><em>Praeut</em></span> <span class='ocrx_word' id='word_1_492' title='bbox 1082 2557 1173 2596; x_wconf 79' lang='lat' dir='ltr'><em>hujus</em></span> <span class='ocrx_word' id='word_1_493' title='bbox 1189 2557 1290 2588; x_wconf 81' lang='lat' dir='ltr'><em>rabies</em></span> <span class='ocrx_word' id='word_1_494' title='bbox 1304 2568 1373 2597; x_wconf 81' lang='lat' dir='ltr'><em>quae</em></span> <span class='ocrx_word' id='word_1_495' title='bbox 1388 2558 1474 2588; x_wconf 85' lang='lat' dir='ltr'><em>dabit</em></span> <span class='ocrx_word' id='word_1_496' title='bbox 1490 2558 1578 2589; x_wconf 82' lang='lat' dir='ltr'><em>illum</em></span> 
     </span>
     <span class='ocr_line' id='line_1_47' title="bbox 120 2600 1579 2641; baseline -0.003 -6"><span class='ocrx_word' id='word_1_497' title='bbox 120 2602 361 2641; x_wconf 82' lang='lat' dir='ltr'><em>alterumfuisse</em></span> <span class='ocrx_word' id='word_1_498' title='bbox 376 2603 480 2634; x_wconf 81' lang='lat' dir='ltr'><em>Both.</em></span> <span class='ocrx_word' id='word_1_499' title='bbox 504 2602 597 2633; x_wconf 86' lang='lat' dir='ltr'><em>Dicet</em></span> <span class='ocrx_word' id='word_1_500' title='bbox 614 2602 740 2633; x_wconf 86' lang='lat' dir='ltr'><em>Z.—-10</em></span> <span class='ocrx_word' id='word_1_501' title='bbox 765 2602 866 2632; x_wconf 88' lang='lat' dir='ltr'><em>Bodl.</em></span> <span class='ocrx_word' id='word_1_502' title='bbox 894 2601 938 2633; x_wconf 83' lang='lat' dir='ltr'><em>G.</em></span> <span class='ocrx_word' id='word_1_503' title='bbox 963 2606 998 2632; x_wconf 90' lang='lat' dir='ltr'><em>et</em></span> <span class='ocrx_word' id='word_1_504' title='bbox 1023 2601 1095 2632; x_wconf 90' lang='grc' dir='ltr'><em>ΕΡ.</em></span> <span class='ocrx_word' id='word_1_505' title='bbox 1119 2600 1255 2631; x_wconf 73' lang='lat' dir='ltr'><em>utillum</em></span> <span class='ocrx_word' id='word_1_506' title='bbox 1269 2600 1316 2631; x_wconf 88' lang='lat' dir='ltr'><em>Di</em></span> <span class='ocrx_word' id='word_1_507' title='bbox 1330 2600 1463 2640; x_wconf 82' lang='lat' dir='ltr'><em>Deoeque</em></span> <span class='ocrx_word' id='word_1_508' title='bbox 1477 2610 1579 2631; x_wconf 80' lang='lat' dir='ltr'><em>senem</em></span> 
     </span>
     <span class='ocr_line' id='line_1_48' title="bbox 120 2642 1578 2686; baseline -0.001 -11"><span class='ocrx_word' id='word_1_509' title='bbox 120 2655 224 2677; x_wconf 83' lang='lat' dir='ltr'><em>omnes</em></span> <span class='ocrx_word' id='word_1_510' title='bbox 243 2647 387 2686; x_wconf 85' lang='lat' dir='ltr'><em>perdant.</em></span> <span class='ocrx_word' id='word_1_511' title='bbox 433 2645 530 2676; x_wconf 90' lang='lat' dir='ltr'><em>Idem</em></span> <span class='ocrx_word' id='word_1_512' title='bbox 556 2654 598 2675; x_wconf 87' lang='lat' dir='ltr'><em>ex</em></span> <span class='ocrx_word' id='word_1_513' title='bbox 628 2644 707 2675; x_wconf 89' lang='lat' dir='ltr'><em>Vet.</em></span> <span class='ocrx_word' id='word_1_514' title='bbox 734 2643 821 2675; x_wconf 89' lang='lat' dir='ltr'><em>Cod.</em></span> <span class='ocrx_word' id='word_1_515' title='bbox 848 2643 966 2675; x_wconf 86' lang='lat' dir='ltr'><em>laudat</em></span> <span class='ocrx_word' id='word_1_516' title='bbox 991 2642 1088 2674; x_wconf 90' lang='lat' dir='ltr'><em>Lind.</em></span> <span class='ocrx_word' id='word_1_517' title='bbox 1125 2642 1255 2673; x_wconf 87' lang='lat' dir='ltr'><em>Pareus</em></span> <span class='ocrx_word' id='word_1_518' title='bbox 1279 2652 1381 2673; x_wconf 86' lang='lat' dir='ltr'><em>senem</em></span> <span class='ocrx_word' id='word_1_519' title='bbox 1404 2647 1518 2673; x_wconf 86' lang='lat' dir='ltr'><em>tuetur</em></span> <span class='ocrx_word' id='word_1_520' title='bbox 1535 2653 1578 2673; x_wconf 83' lang='lat' dir='ltr'><em>ex</em></span> 
     </span>
     <span class='ocr_line' id='line_1_49' title="bbox 122 2685 1577 2721; baseline -0.001 -3"><span class='ocrx_word' id='word_1_521' title='bbox 122 2687 209 2718; x_wconf 76' lang='lat' dir='ltr'><em>Pan.</em></span> <span class='ocrx_word' id='word_1_522' title='bbox 230 2688 352 2719; x_wconf 88' lang='lat' dir='ltr'><em>omisso</em></span> <span class='ocrx_word' id='word_1_523' title='bbox 377 2697 490 2719; x_wconf 79' lang='lat' dir='ltr'><em>omnes,</em></span> <span class='ocrx_word' id='word_1_524' title='bbox 534 2687 592 2718; x_wconf 80' lang='lat' dir='ltr'><em>Ita</em></span> <span class='ocrx_word' id='word_1_525' title='bbox 617 2691 652 2718; x_wconf 89' lang='lat' dir='ltr'><em>et</em></span> <span class='ocrx_word' id='word_1_526' title='bbox 680 2687 747 2717; x_wconf 78' lang='lat' dir='ltr'><em>Ms.</em></span> <span class='ocrx_word' id='word_1_527' title='bbox 776 2687 869 2721; x_wconf 74' lang='lat' dir='ltr'><em>Lins.</em></span> <span class='ocrx_word' id='word_1_528' title='bbox 899 2686 999 2716; x_wconf 90' lang='lat' dir='ltr'><em>alter.</em></span> <span class='ocrx_word' id='word_1_529' title='bbox 1026 2686 1121 2716; x_wconf 89' lang='lat' dir='ltr'><em>West.</em></span> <span class='ocrx_word' id='word_1_530' title='bbox 1168 2685 1296 2716; x_wconf 83' lang='lat' dir='ltr'><em>Senium</em></span> <span class='ocrx_word' id='word_1_531' title='bbox 1313 2696 1332 2716; x_wconf 90' lang='lat' dir='ltr'><em>a</em></span> <span class='ocrx_word' id='word_1_532' title='bbox 1349 2685 1484 2715; x_wconf 86' lang='lat' dir='ltr'><em>Donato</em></span> <span class='ocrx_word' id='word_1_533' title='bbox 1501 2691 1577 2717; x_wconf 84' lang='lat' dir='ltr'><em>est:</em></span> 
     </span>
     <span class='ocr_line' id='line_1_50' title="bbox 121 2727 1577 2769; baseline -0.002 -9"><span class='ocrx_word' id='word_1_534' title='bbox 121 2740 232 2769; x_wconf 82' lang='lat' dir='ltr'><em>senem,</em></span> <span class='ocrx_word' id='word_1_535' title='bbox 247 2731 352 2762; x_wconf 80' lang='lat' dir='ltr'><em>nostri</em></span> <span class='ocrx_word' id='word_1_536' title='bbox 370 2740 498 2769; x_wconf 88' lang='lat' dir='ltr'><em>omnes,</em></span> <span class='ocrx_word' id='word_1_537' title='bbox 514 2734 562 2768; x_wconf 91' lang='lat' dir='ltr'><em>et,</em></span> <span class='ocrx_word' id='word_1_538' title='bbox 578 2735 616 2761; x_wconf 88' lang='lat' dir='ltr'><em>ut</em></span> <span class='ocrx_word' id='word_1_539' title='bbox 632 2728 749 2768; x_wconf 88' lang='lat' dir='ltr'><em>credo,</em></span> <span class='ocrx_word' id='word_1_540' title='bbox 765 2728 965 2759; x_wconf 71' lang='lat' dir='ltr'><em>Faerniaui:</em></span> <span class='ocrx_word' id='word_1_541' title='bbox 988 2728 1048 2759; x_wconf 88' lang='lat' dir='ltr'><em>sed</em></span> <span class='ocrx_word' id='word_1_542' title='bbox 1065 2727 1257 2759; x_wconf 86' lang='lat' dir='ltr'><em>dissimulat</em></span> <span class='ocrx_word' id='word_1_543' title='bbox 1273 2728 1344 2766; x_wconf 91' lang='lat' dir='ltr'><em>ille,</em></span> <span class='ocrx_word' id='word_1_544' title='bbox 1362 2737 1402 2758; x_wconf 92' lang='lat' dir='ltr'><em>ne</em></span> <span class='ocrx_word' id='word_1_545' title='bbox 1419 2728 1577 2758; x_wconf 88' lang='lat' dir='ltr'><em>Bembini</em></span> 
     </span>
     <span class='ocr_line' id='line_1_51' title="bbox 121 2769 1576 2809; baseline -0.003 -5"><span class='ocrx_word' id='word_1_546' title='bbox 121 2772 205 2804; x_wconf 85' lang='lat' dir='ltr'><em>fides</em></span> <span class='ocrx_word' id='word_1_547' title='bbox 221 2773 405 2805; x_wconf 87' lang='lat' dir='ltr'><em>minuatur.</em></span> <span class='ocrx_word' id='word_1_548' title='bbox 452 2773 569 2805; x_wconf 85' lang='lat' dir='ltr'><em>Nostri</em></span> <span class='ocrx_word' id='word_1_549' title='bbox 591 2772 694 2803; x_wconf 84' lang='lat' dir='ltr'><em>etiam</em></span> <span class='ocrx_word' id='word_1_550' title='bbox 722 2771 869 2803; x_wconf 87' lang='lat' dir='ltr'><em>universi</em></span> <span class='ocrx_word' id='word_1_551' title='bbox 898 2781 974 2803; x_wconf 89' lang='lat' dir='ltr'><em>cum</em></span> <span class='ocrx_word' id='word_1_552' title='bbox 1002 2770 1090 2803; x_wconf 85' lang='lat' dir='ltr'><em>Edd.</em></span> <span class='ocrx_word' id='word_1_553' title='bbox 1115 2775 1200 2802; x_wconf 87' lang='lat' dir='ltr'><em>vett.</em></span> <span class='ocrx_word' id='word_1_554' title='bbox 1226 2781 1329 2802; x_wconf 84' lang='lat' dir='ltr'><em>omnes</em></span> <span class='ocrx_word' id='word_1_555' title='bbox 1355 2769 1497 2809; x_wconf 76' lang='lat' dir='ltr'><em>habent,</em></span> <span class='ocrx_word' id='word_1_556' title='bbox 1524 2771 1576 2800; x_wconf 85' lang='lat' dir='ltr'><em>vel</em></span> 
     </span>
    </p>
   </div>
  </div>
 </body>
</html>
