1903 3306
353 223 437 264 124
757 232 820 261 Ex
859 231 1054 262 ERASMO
1089 231 1443 262 no'restonamo.

352 327 490 378 plexus
511 332 572 364 est
590 326 666 364 ita:
696 325 818 374 Γίγεω
841 328 950 364 αὐτοῦ
976 328 1034 362 καὶ
1068 325 1298 377 Ἀρχίλοχος
1318 325 1456 375 Πάριος
1486 329 1578 364 κατὰ
1597 327 1662 365 τὸν
1690 318 1802 366 αὐτον

354 393 490 443 χρόνον
510 393 672 438 γεγονὼς
692 392 902 440 ὑπέμνησεν
923 387 1046 439 ἰάμβῳ
1065 392 1250 439 τριμέτρῳ.
1308 388 1488 427 Meminit
1517 396 1646 427 autem
1667 403 1801 429 versus

355 454 437 505 ejus
460 453 698 500 Herodotus,
728 466 839 504 quem
869 451 1052 503 applicui,
1077 451 1140 489 τΩι
1159 457 1250 502 μήτε
1282 452 1404 502 Γίγεω
1429 454 1666 505 πολυχρύσου
1682 457 1802 504 μέλει.

356 518 406 554 Et
424 517 614 556 hactenus
635 517 683 555 de
695 517 925 555 catalectico
945 517 1116 554 trimetro
1131 516 1292 554 dictum.
1346 518 1405 554 De
1419 524 1630 555 octometro
1647 517 1802 556 Boiscio

355 580 459 618 idem
475 581 528 619 sic
545 581 661 618 dixit:
675 581 942 618 Octometrum
955 581 1224 619 catalecticum
1241 580 1346 632 quod
1360 581 1577 632 appellatur
1592 581 1804 621 Boiscium.

356 645 521 691 Βοΐσκος,
542 647 560 683 ὁ
581 646 653 683 ἀπὸ
674 646 852 691 Κυὲικοῦ,
880 645 1017 683 παντὸς
1037 645 1196 696 γραφεὺς
1222 650 1434 695 ποιήματος,
1465 645 1529 683 τὸν
1548 646 1728 684 ὀκτάπουν
1744 647 1804 683 εὖ·

354 712 429 756 ρὼν
450 714 582 761 στίχον
600 708 722 761 Φοίβῳ
743 712 863 756 τίθησι
883 708 1012 759 δῶρον.

467 793 631 831 Boiscus
651 795 724 831 iste
746 794 887 844 Cyzico
907 793 996 830 novi
1016 800 1187 843 repertor
1204 792 1384 830 carminis
1402 806 1411 830 ε

465 857 566 894 Nam
587 857 730 908 primus
750 861 904 895 versum
925 864 1109 895 octonum
1129 856 1271 909 pedum
1288 856 1373 894 Deo
1394 857 1603 895 dicaverat.

359 943 574 981 Firmianus
595 942 642 980 ad
661 942 830 980 Probum
847 942 895 980 de
916 943 1045 980 metris
1063 941 1349 980 Comoediarum
1371 942 1426 980 sic
1445 942 1564 981 dicit:
1586 943 1687 980 Nam
1700 944 1806 994 quod

357 1007 405 1043 de
419 1007 548 1044 metris
560 1006 844 1044 Comoediarum
858 1006 1064 1057 requisisti,
1075 1013 1113 1044 et
1125 1019 1198 1057 ego
1212 1007 1292 1044 scio
1305 1005 1492 1056 plurimos
1504 1006 1721 1044 existimare
1732 1007 1804 1046 Te-

358 1074 555 1109 rentianas
569 1071 629 1108 vel
642 1070 804 1108 maxime
818 1070 969 1108 fabulas
984 1077 1147 1107 metrum
1162 1082 1240 1107 non
1254 1069 1395 1107 habere
1412 1069 1624 1107 Comoediae
1641 1069 1806 1116 Graecae,

358 1134 384 1171 i.
407 1134 628 1180 Menandri,
659 1134 914 1180 Philemonis,
936 1134 1095 1185 Diphili,
1117 1134 1183 1184 qui
1202 1134 1382 1171 trimetris
1411 1133 1586 1172 versibus
1610 1140 1806 1173 constant.

361 1198 493 1235 Nostri
527 1198 627 1234 enim
658 1197 818 1234 Veteres
839 1197 1051 1235 Comoediae
1087 1199 1291 1248 scriptores
1321 1197 1360 1234 in
1387 1197 1636 1235 modulandis
1665 1197 1807 1235 fabulis

361 1261 470 1312 sequi
490 1261 711 1298 maluerunt
742 1260 936 1312 Eupolim,
958 1261 1174 1307 Cratinum,
1204 1260 1519 1311 Aristophanem,
1538 1267 1582 1299 ut
1601 1261 1808 1312 praefatum

360 1332 432 1363 est.
474 1325 699 1362 Mensuram
720 1337 806 1362 esse
827 1324 866 1361 in
887 1324 1041 1369 fabulis,
1062 1325 1136 1362 hoc
1153 1330 1213 1361 est
1230 1328 1378 1376 μέτρον,
1400 1324 1584 1371 Terentii,
1603 1331 1644 1362 et
1662 1324 1808 1370 Plauti,

360 1403 405 1427 ac
425 1396 641 1426 ceterorum
661 1388 895 1426 comicorum
912 1395 950 1426 et
964 1389 1198 1439 tragicorum
1220 1389 1353 1426 dicant
1371 1388 1432 1426 hi:
1455 1387 1606 1435 Cicero,
1623 1389 1807 1435 Scaurus,

361 1452 592 1497 Firmianus,
615 1452 751 1498 Varro,
772 1452 1012 1500 Victorinus,
1033 1454 1185 1491 Caesius
1213 1453 1374 1499 Bassus,
1395 1453 1664 1498 Terentianus,
1684 1452 1809 1492 Caeci-

360 1516 434 1553 lius
466 1516 634 1562 Vindex,
674 1516 853 1562 Sisenna,
891 1517 1031 1563 Cinna,
1068 1516 1296 1562 Diomedes,
1329 1516 1509 1563 Albinus,
1529 1515 1810 1561 Quintilianus,

361 1580 558 1631 Sosipater
589 1579 804 1626 Charisius,
837 1580 1026 1627 Helenus,
1062 1582 1201 1631 Asper,
1244 1579 1400 1618 Flavius
1432 1581 1572 1631 Caper,
1609 1579 1809 1625 Aruntius,

362 1643 526 1690 Probus,
544 1643 693 1681 Plinius
716 1643 944 1690 Evanthius,
967 1643 1156 1682 Sacerdos
1177 1643 1242 1694 qui
1263 1651 1302 1681 et
1323 1644 1529 1690 Domatus,
1549 1644 1666 1681 Juba.

471 1739 568 1777 Haec
590 1752 663 1790 ego
685 1739 850 1776 Rufinus
870 1739 1012 1790 collegi
1031 1747 1160 1778 mente
1179 1740 1365 1791 benigna,

524 1803 815 1854 Discipulisque
837 1803 927 1841 dedi
946 1817 1105 1842 munera
1125 1804 1287 1855 pulchra
1306 1805 1447 1843 libens.

593 1985 724 2026 DES.
762 1984 1059 2026 ERASMUS
1100 1984 1584 2027 ROTERODAMUS

918 2065 991 2095 DE
1024 2064 1258 2096 METRIS.

366 2161 529 2197 C0M1c1
553 2159 678 2197 Latini
698 2160 855 2197 multam
878 2159 1093 2196 libertatem
1115 2159 1187 2196 sibi
1208 2165 1444 2210 usurparunt
1463 2157 1501 2195 in
1521 2157 1711 2206 versibus,
1742 2158 1813 2197 sed

366 2235 480 2260 nemo
499 2222 644 2273 largius
664 2222 865 2259 Terentio:
896 2221 993 2259 adeo
1025 2228 1068 2258 ut
1099 2221 1201 2273 apud
1231 2222 1377 2272 priscos
1405 2234 1558 2272 quoque
1587 2221 1730 2260 fuerint
1747 2223 1813 2274 qui

360 2286 594 2337 judicarent,
626 2286 664 2323 in
696 2285 810 2336 hujus
835 2286 989 2323 Fabulis
1012 2286 1156 2323 nullam
1178 2299 1264 2324 esse
1295 2286 1506 2324 carminum
1538 2285 1677 2336 legem.
1735 2286 1813 2324 Sed

366 2351 437 2387 hos
455 2350 536 2387 falli
564 2350 806 2387 manifestum
835 2356 905 2388 est.
963 2351 1113 2388 Rursus
1142 2351 1299 2388 fuerunt
1328 2351 1394 2400 qui
1422 2362 1501 2388 non
1530 2357 1735 2401 negarunt,
1765 2351 1813 2388 ab

365 2413 440 2451 hoc
469 2414 610 2452 servari
642 2421 846 2452 metrorum
878 2413 1001 2464 leges,
1031 2413 1098 2452 sed
1130 2415 1179 2451 ob
1214 2413 1458 2451 immodicam
1486 2412 1704 2451 libertatem
1734 2427 1814 2452 non

366 2491 453 2515 esse
473 2490 601 2529 operae
620 2478 783 2528 pretium
809 2478 977 2528 torqueri
1009 2478 1147 2516 doctos
1179 2477 1390 2516 carminum
1422 2476 1677 2524 dimensione,
1706 2478 1813 2528 quod

368 2548 407 2579 et
426 2554 486 2578 res
508 2540 557 2579 sit
575 2541 752 2578 immensi
783 2541 940 2587 laboris,
970 2555 1041 2579 nec
1061 2543 1114 2579 ita
1134 2543 1296 2579 multum
1317 2540 1456 2578 inferat
1474 2540 1610 2590 frugis.
1667 2541 1720 2578 At
1738 2554 1812 2592 ego

369 2605 415 2642 ab
443 2612 606 2655 utroque
638 2617 777 2654 genere
806 2604 1018 2643 dissentio:
1050 2619 1153 2651 nam,
1184 2613 1227 2642 ut
1259 2604 1497 2642 manifestius
1530 2609 1604 2649 est,
1635 2617 1750 2654 quam
1770 2611 1814 2642 ut

368 2675 483 2717 egeat
516 2667 756 2718 probatione,
791 2668 958 2705 Terentii
979 2669 1201 2706 Comoedias
1221 2668 1395 2706 versibus
1415 2673 1617 2704 constare:
1647 2667 1714 2714 ita,
1747 2668 1813 2718 qui

370 2731 640 2782 negligendam
671 2736 855 2781 putarunt
874 2738 1079 2769 metrorum
1101 2732 1301 2778 rationem,
1330 2731 1550 2781 frequenter
1577 2729 1710 2769 Po'etae
1731 2743 1811 2769 ser-
