1903 3306
549 249 771 282 EUNUCHl
813 247 917 276 ACT.
953 246 1001 274 11.
1036 247 1103 275 SC.
1140 247 1191 275 ll.
1495 238 1579 276 2125

132 348 381 396 vocabula,
403 347 586 400 parasiti
610 347 711 386 item
732 349 782 384 ut
802 341 1067 383 Gnathonici
1090 345 1312 381 vocentur.

134 416 221 456 ΡΑ.
254 413 427 463 Viden'‚
450 415 603 463 otium,
625 419 670 454 et
686 413 810 452 cibus
827 409 933 464 quid
954 409 1090 450 faciat
1108 408 1306 448 alienus?
1368 406 1461 447 GN.
1494 406 1581 446 Sed

303 495 384 533 ego
407 494 536 522 cesso

135 547 206 589 Ad
226 547 444 588 Thaidem
464 549 578 588 hanc
602 545 829 593 deducere,
862 548 906 584 et
938 542 1125 596 rogitare
1157 540 1214 581 ad
1236 552 1407 581 coenam
1432 542 1479 578 ut
1509 551 1582 577 ve—

309 615 400 655 niat
415 615 434 654 'i
1527 603 1584 643 35

136 683 222 724 Sed
243 683 567 723 Parmenonem
590 684 688 722 ante
711 679 872 719 ostium
894 676 1078 718 Thaidis
1095 675 1261 717 tristem
1282 673 1428 722 video,

136 802 213 840 ipsis
228 803 425 842 Philosophis
441 802 649 840 nominantur,
666 801 712 831 sic
730 799 874 830 Parasiti
895 799 1042 829 similiter
1067 797 1257 828 Gnathonici
1273 795 1476 835 appellentur.
1520 792 1587 823 ΡΑ.

143 844 274 875 Videsne
288 845 361 885 quia
376 845 494 875 desidia
510 848 540 874 et
555 844 615 874 cibi
629 844 725 874 alieni
740 842 893 882 cupiditas
908 842 1027 871 valeant
1040 839 1055 871 ’.ἶ
1101 840 1171 870 GN.
1202 840 1314 870 Veram
1328 848 1383 876 ego
1399 837 1490 867 nimis
1505 844 1587 866 cesso

135 886 214 916 hanc
230 887 383 925 uirginem
401 888 441 917 ad
465 887 611 917 Thaidem
626 886 784 921 deducere,
799 885 982 923 eandemque
998 884 1130 913 int-itare
1147 885 1180 911 at
1198 883 1237 911 aa‘
1259 890 1373 911 coenam
1389 880 1510 910 teniat:
1535 878 1587 925 scd

135 930 224 960 tideo
239 929 476 968 Parmenonem,
490 938 611 960 servam
631 928 798 967 Phaeariae,
821 927 929 957 rivalis
945 926 1012 957 heri
1028 926 1098 964 mei,
1116 924 1202 956 tristi
1217 925 1300 955 cultu
1314 927 1385 954 ante
1393 921 1481 960 fores
1496 921 1589 952 Thai-

742 1020 979 1032 aeaeaeaeaeaeaeaeaeaeaeae

137 1087 369 1118 contrahendo
382 1088 629 1128 philosophorum
646 1088 677 1118 in
691 1088 915 1128 philosophum.
939 1088 1117 1118 Praeterea
1133 1090 1291 1116 testatum
1310 1082 1542 1124 relinquimus,
1558 1082 1589 1112 in

137 1134 300 1160 contextu
327 1131 404 1160 libri
436 1131 592 1161 Bembini
626 1141 687 1170 pro
715 1132 887 1171 disciplinae
915 1140 988 1161 esse
1013 1129 1219 1168 disciplinam.
1251 1125 1532 1168 quemadmodum
1555 1130 1591 1155 et

139 1173 295 1203 Donatus
312 1173 415 1213 legit;
441 1184 536 1214 qu·nn
556 1181 591 1204 et
608 1184 720 1204 veram
739 1183 812 1203 esse
832 1174 1011 1203 lectionem
1031 1178 1198 1212 putamus.
1227 1171 1284 1201 Fa.
1332 1170 1423 1208 Guy.
1450 1168 1488 1198 τὸ
1511 1167 1593 1207 potis

139 1214 316 1246 insititium
336 1221 447 1254 vocat,
463 1222 498 1247 et
516 1217 747 1254 revidendum,
766 1216 929 1255 legitque,
953 1215 991 1246 Si
1007 1219 1064 1246 est.
1110 1214 1177 1244 Sed
1196 1223 1260 1243 non
1279 1213 1443 1250 cogitavit
1461 1211 1511 1241 vir
1527 1211 1592 1240 alia

138 1258 364 1295 acutissimus,
389 1258 427 1289 Si
452 1262 508 1296 est,
526 1260 663 1299 parasiti
686 1260 761 1289 item
780 1262 814 1289 ut
840 1258 1032 1289 Gnathonici
1054 1260 1209 1291 vocentur,
1234 1255 1322 1286 idem
1341 1256 1452 1285 valere
1478 1259 1594 1293 atque,

138 1300 171 1330 Si
192 1301 329 1339 parasiti
347 1301 426 1331 item
445 1301 651 1332 Gnathonici
668 1307 843 1332 vocentur.
890 1302 978 1331 Tum
1008 1301 1045 1331 Si
1070 1299 1152 1339 potis
1171 1302 1217 1329 cst
1239 1308 1279 1328 ex
1304 1297 1458 1328 omnibus
1482 1296 1592 1326 Libris

137 1343 274 1382 scriptis
292 1348 408 1374 tuetur
425 1344 585 1376 Faernus.
631 1345 697 1377 Qui
718 1344 805 1385 quod
835 1344 919 1384 legit
941 1342 1149 1383 disciplinam,
1166 1351 1230 1371 non
1249 1341 1362 1378 video,
1378 1350 1444 1380 qna
1462 1340 1592 1369 ratione

137 1395 253 1416 sensns
274 1392 430 1417 con-tare
455 1393 569 1427 queat.
617 1388 722 1418 Certe
746 1388 918 1418 Donatum
944 1387 1070 1416 frustra
1096 1386 1193 1415 citat.
1223 1384 1323 1415 Wese.
1370 1383 1407 1414 Si
1431 1382 1512 1422 potis
1538 1385 1596 1421 est,

137 1431 283 1468 tanquam
295 1429 543 1469 philosophorum
558 1429 667 1461 habent
684 1430 877 1469 disciplinam
894 1439 933 1459 esc
949 1428 1038 1469 ipsis]
1059 1428 1114 1458 Sic
1131 1427 1225 1457 dedit
1247 1427 1302 1457 Fa.
1335 1426 1500 1456 Bembino
1518 1425 1593 1464 plus

139 1470 241 1501 nimio
258 1471 427 1503 addictus.
475 1473 616 1503 Frustra
648 1474 815 1503 Donatum
839 1472 881 1502 ad
906 1476 1019 1511 partes
1045 1476 1166 1501 vocat:
1191 1470 1262 1510 qni,
1282 1478 1356 1499 cuni
1374 1469 1471 1506 dicit,
1494 1469 1502 1485 ‘
1519 1467 1595 1498 Nisi

137 1512 228 1544 forte
253 1513 450 1554 disciplinam
473 1525 534 1555 pro
551 1515 729 1555 discipulis
747 1514 921 1555 posuerit,’
946 1524 1059 1544 casum
1083 1514 1312 1543 accusativum
1342 1511 1484 1542 orationi
1509 1520 1594 1548 suae,

137 1559 386 1594 accommodat,
412 1567 475 1587 non
494 1563 530 1588 nt
549 1557 581 1587 in
607 1558 721 1589 Textu
738 1559 786 1588 sic
805 1558 932 1598 positus
949 1557 1004 1587 sit.
1050 1556 1237 1595 Disciplina?
1262 1555 1400 1595 legebat
1428 1554 1594 1587 Donatus,

142 1604 177 1628 nt
194 1599 327 1630 codices
345 1600 514 1640 plerique:
540 1601 598 1631 sed
624 1601 691 1631 duo
719 1601 830 1640 Regii,
856 1600 943 1631 alter
967 1600 1000 1630 in
1026 1603 1204 1635 contextu,
1229 1598 1316 1628 alter
1341 1607 1400 1637 pro
1420 1597 1511 1628 varia
1527 1596 1596 1626 lec-

141 1641 247 1679 tione,
271 1641 308 1672 Si
321 1643 402 1682 potis
415 1646 473 1682 est,
487 1646 634 1682 tanquam
650 1644 899 1683 philosophorum
921 1642 1034 1673 habent
1056 1641 1201 1681 discipuli
1215 1651 1256 1671 ex
1271 1640 1358 1679 ipsis.
1406 1640 1495 1672 Quid
1514 1644 1595 1679 pote

142 1683 272 1723 planius
290 1690 348 1716 ant
363 1686 513 1717 certius?
535 1686 633 1717 Bent.
678 1685 836 1726 Discipuli
852 1686 934 1716 dant
951 1685 1052 1716 Both.
1068 1685 1244 1716 Peri—33
1270 1683 1384 1713 Itidem
1399 1686 1444 1713 ut.
1488 1682 1545 1712 Sic
1562 1691 1594 1712 o.

140 1727 163 1756 1.
182 1731 310 1766 praeter
327 1728 423 1759 Rem.
440 1735 473 1758 et
491 1728 689 1769 impressum
707 1728 749 1759 ab
767 1728 869 1766 Aldo,
893 1729 928 1758 in
955 1728 1075 1768 quibus
1093 1737 1153 1767 pro
1169 1728 1277 1757 itidem
1294 1731 1345 1757 est
1361 1726 1427 1756 ita:
1451 1734 1512 1765 pro
1529 1734 1597 1766 qua

139 1769 216 1800 item
232 1770 410 1809 legendum
429 1776 525 1811 ριιῐο,
548 1777 651 1812 atque
673 1781 713 1802 eo
730 1771 850 1811 magis,
866 1770 954 1812 quod
971 1771 1002 1801 in
1020 1770 1131 1810 aliquo
1150 1770 1235 1800 libro
1251 1768 1378 1808 legitur
1393 1768 1487 1806 idem,
1505 1767 1596 1808 quod

141 1809 214 1842 fere
231 1817 285 1843 est
299 1813 386 1844 item.
401 1814 458 1844 Fa.
488 1814 602 1845 Itidem
618 1815 764 1846 Br.-34
778 1815 841 1846 Do.
858 1814 960 1844 etiam
971 1813 1067 1851 facit,
1083 1813 1150 1853 legi
1167 1811 1334 1850 affirmat3
1352 1816 1387 1842 et
1404 1812 1451 1841 ita
1469 1811 1598 1841 habent

141 1855 296 1896 plerique
310 1856 439 1895 antiqui
456 1856 554 1887 libri:
582 1862 616 1887 ut
635 1863 669 1887 et
687 1857 773 1887 ratio
791 1866 906 1888 versus
921 1857 1090 1896 exposcit.
1136 1856 1310 1893 Ceterum,
1325 1853 1414 1895 quod
1429 1853 1597 1894 aliquibus

142 1897 249 1928 visum
267 1903 319 1929 est
333 1898 366 1929 in
382 1899 479 1930 Bem.
499 1909 558 1940 pro
574 1899 683 1939 otium,
697 1909 797 1930 ossam
812 1899 975 1940 scriptum
992 1908 1078 1938 esse,
1093 1899 1147 1939 qui
1165 1897 1362 1938 diligentius
1377 1897 1599 1927 observarunt

142 1949 218 1971 eum
235 1940 372 1981 librum,
389 1948 593 1974 annotarunt
609 1943 705 1983 signa
721 1943 883 1983 impressa
899 1943 1030 1973 calamo
1048 1942 1138 1972 vocis
1155 1941 1264 1980 otiam,
1281 1940 1408 1970 detrito
1424 1944 1597 1970 vetustate

142 1987 352 2015 atramento:
377 1994 475 2015 ossum
503 1995 583 2016 vero
608 1992 646 2016 nt
673 1985 829 2016 videatur
848 1985 1017 2025 aliquibus
1034 1993 1109 2015 esse
1126 1985 1306 2024 scriptum,
1329 1981 1444 2013 effecit
1464 1983 1598 2013 macula

141 2026 308 2066 quaedam,
334 2036 409 2068 quae
434 2028 590 2067 sequenti
611 2029 745 2068 paginae
770 2027 934 2066 haerebat,
959 2037 1002 2058 ex
1024 2027 1121 2067 cujus
1137 2025 1428 2066 conglutinatione
1444 2025 1598 2065 superin-

143 2069 283 2100 ductum
300 2074 351 2100 est
366 2069 442 2101 huic
458 2070 601 2101 dictioni
620 2072 726 2101 instar
741 2070 882 2101 duorum
906 2080 932 2109 s,
958 2070 1029 2101 loco
1046 2073 1058 2100 t
1074 2074 1109 2100 et
1126 2070 1156 2100 i.-
1181 2068 1240 2100 sed
1262 2073 1297 2099 et
1317 2078 1433 2098 omnes
1451 2068 1506 2098 alii
1523 2068 1598 2098 libri

142 2111 261 2151 scripti
278 2116 446 2153 quotquot
463 2118 542 2144 sunt
558 2118 594 2144 et
610 2113 737 2154 antiqui
755 2118 790 2144 et
806 2118 963 2143 recentes
987 2112 1157 2152 vulgatam
1172 2112 1254 2143 lect.
1272 2111 1457 2142 continent.
1503 2110 1598 2141 Prae-

142 2158 238 2185 terea
254 2159 288 2184 et
306 2155 370 2186 Do.
386 2161 421 2185 et
437 2156 523 2195 Eug.
570 2156 661 2189 Quin
679 2160 714 2186 et
732 2155 916 2196 Dionysius
935 2155 1104 2185 Romanus
1122 2153 1296 2192 Pontifex,
1316 2159 1351 2185 et
1368 2154 1504 2193 Martyr
1518 2158 1598 2184 ante

143 2205 248 2227 annos
263 2197 356 2228 mille
374 2203 557 2237 trecentos,
571 2199 785 2239 apertissime
801 2199 887 2229 hanc
904 2198 985 2228 lect.
999 2202 1105 2233 tenet,
1123 2197 1171 2227 ita
1188 2196 1338 2228 scribens
1356 2196 1397 2226 ad
1413 2196 1595 2226 Severum:

144 2241 153 2256 ‘
168 2240 237 2270 Vos
252 2241 352 2271 otiosi
369 2240 551 2271 comedere
565 2242 664 2272 vultis
689 2241 835 2271 alienum
850 2241 976 2279 cibum,
987 2240 1100 2270 videte
1118 2250 1160 2270 ne
1175 2240 1207 2270 in
1226 2249 1284 2269 vos
1298 2239 1379 2269 illud
1395 2239 1596 2269 conveniat:

144 2282 231 2313 Vide
248 2283 327 2324 quid
345 2281 447 2314 faciat
462 2284 580 2320 otium,
604 2290 640 2315 et
663 2284 791 2314 alienus
812 2282 932 2314 cibus.'
979 2282 1078 2313 Adde
1103 2284 1167 2312 linc
1195 2282 1361 2313 rationem
1390 2291 1518 2319 versus,
1540 2282 1597 2322 qui

144 2338 219 2359 cum
245 2327 344 2358 otium
369 2327 495 2366 optime
519 2332 600 2358 stat.
624 2327 683 2358 Fa.
728 2326 917 2356 Palmerius
934 2330 970 2356 et
987 2326 1076 2356 Mur.
1095 2325 1164 2355 nixi
1181 2324 1346 2356 Bembino
1361 2334 1461 2354 ossam
1477 2323 1596 2355 defen—

144 2371 243 2410 dunt,
267 2379 383 2400 vocent
403 2369 578 2400 barbaram
596 2374 631 2400 et
649 2370 813 2400 Terentio
828 2369 1013 2407 indignam.
1058 2369 1115 2399 Fa.
1137 2373 1173 2398 et
1196 2368 1286 2407 Guy.
1309 2367 1406 2397 otium
1429 2372 1597 2398 asserunt.

151 2414 248 2446 West.
293 2411 408 2444 Gifan.
424 2413 455 2442 in
472 2412 548 2443 lna.
565 2413 704 2443 Lucret.
723 2422 756 2444 v.
781 2413 790 2428 ‘
806 2410 927 2442 Snum’
952 2411 1036 2449 legit
1055 2421 1088 2441 os
1108 2420 1206 2441 suum.
1252 2409 1307 2441 Cf.
1332 2411 1436 2448 Lang.
1460 2410 1501 2440 ad
1524 2411 1596 2442 Cic.

147 2455 217 2488 Off.
235 2465 260 2486 1.
276 2458 331 2486 31.
375 2455 426 2485 Id.
454 2454 487 2484 in
510 2456 593 2486 Add.
639 2455 731 2485 Facit
759 2455 799 2485 R.
825 2459 862 2484 ut
889 2458 925 2484 et
954 2458 1072 2493 postea
1097 2463 1210 2491 rogare
1236 2462 1297 2492 pro
1323 2452 1472 2491 rogitare.
1501 2452 1596 2485 Lind.

147 2498 264 2529 Nostri
280 2506 395 2528 omnes
411 2497 528 2534 otium
553 2502 588 2528 et
613 2497 707 2536 item,
729 2497 861 2527 duobus
884 2496 1163 2536 exceptis,sacit.
1207 2495 1396 2535 Utrumque
1420 2496 1492 2526 sine
1517 2505 1598 2526 cou-

145 2540 309 2572 troversia
337 2549 426 2571 vere.
454 2539 552 2570 Bent.
598 2539 691 2570 Facit
715 2540 774 2570 ΒΓ.
801 2539 893 2570 Perl.
945 2538 1024 2569 Vide
1049 2538 1158 2577 otium,
1186 2541 1214 2568 et
1239 2538 1311 2577 quid
1338 2537 1422 2568 cibus
1449 2539 1597 2569 Both.—

145 2586 185 2614 35
211 2583 365 2622 Rog-itare
381 2581 516 2612 videtur
530 2581 652 2620 legisse
672 2582 735 2614 Do.
781 2581 823 2612 O.
841 2582 861 2612 l.
877 2591 903 2612 S.
927 2581 1080 2612 Terentii
1105 2590 1215 2619 rogare
1232 2580 1370 2617 habent,
1394 2581 1480 2620 quod
1502 2582 1597 2620 parvi

145 2625 265 2656 refert.
288 2626 344 2656 Fa.
389 2626 517 2654 Omnes
535 2624 641 2655 nostri
657 2633 779 2661 rogare.
804 2625 906 2654 Bent.
952 2624 1079 2661 Rogare
1095 2623 1138 2654 G.
1152 2624 1218 2654 ET.
1229 2623 1310 2653 EM.
1333 2623 1434 2653 IVest.
1470 2624 1597 2663 Rogare

146 2669 248 2700 Bent.
265 2669 342 2708 Bip.
357 2667 459 2697 Both.
478 2676 552 2697 cum
569 2667 629 2697 ΒΓ.
645 2667 678 2697 in
697 2676 762 2706 quo
777 2666 905 2706 signum
921 2666 1084 2705 interrog.
1103 2669 1180 2705 post
1194 2666 1203 2682 ‘
1219 2664 1352 2696 veniat’
1368 2666 1516 2696 deletum
1532 2672 1596 2697 est.

146 2713 231 2741 —36
256 2711 422 2741 Constans
437 2711 507 2740 haec
524 2710 639 2748 lectio,
664 2719 724 2750 pro
747 2719 813 2750 qua
836 2715 948 2740 tamen
967 2709 1035 2746 alii,
1051 2712 1123 2739 ante
1138 2718 1165 2739 ο.
1182 2708 1352 2738 meretricis
1367 2711 1406 2739 tr.
1423 2709 1521 2746 rideo,
1547 2719 1598 2738 re-

146 2760 289 2793 ponunt,
307 2758 344 2784 ut
363 2752 472 2783 versui
488 2753 678 2792 consulant,
693 2751 837 2783 scilicet.
883 2752 1065 2782 Existimat
1082 2751 1172 2782 Mur.
1188 2750 1225 2780 τὸ
1243 2750 1371 2781 Thaidis
1387 2761 1427 2781 ex
1446 2752 1595 2790 margine

145 2795 333 2836 irrepsisse.
377 2795 413 2827 F.
435 2795 481 2826 H.
504 2795 537 2826 in
560 2795 661 2827 Notis
684 2795 765 2835 legit
793 2795 920 2826 Thaidis
941 2798 1013 2826 ante
1038 2794 1162 2835 ostium,
1184 2793 1244 2826 sed
1269 2794 1301 2824 in
1325 2792 1503 2825 Addendis
1522 2797 1594 2823 ante
