1903 3306
430 249 494 278 DE
528 247 725 278 comicis
760 247 1174 279 Ditrnxsiourssus.
1442 240 1524 280 147

78 343 206 386 Quare
227 349 266 380 et
285 342 424 380 crescit
444 341 580 387 oratio,
613 348 653 379 et
672 342 761 379 talis
790 349 862 386 est,
893 349 936 379 ut
955 342 1089 391 quavis
1109 341 1250 391 pedum
1272 340 1526 392 dispositione

74 406 201 457 potior
221 405 282 442 sit.
338 405 398 442 Ita
428 406 581 443 curiosa
610 406 695 442 haec
725 405 884 456 ingenia
917 417 1184 455 saepenumero
1200 404 1346 456 judicio
1378 415 1528 449 carent,

77 469 137 506 De
157 469 389 506 comicorum
409 481 587 505 versuum
609 468 782 513 materia,
816 468 1058 518 partiumque
1078 467 1311 518 quantitate,
1333 469 1425 506 satis
1447 469 1527 507 dis·

74 538 248 582 putatum
277 539 361 573 est:
402 531 450 569 de
488 532 657 582 ipsarum
696 532 862 580 partium
898 543 1058 569 numero
1093 530 1277 582 deinceps
1314 531 1525 570 videamus.

75 594 284 645 Principio,
304 594 409 645 quod
430 602 546 631 antea
574 595 610 631 iu
632 593 738 631 libris
759 593 807 632 de
838 595 931 631 Arte
960 594 1125 631 Poe'tica
1147 594 1366 639 statuimus,
1388 594 1449 632 hic
1470 608 1527 634 re-

74 658 285 709 petendum
306 664 386 696 est:
409 658 554 695 Versus
575 670 642 707 per
663 657 771 696 initia
785 665 917 696 curtos
938 658 1072 704 fuisse,
1095 658 1248 696 duobus
1265 657 1314 695 ad
1337 671 1527 696 summum

75 729 280 760 contentos
301 721 483 773 pedibus.
528 721 573 758 Id
594 721 698 772 quod
720 728 758 760 et
778 722 926 760 ratione
942 721 1280 772 comprehenditur
1298 734 1305 758 :
1337 721 1527 771 siquidem

78 791 211 835 partes
232 791 314 823 toto
346 797 505 835 corpore
541 785 688 835 priores
710 792 823 822 sunt:
854 792 893 822 et
923 785 1137 837 exemplis:
1177 786 1236 822 sic
1269 785 1370 822 enirn
1404 792 1529 823 ortum

76 862 164 886 esse
197 848 362 899 primum
397 848 591 885 senarium
624 849 661 886 in
683 849 874 899 Apollinis
899 862 1043 900 pugna,
1077 861 1192 899 quam
1224 862 1312 887 cum
1348 849 1528 900 Pythone

76 912 287 957 conseruit,
314 925 360 950 ex
380 911 447 949 illa
481 911 643 963 simplici
665 912 967 950 acclamatione:
999 915 1032 958 ἰὴ
1053 914 1182 950 παιάν.
1231 913 1359 957 Quam
1379 926 1467 952 cum
1488 920 1527 951 et

77 976 272 1022 iterarent,
293 983 333 1014 et
351 975 654 1026 frequentarent,
688 984 820 1014 natum
854 978 963 1015 aiunt
983 977 1199 1015 senarium:
1230 991 1307 1027 quo
1328 984 1530 1028 tantopere

74 1041 112 1078 in
133 1040 213 1077 suls
230 1040 393 1077 oraculis
413 1047 551 1090 postea
571 1039 637 1077 ille
658 1041 860 1079 celebrarit
878 1055 886 1077 t
918 1041 971 1088 ’Ῑὴ
992 1044 1120 1086 παιὰν,
1142 1044 1176 1086 ἰὴ
1190 1044 1322 1087 παιάν,
1345 1045 1379 1086 ἰὴ
1398 1042 1528 1079 παιάν.

79 1103 167 1148 Qua
186 1102 236 1140 de
252 1115 371 1140 causa
390 1102 495 1153 apud
516 1109 694 1142 auctores
717 1103 964 1150 Fabularum,
992 1104 1164 1142 invenias
1185 1105 1300 1143 unica
1319 1118 1412 1143 voce
1434 1118 1527 1143 con-

76 1174 227 1205 tentum
244 1179 396 1204 versum
415 1179 424 1204 ε
455 1172 498 1203 ut
515 1166 555 1203 in
577 1167 767 1205 Eunucho
785 1181 794 1206 :
826 1173 835 1190 ‘
853 1168 1020 1207 Occidi!
1063 1168 1140 1206 Sed
1161 1176 1199 1206 et
1217 1168 1528 1219 monosyllabum

78 1229 299 1268 interdum:
343 1236 387 1267 ut
413 1229 451 1266 in
484 1229 674 1268 Hecuba:
714 1231 798 1269 Φεῦ.
866 1232 917 1269 Et
949 1231 1084 1270 eadem
1106 1232 1302 1282 geminata
1321 1245 1429 1278 voce,
1451 1232 1529 1270 dis·

78 1294 210 1331 tinctae
229 1306 359 1340 voces,
385 1300 429 1331 ut
448 1293 485 1330 in
515 1293 646 1340 Pluto,
679 1296 780 1333 utin
803 1295 966 1334 Oreste:
997 1295 1035 1341 ἆ,
1056 1295 1094 1334 εἷ.
1154 1297 1202 1333 Et
1221 1296 1456 1346 conjuncta:
1486 1303 1530 1333 ut

81 1358 119 1395 in
142 1357 359 1395 Philoctete
395 1356 626 1409 Sophoclis:
667 1359 892 1398 'Arrararc'1.
951 1360 1138 1411 Repetitis
1169 1359 1309 1397 deinde
1341 1360 1528 1397 tractibus

78 1420 343 1472 productiores
364 1421 482 1460 facti:
528 1429 572 1460 ut
600 1422 637 1459 in
659 1423 864 1461 Nubibus:
895 1422 979 1468 Ἰοὺ,
1003 1427 1069 1461 ἰού.
1126 1423 1212 1461 Hoc
1232 1436 1387 1473 quoque
1415 1424 1470 1460 ita
1489 1423 1528 1460 in

80 1485 302 1523 Trinummo
334 1484 579 1536 duplicatum
613 1486 699 1532 fuit,
734 1493 777 1523 ut
806 1486 968 1523 dimeter
1002 1487 1132 1524 fieret:
1181 1487 1240 1523 ‘O
1277 1486 1473 1532 Callicles,
1494 1486 1528 1523 O

79 1548 289 1587 Callicles.’
342 1549 459 1599 Ergo,
491 1563 580 1588 cum
609 1549 686 1587 duo
706 1549 850 1600 pedum
871 1556 1003 1588 essent
1023 1563 1180 1600 genera,
1212 1550 1374 1588 alterum
1405 1558 1529 1588 moto-

80 1613 191 1658 rium,
211 1613 373 1650 alterum
395 1613 597 1651 statarium
617 1627 625 1651 :
656 1614 722 1664 qui
745 1627 876 1651 versus
897 1627 944 1651 ex
965 1614 1136 1651 motor-iis
1156 1620 1394 1660 constarent,
1424 1614 1462 1651 in
1484 1614 1531 1652 iis

79 1675 190 1714 binos
210 1676 329 1726 pedes
351 1677 514 1727 singulis
532 1677 719 1715 collectos
738 1677 925 1715 tractibus
946 1677 1160 1715 feriebant:
1182 1677 1247 1727 qui
1268 1683 1395 1715 autem
1413 1691 1433 1715 e
1455 1685 1532 1715 sta·

80 1739 186 1777 tariis
199 1740 482 1787 conflabantur,
502 1741 596 1778 satis
612 1740 809 1778 habebant
829 1753 941 1778 suum
956 1740 1096 1791 cuique
1118 1740 1201 1778 sedi
1221 1740 1358 1790 pedem
1378 1741 1531 1779 referre.

82 1803 126 1839 In
147 1804 262 1854 priori
291 1804 418 1842 classe
448 1804 522 1842 fuit
555 1803 828 1854 pyrrhichius:
875 1803 984 1854 cujus
1005 1816 1139 1841 versus
1173 1803 1383 1854 Enopolios
1404 1803 1531 1841 dictus

82 1873 168 1904 est:
197 1880 275 1917 quo
295 1867 355 1905 usi
383 1880 515 1905 sumus
535 1880 606 1904 nos
626 1873 709 1904 toto
740 1866 947 1918 poematio,
977 1866 1082 1918 quod
1110 1867 1376 1906 dicaveramus
1412 1867 1532 1905 Sileni

83 1930 303 1970 natalibus:
348 1931 498 1969 ‘Modo
532 1932 632 1970 citus
666 1944 739 1981 ego
776 1931 876 1981 pede
906 1931 1029 1968 celere
1061 1931 1185 1982 magis
1219 1943 1293 1981 ago
1325 1943 1530 1968 numeros:

83 1994 269 2044 Abeoque
288 1995 440 2033 Venere
474 1994 574 2032 duce
608 1994 696 2032 loca
716 2007 831 2044 super
861 1994 938 2032 alia
956 1994 1123 2032 volans.'
1178 1994 1228 2031 Et
1261 1994 1464 2044 Euripides
1493 1994 1533 2031 in

86 2056 246 2096 Oreste:
275 2058 391 2108 Χρέος
420 2060 575 2109 ἐμόλετέ
602 2072 714 2096 ποτ-ετ
759 2057 1022 2096 Ἀνακὲλαὸον
1042 2058 1115 2096 ἀπὸ
1147 2061 1291 2109 λέχεος.
1348 2057 1534 2108 Ejusdem

85 2121 237 2170 generis
275 2130 347 2168 est,
384 2123 548 2168 iambus,
585 2122 792 2168 trochaeus,
832 2122 1060 2160 tribrachus.
1127 2122 1171 2158 In
1206 2120 1379 2159 secundo
1412 2134 1533 2159 censu

85 2184 296 2234 spondaeus
316 2185 494 2232 habetur,
529 2184 721 2236 dactylus,
757 2192 996 2235 anapaestus,
1016 2184 1399 2236 proceleusmaticus,
1421 2185 1533 2222 creti-

85 2260 169 2294 cus,
208 2248 506 2299 amphimacrus,
541 2248 742 2294 bacchius,
774 2248 1090 2298 palimbacchius.
1153 2248 1290 2298 Neque
1329 2260 1416 2285 vero
1452 2248 1534 2285 sine

86 2311 236 2349 ratione
269 2312 339 2350 fuit
371 2312 459 2350 hoc.
517 2312 560 2349 In
591 2312 652 2350 his
683 2325 852 2362 namque
884 2313 1059 2359 vocibus,
1094 2313 1365 2351 accentionum
1397 2318 1536 2349 natura

86 2381 265 2425 quatuor,
285 2382 352 2413 aut
381 2376 551 2426 quinque
571 2376 807 2426 temporibus
828 2377 1009 2426 frequens
1029 2384 1102 2415 est.
1159 2377 1262 2427 Ergo
1284 2376 1431 2413 statarii
1449 2388 1535 2413 ver-

88 2451 154 2476 sus
173 2451 220 2476 ex
239 2438 382 2490 pedum
402 2452 562 2477 numero
583 2452 723 2477 nomen
759 2440 958 2477 obtinuere
976 2453 984 2477 :
1028 2440 1082 2477 ita
1101 2450 1145 2477 ut
1172 2439 1328 2484 heroici,
1349 2439 1533 2489 quoniam

89 2514 156 2539 sex
190 2502 387 2552 spondaeis
408 2509 648 2548 constarent,
682 2502 822 2540 senarii
843 2502 1083 2540 dicerentur:
1127 2503 1279 2540 motorii
1308 2509 1436 2540 autem
1456 2515 1535 2540 non

87 2565 204 2603 item:
235 2565 302 2616 qui
330 2567 379 2603 ob
399 2566 638 2604 celeritatem
669 2566 762 2604 satis
785 2566 1017 2612 habuerunt,
1049 2579 1096 2604 ex
1115 2566 1275 2604 dimidio
1294 2573 1444 2604 'tantum
1467 2578 1535 2603 no·

90 2640 177 2665 men
199 2629 269 2666 sibi
289 2629 479 2667 retinere:
518 2636 723 2681 propterea
755 2630 860 2680 quod
892 2630 971 2667 bini
1003 2630 1203 2682 prodirent
1234 2629 1376 2667 simul:
1420 2636 1536 2679 atque

91 2692 145 2729 ita
164 2692 307 2731 factum
327 2700 400 2740 est,
418 2700 474 2739 ut,
494 2694 634 2744 quibus
670 2701 804 2731 essent
827 2693 947 2744 pedes
980 2695 1074 2740 bini,
1103 2694 1128 2731 ii
1162 2693 1390 2731 monometri
1420 2705 1536 2730 voca-

93 2762 245 2796 rentur:
279 2757 418 2808 quibus
453 2764 632 2807 quatuor,
664 2757 815 2795 dimetri
834 2770 842 2795 τ
885 2758 1023 2808 quibus
1059 2771 1140 2804 sex,
1174 2757 1355 2795 trimetri:
1397 2757 1536 2810 quibus
