1903 3306
326 263 368 292 P.
399 260 640 291 'rERENTu
676 260 794 290 Arm
831 260 1058 291 EUNUGHI
1095 262 1201 292 Acr.
1228 265 1258 292 1.
1292 264 1359 294 sc.
1386 265 1415 293 1.
1510 256 1594 296 405

570 401 773 444 ACTUS
807 402 845 444 I.
889 402 1098 444 SCENA
1130 401 1168 443 Ι.

598 519 851 548 PHAEDRIA.
884 519 1140 549 PARMENO.

144 584 234 625 ΡΗ.
266 583 403 636 QU1D
424 585 555 639 igitur
574 585 768 627 faciam?
790 600 879 627 non
900 587 1029 628 eam?
1050 600 1103 627 ne
1124 600 1238 627 nunc
1259 586 1451 640 quidem,

143 651 256 693 Cum
276 665 477 694 arcessor
496 654 644 694 ultro?
668 668 721 694 an
741 655 893 708 potius
915 656 981 696 ita
1002 668 1072 695 me
1097 667 1365 708 comparem,

143 719 247 761 Non
269 721 437 775 perpeti
458 722 736 762 meretricum
760 723 1082 763 contumelias?

143 786 372 830 Exclusit:
393 793 598 829 revocat:
629 789 839 830 redeam?
861 802 961 838 non,
983 790 1020 830 si
1040 802 1110 830 me
1133 790 1348 830 obsecret.

141 853 231 895 PA.
262 855 310 896 Si
331 856 506 909 quidem
526 857 667 898 hercle
689 857 851 910 possis,
873 857 980 898 nihil
1002 858 1141 911 prius,
1168 870 1312 910 neque
1332 857 1491 898 fortius
1509 870 1517 898 :
1568 858 1596 898 5

138 921 304 964 Verum
326 923 365 964 si
385 923 587 978 incipies,
609 938 748 978 neque
778 925 1015 979 pertendes
1036 925 1206 966 naviter
1224 939 1234 976 ;

140 989 290 1044 Atque
309 991 385 1031 ubi
405 992 501 1045 pati
522 1005 610 1033 non
632 993 815 1046 poteris,
839 1006 937 1033 cum
959 1007 1086 1034 nemo
1109 998 1302 1046 expetet,

140 1058 313 1100 Infecta
333 1072 463 1113 pace,
486 1061 599 1101 ultro
621 1061 676 1101 ad
700 1074 796 1102 eam
819 1061 986 1110 venies,
1006 1061 1207 1101 indicans

140 1125 206 1166 Te
227 1138 386 1175 amare,
407 1131 449 1168 et
468 1127 578 1168 ferre
600 1141 683 1168 non
709 1141 868 1181 posse3
891 1132 1038 1168 actum
1062 1128 1153 1168 est!
1175 1127 1295 1167 ilicet
1313 1128 1320 1167 !

141 1193 305 1235 Peristi
323 1195 332 1236 !
354 1194 517 1245 eludet,
539 1196 615 1236 ubi
637 1199 679 1237 te
703 1196 868 1236 victum
889 1195 1082 1236 senserit.
1543 1196 1597 1237 10

140 1260 275 1302 Proin
296 1266 359 1312 tu,
382 1262 487 1304 dum
509 1267 575 1304 est
596 1267 784 1317 tempus,
806 1264 940 1305 etiam
963 1269 1097 1316 atque
1120 1263 1253 1304 etiam
1276 1261 1438 1314 cogita,

182 1373 255 1405 Pu.
281 1375 367 1410 Quid
381 1375 481 1414 igitur·
502 1374 618 1414 agam?
641 1386 736 1415 egone
751 1376 835 1407 illam
851 1385 908 1406 non
923 1373 1054 1406 adeam?
1078 1386 1113 1405 ac
1128 1385 1165 1406 ne
1185 1375 1307 1416 quidem
1322 1385 1412 1415 nunc,
1434 1386 1502 1406 cum
1525 1377 1593 1417 ipsa

143 1417 236 1447 Thais
256 1421 364 1457 sponte
384 1428 430 1448 me
443 1417 553 1450 vocet?
576 1429 615 1450 an
629 1420 732 1459 potius
746 1419 794 1449 ita
810 1429 855 1449 me
867 1429 986 1458 parem,
1002 1421 1035 1448 ut
1046 1422 1192 1458 perpetuo
1209 1428 1267 1448 non
1275 1419 1381 1456 feram
1397 1421 1595 1450 meretricum

137 1459 296 1497 injurias?
319 1461 454 1501 Expulit
461 1461 563 1500 foras,
577 1471 684 1492 rurum
699 1461 849 1493 accersit:
871 1464 1047 1492 rever-tarne
1072 1463 1111 1492 ad
1135 1459 1247 1492 illam?
1273 1462 1360 1500 Non,
1381 1462 1409 1492 sz'
1433 1472 1488 1501 per
1504 1473 1595 1494 sacra

139 1503 241 1533 omnia
256 1513 303 1534 me
315 1503 494 1535 obtestetur.
540 1505 605 1536 ΡΑ.
632 1506 693 1536 Per
709 1505 889 1539 Herculem,
905 1504 932 1534 si
949 1505 1070 1544 quidem
1085 1505 1186 1534 valeas
1200 1504 1233 1534 id
1240 1505 1362 1542 facere,
1377 1505 1457 1535 nihil
1473 1506 1594 1545 melius,

138 1554 234 1585 neque
244 1547 464 1586 praestantius:
487 1557 592 1578 rerum
616 1549 656 1586 si,
679 1548 732 1578 ubi
756 1547 918 1587 inceperis,
945 1557 1003 1576 uon
1027 1546 1236 1586 perseverabis
1254 1547 1396 1583 fortiter,
1413 1551 1519 1587 alque,
1542 1549 1594 1579 ubz'

138 1588 268 1627 amplius
282 1589 344 1620 vim
360 1589 572 1628 amorisferre
588 1600 646 1621 non
660 1591 809 1630 potueri-5,
824 1591 851 1621 si
865 1591 905 1620 ad
921 1589 1080 1627 Thaidem,
1097 1590 1222 1620 minime
1238 1592 1268 1620 te
1282 1590 1518 1628 desiderantem,
1535 1601 1594 1622 non

138 1631 335 1662 reconciliata
348 1642 435 1672 pace,
451 1634 554 1664 volens
568 1633 695 1672 redibis,
711 1634 872 1664 ostendens
885 1637 915 1662 te
929 1632 993 1670 ejus
1009 1642 1110 1663 amore
1125 1634 1246 1669 ardere,
1256 1642 1351 1672 neque
1364 1632 1493 1673 affectui
1509 1643 1594 1671 posse

137 1674 302 1709 resistere;
323 1675 485 1715 desperata
509 1686 558 1706 res
578 1680 636 1713 est,
651 1677 760 1707 statim
783 1676 925 1715 perditus
950 1676 1031 1706 eris:
1054 1676 1108 1706 illa
1133 1675 1265 1706 ludibrio
1281 1679 1310 1706 te
1335 1676 1469 1713 habebit,
1491 1677 1542 1706 ubi
1566 1680 1595 1708 te

137 1716 287 1747 domicum
302 1727 320 1748 a
334 1727 367 1748 se
381 1719 570 1758 cognoverit.
616 1720 738 1760 Itaque,
763 1719 835 1750 dum
858 1727 914 1758 per
936 1721 1054 1758 tempus
1079 1719 1163 1757 licet,
1189 1729 1258 1748 cnm
1284 1720 1416 1749 nondum
1432 1720 1596 1759 quicquam

746 1814 985 1826 omnmo

183 1881 199 1909 1
220 1878 292 1909 Non
306 1889 374 1910 eam
384 1877 414 1919 1²]
431 1879 486 1911 Ita
503 1879 657 1920 distinxi,
669 1886 806 1912 secutus
822 1880 1061 1912 auctoritatem
1077 1879 1152 1910 Val.
1167 1879 1286 1917 Probi,
1301 1879 1426 1910 veteris
1442 1881 1596 1912 Terentii

138 1921 352 1961 interpretis,
374 1932 472 1963 quem
498 1924 614 1955 laudat
639 1925 706 1955 Do.
737 1924 805 1955 Sed
830 1930 865 1954 et
891 1924 939 1954 ita
964 1922 1072 1953 edidit
1098 1922 1222 1961 Aldus,
1246 1922 1395 1958 Fabrini,
1419 1923 1505 1953 Dae.
1525 1924 1595 1956 alii.

138 1965 209 1995 Pro
227 1965 362 2002 vulgata
377 1970 491 1996 tamen
508 1966 728 1997 distinctione
744 1966 857 1998 faeere
875 1967 1011 1997 videtur
1026 1966 1120 1997 locus
1139 1965 1226 1996 And.
1239 1974 1263 1995 1.
1279 1968 1310 1996 2.
1328 1968 1379 1996 30.
1406 1965 1504 1996 West.
1537 1967 1595 1998 Ita

138 2016 272 2049 quoque
287 2008 389 2038 Both.
425 2008 519 2039 Perl.
536 2010 597 2039 ΒΓ.
614 2015 648 2040 et
665 2010 766 2040 Bent.
791 2010 962 2050 vulgarem
982 2010 1064 2039 lect.
1082 2009 1220 2047 habent,
1235 2018 1295 2039 non
1311 2018 1388 2043 eam,
1405 2019 1442 2039 ne
1457 2019 1595 2039 nuuc.—

138 2053 159 2081 2
189 2049 230 2080 Iu
259 2049 293 2081 J.
326 2051 405 2080 Cum
436 2052 617 2083 omittitur.
662 2052 723 2082 ΒΓ.
753 2056 964 2083 accersam—5
999 2051 1192 2082 Secundum
1226 2052 1400 2081 Donatum
1433 2051 1595 2083 Phaedria

137 2093 210 2123 baec
236 2102 349 2123 secum
374 2094 534 2134 loquitur.
581 2094 671 2125 Hinc
698 2096 757 2126 Fa.
785 2095 944 2126 inductus
972 2104 1046 2125 esse
1074 2095 1223 2132 videtur,
1248 2099 1297 2133 ut,
1319 2098 1439 2124 contra
1462 2104 1592 2135 omneS‚

138 2145 221 2177 quos
243 2135 383 2166 viderim
406 2136 506 2168 codd.
539 2137 708 2168 Phaedn-iae
735 2137 901 2169 tribueret
925 2137 1035 2168 omnia
1061 2146 1168 2177 usque
1195 2136 1236 2167 ad
1253 2146 1301 2167 VS.
1322 2139 1372 2167 12.
1400 2137 1503 2168 Male.
1534 2139 1595 2169 Et-

136 2179 224 2209 enim
242 2178 284 2208 ab
304 2179 367 2210 hoc
392 2189 440 2211 vs,
464 2184 496 2210 5.
521 2189 625 2221 usque
652 2181 692 2211 ad
720 2183 773 2211 25.
805 2190 880 2211 esse
905 2185 1108 2221 perpetuam
1134 2179 1355 2210 Parmenonis
1384 2181 1594 2212 consulentis

138 2222 326 2253 orationem
344 2226 438 2252 reete
454 2223 533 2253 olirn
552 2224 633 2253 vidit
651 2224 742 2254 Mur.
767 2223 864 2255 Bent.
909 2223 1011 2254 Both.
1027 2223 1074 2254 nil
1093 2221 1288 2260 sarlius—6
1311 2222 1354 2253 G.
1373 2223 1410 2253 F.
1432 2229 1469 2254 et
1493 2224 1594 2254 Lind.

137 2274 180 2295 ex
198 2265 350 2295 charisio
366 2265 521 2302 laudant,
542 2276 638 2306 neque
652 2267 702 2306 pol
718 2268 822 2297 tendes
838 2267 970 2298 naviter.
1009 2267 1158 2296 Praestat
1174 2270 1287 2295 autem
1303 2265 1490 2304 vulgatum.
1537 2267 1592 2298 Sic

136 2307 263 2339 Heaut.
279 2316 313 2339 v.
329 2311 360 2339 5.
378 2311 409 2339 9.
435 2308 473 2338 In
490 2308 583 2348 Lips.
607 2314 641 2339 et
659 2310 731 2339 auis
754 2314 819 2347 est,
840 2308 992 2350 perficies.
1020 2309 1122 2340 West.
1170 2308 1320 2349 Perficies
1343 2308 1479 2349 nat-iter]
1512 2309 1592 2340 Per·-

135 2351 240 2381 tendes
255 2350 389 2390 naviter,
414 2351 549 2382 videtur
573 2352 765 2392 antiquius:
789 2352 878 2391 quod
902 2352 937 2382 in
961 2352 1059 2382 Rem.
1086 2356 1124 2382 et
1148 2351 1317 2381 nonnullis
1345 2351 1418 2381 aliis
1443 2352 1591 2393 antiquis

134 2393 216 2424 libb.
241 2398 304 2424 est.
329 2393 391 2425 Fa.
436 2394 555 2425 Nostri
580 2395 715 2435 quidem
741 2394 895 2435 perficies:
918 2394 976 2424 sed
1006 2394 1174 2424 Charisius
1196 2403 1228 2433 p.
1247 2396 1319 2423 185.
1344 2399 1379 2424 et
1395 2394 1531 2425 Servius
1549 2396 1591 2426 ad

134 2435 210 2466 AEn.
223 2444 248 2467 1.
263 2438 316 2467 41.
335 2438 511 2476 pertendes.
535 2437 638 2469 Bent.
664 2437 760 2468 Alias
782 2438 947 2477 pertendes
971 2437 1090 2467 Er.—-7
1116 2437 1204 2476 Guy.
1228 2442 1356 2476 praeter
1372 2437 1508 2476 genium
1529 2438 1592 2468 Te-

135 2478 282 2509 rentiani
308 2479 486 2519 sermonis,
505 2490 573 2510 cum
595 2489 673 2510 neno
697 2483 833 2520 expetet,
860 2481 890 2509 11.
915 2490 944 2511 e.
970 2488 1045 2509 cum
1072 2489 1124 2509 res
1149 2488 1215 2509 non
1240 2484 1393 2518 expetet.
1423 2480 1590 2512 Insa—9

135 2521 196 2552 ΒΓ.
227 2522 310 2552 Eam
331 2524 362 2552 te
384 2531 500 2553 amare.
526 2523 569 2553 G.
594 2528 629 2553 et
654 2522 764 2554 Guelf.
790 2526 820 2553 2.
845 2525 947 2553 actum
972 2522 1041 2552 ilico
1063 2525 1206 2552 esu—10
1231 2522 1313 2552 GM.
1337 2523 1435 2552 eludet
1465 2527 1589 2554 te.-—ll

135 2563 224 2595 Sunt
240 2564 320 2594 libb.
340 2568 442 2604 atque
459 2565 491 2595 in
509 2564 547 2595 iis
566 2565 657 2604 Lips.
675 2571 710 2597 et
730 2566 786 2596 ΒΓ.
804 2565 905 2596 codd.
929 2564 986 2594 ubi
1003 2565 1057 2594 bic
1079 2574 1127 2595 vs.
1148 2564 1310 2595 tribuitur
1327 2565 1514 2596 Pluvdriae:
1540 2567 1589 2596 ita

135 2616 271 2648 quoque
288 2607 326 2638 Z.
340 2607 453 2638 babet.
473 2607 574 2638 Bent.
592 2608 684 2639 Peri.
710 2613 745 2639 et
760 2608 863 2638 Both.
888 2608 1004 2648 legunt
1029 2612 1062 2638 et
1079 2607 1314 2647 distinguunt:
1341 2608 1439 2639 Proin
1457 2612 1503 2649 tu,
1516 2610 1588 2640 dum

791 2694 933 2726 NOTAE

179 2759 194 2788 l
223 2757 307 2793 Quid
322 2757 437 2798 igitur]
462 2757 538 2789 Hoc
563 2757 707 2798 ‘igitur'
733 2758 836 2799 signi·
888 2758 954 2789 isse
983 2757 1200 2797 collocutum,
1230 2756 1426 2798 prinsquam
1457 2756 1489 2788 in
1515 2766 1587 2788 sce·

132 2805 227 2847 fleat,
241 2807 433 2839 Phaedriam
452 2809 558 2840 multa
572 2819 645 2841 cum
667 2818 765 2840 servo
783 2807 833 2840 fu·
887 2817 963 2839 nam
982 2807 1147 2850 prodiret.
