1903 3306
519 227 726 259 ANDRiJss
758 227 871 257 Aer.
903 226 969 255 iv.
1003 226 1070 256 sc.
1105 227 1171 257 iv,
1486 215 1570 256 359

120 326 223 369 MY.
254 324 364 377 Ego,
384 323 490 377 quid
512 335 636 376 agas,
657 322 762 362 nihil
781 321 1002 373 intelligo:
1034 320 1128 369 sed,
1151 321 1188 359 si
1211 319 1316 372 quid
1338 324 1419 368 est,

119 392 256 444 Quod
276 404 375 432 mea
396 403 531 444 opera
553 403 668 443 opus
689 390 747 430 sit
767 388 911 438 vobis,
935 392 1011 429 aut
1032 391 1076 428 tu
1095 387 1196 440 plus
1217 386 1359 435 vides,

119 459 317 502 Manebo
335 471 345 499 z
377 470 433 498 ne
457 458 577 511 quod
597 460 794 499 vostrum
814 467 1002 496 remorer
1022 453 1314 496 commodum.

117 583 194 611 ogas
204 582 215 604 .·
240 575 306 611 sed,
321 574 348 604 si
358 583 431 612 opus
447 576 492 604 est
505 571 589 603 vobis
603 572 636 602 in
652 571 755 610 aliqua
769 579 801 600 re
813 579 904 609 opera
918 579 997 608 meu,
1013 572 1068 600 aut
1080 572 1113 600 tu
1126 570 1198 609 plus
1211 568 1375 609 pravidos,
1390 576 1484 606 quam
1500 574 1570 605 ego,

117 615 167 646 hic
182 615 361 656 expectabo,
375 625 424 655 ne,
439 616 518 655 quod
533 615 616 645 vobis
631 614 817 644 commodum
832 615 889 651 est,
905 614 1070 643 retardem.

744 696 967 708 ‘metm-‘sete

118 763 181 794 pro
197 762 270 784 var.
285 756 342 784 est.
365 753 459 784 Perl.
509 753 580 783 Utc.
596 762 682 792 opus,
712 751 812 782 verbis
834 751 904 782 ride
928 750 986 780 dat
1010 750 1199 779 Boiu—23
1224 748 1293 778 Pro
1317 750 1371 777 aut
1396 746 1470 785 lege
1495 754 1571 775 cum

119 796 209 835 Guy.
224 799 272 834 ut,
285 796 314 826 h.
330 805 359 827 e.
375 795 466 836 quia.
496 795 634 825 Etenim
650 795 787 825 dubium
800 804 865 824 non
884 798 948 832 est,
969 792 1105 832 Myside
1121 792 1256 821 Davum
1275 799 1347 820 esse
1365 790 1464 825 longe
1477 788 1572 818 calli-

119 837 261 868 diorem.
286 838 381 869 Bent.
431 838 474 868 Ut
490 838 581 867 Mur,
597 838 700 867 Bent.
719 847 779 876 pro
796 840 849 867 aut
867 836 979 874 vulgo.
1004 835 1091 865 Perl.
1114 834 1170 874 qui
1200 836 1234 863 ut
1256 833 1314 862 dat
1329 841 1404 862 cum
1423 831 1571 861 Both.—

119 883 162 911 24
184 879 285 911 Bodl.
299 890 336 912 ne
350 883 428 911 vost.
452 880 561 910 West.
589 878 643 910 Al.
658 879 793 918 aliquod.
823 879 914 909 Mur.
933 879 966 908 in
984 883 1053 908 vet.
1070 877 1203 907 Veneto
1218 884 1314 915 repp.
1331 884 1369 905 ue
1379 874 1466 914 quid,
1478 872 1570 913 quod

120 923 283 964 exponit:
314 932 358 954 ne
381 922 415 953 in
431 923 545 963 aliqua
560 931 610 952 re.
635 922 723 952 Perz.

772 1011 911 1042 NOTAE

160 1078 202 1106 24
230 1076 277 1106 Ne
293 1074 371 1116 quod
382 1079 520 1106 vostrum
534 1085 670 1107 remorer
692 1086 819 1107 commo·
873 1076 962 1106 enim
977 1074 1010 1105 in
1027 1078 1135 1115 gestit,
1151 1083 1250 1115 quam
1264 1072 1416 1104 oratione
1431 1075 1482 1102 est
1496 1080 1573 1102 con·

117 1126 205 1166 dum]
242 1126 463 1157 Commodum
494 1126 676 1166 Pamphili.
720 1126 818 1157 Cete-
874 1126 1006 1157 stituta.

118 1185 192 1207 rum
215 1175 289 1207 haec
314 1176 424 1207 Scena
450 1180 501 1207 est
527 1180 685 1207 actuosa:
711 1178 818 1217 magis

507 1428 709 1470 ACTUS
744 1427 826 1468 IV.
858 1425 1064 1468 SCENA
1097 1426 1179 1468 IV.

516 1562 766 1593 CHREMES.
798 1561 962 1592 MYSIS.
996 1560 1174 1591 DAVUS.

120 1632 212 1674 CH.
245 1631 543 1681 REVERTOR‚
564 1634 815 1685 postquam,
836 1643 936 1682 quae
956 1642 1070 1683 opus
1090 1628 1208 1669 fuere
1231 1626 1285 1667 ad
1306 1626 1486 1679 nuptias

117 1699 298 1750 Gnatae,
317 1700 487 1753 paravi,
508 1702 557 1739 ut
572 1698 755 1751 jubeam
776 1696 942 1737 arcessi
961 1710 970 1736 :
1003 1695 1082 1736 sed
1104 1694 1208 1748 quid
1230 1695 1314 1734 hoc
1332 1693 1350 1732 ’ἲ

117 1766 238 1808 Puer
257 1766 404 1808 hercle
426 1764 491 1807 'st.
552 1764 729 1812 Mulier,
752 1765 844 1803 'tun'
865 1762 1120 1816 apposuisti
1141 1761 1292 1802 hunc?
1352 1758 1457 1799 MY.
1480 1756 1570 1798 Ubi

287 1834 382 1875 illic
403 1840 474 1875 est
489 1835 507 1874 'l

117 1900 206 1944 CH.
227 1901 333 1943 Non
352 1901 460 1943 mihi
481 1900 749 1955 respondes?
810 1899 914 1940 MY.
938 1897 1170 1950 Nusquam
1192 1899 1283 1936 est:
1307 1908 1374 1936 vae
1397 1893 1569 1934 miserae

285 1969 391 2010 mihi
409 1970 418 2010 !

159 2065 230 2097 CH.
256 2065 371 2105 Redeo,
390 2068 551 2105 postquam
566 2064 717 2104 apparavz'
733 2072 779 2102 eu,
794 2071 862 2102 quae
877 2071 951 2101 opus
965 2060 1034 2099 fuit
1057 2069 1207 2099 apparare
1229 2059 1269 2089 ad
1283 2056 1478 2089 celebrandas
1492 2065 1569 2095 nup—

115 2108 280 2149 tiasfiliae‚
295 2111 331 2139 ut
349 2107 476 2147 jubeam
498 2107 603 2137 vocari
628 2116 690 2144 e03‚
715 2115 787 2145 quos
809 2105 858 2135 his
880 2105 1028 2134 iuteresse
1051 2103 1200 2133 convenit.
1245 2101 1308 2131 Sed
1331 2100 1405 2140 quid
1428 2100 1482 2129 hoc
1497 2096 1570 2130 est?

115 2151 204 2182 Puer
218 2150 318 2182 hercle
332 2153 390 2181 est.
438 2149 567 2185 Mulier,
583 2152 657 2180 tune
672 2148 721 2179 hio
733 2146 866 2188 posuisti
881 2157 949 2177 eum
961 2145 976 2176 ,7
1020 2145 1098 2176 ΜΥ.
1125 2144 1260 2176 Ubinam
1272 2147 1318 2174 est
1337 2140 1474 2173 Davus?
1499 2141 1567 2172 CH.

116 2193 192 2224 Non
206 2193 285 2224 mihi
297 2193 462 2234 respondes
474 2190 490 2223 ἱ)
534 2192 612 2224 Mv.
636 2191 734 2231 Hem,
748 2198 897 2230 nusquam
913 2188 946 2219 in
961 2188 1010 2218 his
1025 2187 1100 2218 locis
1121 2187 1275 2227 reperitur
1293 2185 1356 2216 ille.
1404 2184 1506 2214 Homo
1522 2192 1569 2213 me

722 2272 958 2285 eeeeeeeeeee

157 2333 174 2362 1
200 2330 288 2362 Haec
311 2329 346 2361 in
368 2330 452 2362 Mss.
469 2329 671 2371 quibusdam
689 2334 722 2360 et
741 2327 912 2369 impressis
930 2331 983 2358 est
998 2326 1107 2357 Scena
1123 2328 1155 2356 5.
1185 2325 1351 2355 lVest.—2
1365 2321 1490 2353 Accersi
1507 2321 1566 2351 Br.

117 2377 155 2404 et
168 2373 271 2404 Bent.
317 2374 378 2403 Est
393 2373 427 2403 in
443 2372 511 2404 fine
527 2371 751 2404 Guelf.2.-—3
776 2372 861 2402 Mss.
879 2369 1075 2411 quidam,et
1099 2368 1153 2399 ed.
1170 2369 1266 2398 1469.
1290 2365 1437 2405 posuisti.
1460 2364 1569 2394 West.

116 2415 259 2447 Posuisti
274 2415 343 2446 Ms.
358 2415 453 2448 Lind.
496 2415 552 2447 Ne
574 2424 693 2445 versus
711 2414 858 2454 sitjusto
875 2413 1021 2452 longior,
1037 2416 1095 2441 aut
1109 2410 1184 2441 dele
1207 2410 1297 2448 hunc,
1321 2413 1379 2438 aut
1394 2407 1505 2439 scribe
1522 2410 1568 2444 tu,

115 2462 154 2489 ut
167 2457 247 2490 edd.
263 2462 348 2489 vett.
359 2457 497 2490 habent.
520 2458 617 2490 Beut.
663 2456 805 2488 Posuisti
819 2457 879 2486 ΒΓ.
901 2456 996 2486 Hunc
1012 2454 1103 2485 delet
1119 2452 1282 2484 Boiu—4
1306 2450 1391 2481 Hem
1407 2459 1496 2489 nusq.
1522 2452 1567 2480 est

771 2540 911 2572 NOTAE

152 2610 173 2639 2
197 2607 261 2639 Sed
272 2607 345 2647 quid
359 2606 428 2647 hoe]
453 2606 683 2646 Interrogatio
697 2604 810 2645 estig-
909 2606 927 2633 3
956 2601 1018 2633 Ubi
1043 2601 1110 2632 illic
1133 2599 1195 2639 est]
1218 2597 1325 2639 Mysis
1354 2597 1489 2628 Davum
1513 2606 1565 2627 re-

113 2657 265 2688 noi-antis
282 2656 472 2688 Chremetis
497 2655 578 2697 quid
596 2661 698 2695 esset,
720 2654 810 2696 quod
866 2653 984 2694 quirit,
999 2652 1054 2693 qui
1069 2660 1105 2682 se
1118 2652 1360 2687 summoverat,
1377 2651 1565 2686 conspecto

111 2707 257 2748 primum
280 2706 424 2738 viderat.
474 2707 558 2738 Erat
584 2710 698 2738 autem
727 2714 811 2746 puer
865 2704 1068 2743 Chremete3
1092 2706 1128 2734 ut
1144 2701 1216 2742 ipse
1234 2700 1276 2731 de
1294 2698 1366 2730 foro
1384 2698 1500 2729 venire
1518 2698 1564 2728 vi-

111 2757 234 2798 pannis
250 2757 432 2789 involutus.
866 2753 1020 2786 deretur.

427 2846 587 2985 Φ
