1903 3306
337 226 424 268 258
846 236 1027 267 Ειοοιᾼ
1063 236 1305 267 VETERUM

977 333 1034 374 Et
1053 345 1172 374 mox.

402 412 454 452 In
490 411 723 466 obsequio,
762 411 970 464 quoniam
1000 411 1266 452 Terentiano
1303 409 1435 450 verbo
1467 408 1651 450 libenter
1689 412 1801 460 utor,

346 480 533 521 comitas
555 479 685 520 adsit.

642 567 879 617 Horatius,
900 567 977 607 lib.
1000 566 1143 620 Epist.
1166 566 1223 607 ad
1245 565 1510 620 Augustum.

459 648 635 689 Dicitur
658 645 815 687 Afrani
835 650 939 698 toga
961 645 1223 686 convenisse
1244 643 1517 686 Menandro:

458 715 645 756 Plautus
666 714 723 755 ad
744 713 973 768 exemplar
994 713 1136 754 Siculi
1157 725 1396 766 properare
1418 712 1671 766 Epicharmi
1690 726 1700 753 ε

458 782 650 824 Vincere
671 780 885 822 Caecilius
905 780 1134 834 gravitate,
1157 781 1394 822 Terentius
1417 785 1526 822 arte.

460 850 563 892 Hos
585 849 760 899 ediscit,
782 854 828 890 et
847 849 930 890 hos
951 852 1074 891 arcto
1095 849 1262 902 stipata
1284 848 1449 890 theatro

461 918 644 972 Spectat
661 916 809 958 Roma
827 916 1048 971 frequens.

760 1010 965 1061 OvidiUS,
985 1011 1061 1052 lib.
1086 1022 1136 1053 ΙΙ.
1157 1011 1385 1052 Tristium.

404 1091 504 1133 Nec
523 1090 636 1131 liber
654 1089 866 1131 indicium
888 1094 960 1130 est
981 1089 1144 1140 animi;
1176 1088 1254 1130 sed
1274 1088 1465 1130 honesta
1487 1088 1688 1130 voluntas

460 1157 661 1199 Plurima
680 1156 927 1199 mulcendis
950 1156 1131 1198 auribus
1154 1161 1264 1210 apta
1283 1155 1429 1198 refert.

404 1224 573 1267 Accius
592 1228 713 1266 esset
734 1228 889 1267 atrox:
920 1225 1114 1266 conviva
1132 1224 1370 1265 Terentius
1393 1227 1535 1274 esset;

459 1293 625 1334 Essent
644 1306 866 1348 pugnaces
888 1292 965 1346 qui
985 1292 1078 1333 fera
1099 1292 1218 1333 bella
1239 1296 1416 1333 canunt.

410 1392 647 1436 Volcatius
679 1393 920 1447 Sedigitas,
951 1393 1072 1449 apud
1103 1391 1160 1434 A.
1183 1391 1298 1433 Gell.
1329 1391 1407 1432 lib.
1432 1401 1518 1431 xv.
1549 1402 1647 1444 cap.
1667 1389 1737 1431 24.

460 1477 632 1519 Multos
654 1478 846 1520 incertos
867 1480 1032 1519 certare
1051 1477 1162 1518 hanc
1183 1489 1276 1517 rem
1295 1474 1502 1525 vidimus,

460 1544 664 1586 Palmam
685 1544 834 1600 poetae
855 1545 1031 1586 comico
1054 1544 1128 1585 cui
1150 1543 1362 1585 deserant.

460 1612 590 1663 Eum,
609 1626 679 1654 me
695 1612 859 1667 judice,
880 1624 1065 1653 errorem
1086 1611 1332 1652 dissolvam
1353 1609 1433 1652 tibi
1451 1622 1462 1651 :

462 1679 527 1721 Ut
548 1683 701 1722 contra
720 1681 758 1721 si
779 1679 882 1733 quis
903 1679 1082 1728 sentiat,
1104 1678 1213 1719 nihil
1237 1677 1420 1719 sentiat.

462 1748 649 1790 Caecilio
671 1748 865 1803 palmam
887 1746 1035 1788 Statio
1058 1746 1114 1787 do
1138 1746 1328 1787 comico.

460 1816 653 1858 Plautus
673 1814 892 1856 secundus
912 1814 1044 1855 facile
1065 1816 1302 1866 exsuperat
1322 1816 1508 1854 ceteros.

461 1883 577 1925 Dein
599 1882 805 1933 Naevius,
827 1883 901 1937 qui
924 1885 1070 1923 servet
1089 1881 1295 1935 pretium,
1316 1879 1520 1921 tertiu'st.

461 1951 510 1992 Si
532 1951 630 2001 erit,
647 1950 766 2003 quod
786 1953 960 2004 quarto,
980 1949 1157 1990 dabitur
1179 1947 1365 1989 Licinio.

462 2019 571 2060 Post
590 2018 768 2072 insequi
788 2018 1005 2059 Licinium
1025 2016 1143 2058 facio
1164 2015 1367 2056 Atilium.

464 2087 518 2129 In
539 2090 667 2128 sexto
690 2086 889 2139 sequitur
909 2085 990 2126 hos
1011 2085 1110 2125 loco
1132 2083 1377 2125 Terentius.

461 2154 689 2209 Turpilius
711 2153 960 2208 septimum,
981 2151 1162 2192 Trabea
1183 2154 1390 2191 octavum
1410 2149 1599 2191 obtinet.

464 2221 598 2263 Nono
616 2221 719 2261 loco
739 2232 839 2261 esse
860 2219 991 2260 facile
1012 2218 1132 2260 facio
1156 2216 1382 2258 Luscium.

461 2288 698 2331 Decimum
720 2287 839 2329 addo
861 2299 1001 2328 causa
1023 2284 1297 2339 antiquitatis
1318 2283 1523 2325 Ennium.

747 2382 951 2423 Velleius
971 2379 1248 2429 Paterculus,
1268 2379 1346 2420 lib.
1369 2390 1401 2419 1.

408 2463 667 2517 Dulcesque
689 2460 838 2503 Latini
867 2459 1033 2514 leporis
1063 2457 1240 2499 facetiae
1274 2469 1353 2511 per
1373 2454 1624 2506 Caecilium,
1645 2453 1805 2496 Teren—

350 2531 564 2585 tiumque,
581 2534 623 2571 et
643 2529 873 2572 Afranium
894 2526 1078 2580 suppari
1100 2529 1235 2566 aetate
1256 2524 1492 2565 nituerunt.

713 2619 821 2659 Fab.
843 2616 1099 2668 Quintilian.
1117 2615 1192 2655 lib.
1216 2626 1266 2659 Χ.
1288 2625 1386 2667 cap.
1408 2612 1446 2654 1.

411 2701 464 2741 In
493 2697 728 2741 Comoedia
758 2697 950 2737 maxime
983 2694 1312 2743 claudicamus3
1354 2691 1458 2733 licet
1488 2689 1632 2730 Varro
1674 2688 1808 2738 dicat,

354 2766 515 2809 Musas
537 2765 644 2808 AElii
676 2763 854 2805 Stilonis
887 2761 1103 2804 sententia
1128 2760 1333 2802 Plautino
1365 2769 1561 2800 sermone
1582 2756 1806 2797 locuturas
