1903 3306
310 220 398 263 442
809 235 849 264 P.
880 235 1124 267 TERENTII
1158 237 1303 268 Arm⁴

314 326 401 367 ΡΑ.
435 326 668 380 Flagitium
705 328 909 370 facimus.
970 329 1060 372 CH.
1092 329 1163 371 An
1196 330 1240 371 id
1273 330 1488 385 flagitium
1520 337 1605 385 est,
1638 335 1678 377 si
1713 329 1760 378 in

484 394 657 435 domum
679 397 969 437 meretriciam
1703 404 1760 444 90

312 460 542 512 Deducar3
574 466 618 503 et
638 462 725 503 illis
746 464 964 513 crucibus,
987 475 1085 517 quae
1108 477 1190 505 nos
1209 470 1490 521 nostramque
1512 466 1761 511 adolescen-

484 530 590 570 tiam

315 594 498 636 Habent
518 596 811 650 despicatam,
830 602 873 638 et
906 610 1007 651 quae
1029 610 1112 638 nos
1146 611 1317 652 semper
1339 601 1544 642 omnibus
1565 603 1762 644 cruciant

485 662 643 712 modis,

313 727 448 770 Nunc
471 729 648 770 referam
669 730 852 782 gratiam
872 744 883 782 3
916 735 1049 785 atque
1071 746 1149 773 eas
1172 733 1325 775 itidem
1345 734 1511 785 fallam,
1533 740 1582 777 ut
1602 737 1658 778 ab
1676 737 1762 779 illis

485 796 675 837 fallimur
688 796 706 835 'i

315 864 390 905 An
422 864 571 917 potius
604 863 699 904 haec
733 864 858 916 pati?
902 878 1079 919 aequum
1114 872 1184 908 est
1212 868 1321 918 fieri,
1353 873 1400 910 ut
1432 883 1458 911 a
1489 882 1557 911 me
1591 871 1766 913 ludatur

485 929 622 970 dolis:

317 997 448 1048 Quod
485 998 560 1051 qui
592 998 833 1049 rescierint,
866 1001 1066 1054 culpent:
1111 1002 1215 1043 illud
1250 1002 1406 1044 merito
1428 1003 1590 1045 factum
1612 1016 1763 1047 omnes

488 1069 657 1118 putent.
1707 1073 1764 1114 95

314 1162 348 1192 id
355 1162 520 1203 flagitium
531 1173 630 1202 vocas,
644 1164 672 1194 si
687 1164 720 1194 in
731 1165 811 1195 cedes
827 1166 1015 1197 meretricias
1030 1166 1189 1205 ingrediar
1204 1170 1234 1197 et
1255 1166 1395 1207 inducar,
1409 1177 1477 1198 cum
1489 1168 1574 1199 nulla
1589 1169 1640 1199 lea:
1651 1168 1684 1199 ia
1695 1177 1765 1209 pro-

315 1205 440 1236 hibent?
460 1206 488 1236 si
504 1206 567 1237 illis
581 1207 732 1244 crucibus,
749 1207 1002 1249 (meretricibus,)
1026 1219 1094 1249 quae
1107 1219 1162 1240 nas
1177 1210 1379 1241 addest-entes
1401 1209 1552 1250 simplices
1577 1214 1609 1241 et
1629 1211 1767 1242 incautos

314 1247 497 1288 despiciunt,
513 1252 543 1279 et
559 1249 697 1280 omnibus
719 1250 857 1281 cruciant
879 1251 989 1289 modis,
1009 1261 1089 1282 ‘nunc
1106 1252 1201 1282 uicem
1214 1251 1367 1284 reddam?
1388 1258 1479 1292 atque
1493 1263 1545 1284 eas
1558 1252 1703 1284 similiter
1715 1254 1767 1284 de-

314 1291 430 1328 ludam,
444 1291 524 1322 sicut
546 1291 584 1321 ab
609 1292 673 1323 illis
693 1292 884 1326 deludimur?
907 1293 959 1324 An
979 1294 1083 1335 potius
1097 1293 1264 1334 flagitium
1283 1298 1341 1334 est,
1365 1294 1431 1326 hoec
1452 1295 1490 1326 ab
1512 1295 1577 1326 illis
1599 1295 1766 1327 meretrici-

315 1333 371 1364 bus
391 1333 485 1374 pati?
507 1335 642 1374 AEquum
656 1335 786 1376 estfieri
800 1339 835 1366 ut
853 1336 948 1367 Thais
962 1347 981 1367 a
996 1346 1042 1367 me
1056 1338 1199 1368 ludatur:
1225 1341 1272 1375 at,
1297 1338 1349 1377 qui
1372 1337 1450 1368 illud
1473 1337 1640 1375 audierint,
1665 1339 1768 1378 culpa-

315 1375 414 1413 bunt;
436 1376 541 1416 immo,
561 1377 638 1408 illud
663 1378 771 1409 merito
788 1378 912 1416 factum
938 1389 1001 1410 esse
1023 1389 1125 1411 omnes
1149 1379 1380 1412 existimabunt.
1426 1381 1490 1412 ΡΑ.
1519 1380 1603 1417 Quid
1617 1380 1701 1413 istud
1722 1384 1768 1412 est

919 1473 976 1484 ooo
980 1473 1074 1484 tout
1078 1473 1094 1485 ο
1099 1472 1154 1485 000

314 1525 424 1564 bitur,
446 1525 577 1568 reliqua
593 1527 809 1559 Parmenoni.
841 1529 903 1560 Ea.
947 1528 1044 1560 ‘Ah’
1068 1539 1166 1571 aeque
1191 1539 1231 1561 ac
1253 1529 1373 1570 ‘Flag.
1397 1527 1476 1562 fac!
1501 1529 1656 1562 tribuunt
1682 1529 1767 1561 Par-

316 1569 452 1599 menoni
468 1569 526 1599 Br.
543 1575 578 1600 et
594 1570 757 1610 Bip.——90
782 1571 934 1603 Praestat
950 1572 1022 1603 haec
1038 1573 1117 1604 lect.
1133 1582 1203 1613 prae
1220 1572 1291 1611 illa,
1307 1572 1491 1612 Flagitium,
1506 1572 1645 1610 facinus,
1667 1582 1767 1613 quam

317 1615 435 1642 tuetur
452 1611 495 1643 G.
512 1612 549 1644 F.
567 1618 603 1643 et
617 1611 757 1653 praefert
771 1613 838 1644 Ms.
856 1614 950 1654 Lips.
966 1614 1023 1646 sed
1042 1615 1103 1653 ita,
1121 1615 1243 1654 facin9,
1269 1614 1361 1646 unde
1382 1620 1540 1656 apparet,
1566 1615 1698 1646 initium
1713 1616 1770 1646 τοῦ

316 1664 348 1684 m
369 1652 471 1685 fuisse
487 1664 628 1686 erasum.
657 1655 757 1687 West.
803 1655 848 1687 G.
877 1657 946 1689 ET.
975 1658 1055 1689 EM.
1079 1657 1265 1697 Flagitium,
1283 1657 1422 1695 facinus.
1446 1657 1498 1689 Id.
1513 1657 1546 1688 in
1562 1657 1654 1688 Add.
1677 1657 1770 1689 Facis

318 1696 421 1728 Both.
468 1697 604 1728 Facinus
622 1707 682 1738 pro
700 1708 768 1729 var.
787 1698 867 1730 lect.
890 1699 925 1730 in
942 1700 1060 1740 glossis
1073 1701 1128 1731 τοῦ
1151 1701 1299 1732 Biz—92
1322 1700 1357 1731 Si
1383 1700 1476 1740 legas
1491 1701 1674 1741 despectam,
1689 1709 1767 1731 con-

318 1739 426 1770 stabit
441 1748 567 1771 versus.
590 1741 649 1772 Er,
696 1741 883 1781 Despectam
904 1747 957 1773 est
979 1744 1014 1774 in
1036 1744 1130 1774 Bem.
1157 1742 1311 1783 aliisque.
1339 1742 1437 1774 West.
1481 1742 1683 1783 Despicatam
1699 1743 1769 1775 Do.

316 1786 353 1812 et
368 1791 484 1812 omnes
505 1783 632 1824 antiqui
654 1782 732 1814 libri
749 1788 873 1822 praeter
890 1786 986 1817 Rem.
1032 1785 1162 1817 Omnes
1177 1785 1234 1816 alii
1250 1785 1328 1816 libri
1344 1789 1511 1825 recentes,
1527 1787 1699 1827 despectam
1713 1785 1770 1816 ha-

316 1823 413 1859 bem,
437 1829 474 1856 ut
500 1825 596 1857 Bem.
621 1826 681 1857 Fa.
726 1826 958 1867 Correctores,
980 1837 1047 1859 non
1077 1828 1235 1867 Librarii‚
1261 1829 1431 1868 despectam
1456 1828 1556 1869 primi
1586 1827 1767 1859 dederunt.

318 1866 502 1898 Praestabo
519 1868 582 1899 tibi
600 1878 712 1899 veram
730 1869 845 1901 Poetae
863 1879 1010 1910 inanum,
1025 1871 1152 1902 Habent
1167 1870 1336 1910 despicatu.
1356 1871 1458 1901 Bent.
1491 1870 1588 1911 Saepe
1605 1871 1614 1888 ‘
1626 1869 1771 1902 habere’

319 1918 396 1940 cum
419 1911 599 1951 participio
625 1911 770 1951 ponitur.
797 1913 837 1943 R.
863 1913 908 1944 D.
953 1914 1138 1953 Despectam
1165 1918 1258 1945 recte
1285 1913 1384 1944 Bem.
1420 1913 1532 1953 Vulgo
1557 1913 1647 1944 male
1671 1913 1771 1954 aespi-

317 1955 420 1982 catam
449 1954 501 1984 vel
529 1954 698 1993 despicatu.
733 1954 921 1986 Bou1.--93
960 1956 1104 1994 Gratias,
1129 1959 1220 1996 atque
1244 1956 1283 1987 it.
1312 1965 1364 1986 eas
1381 1954 1496 1993 fallam
1518 1959 1553 1986 ut
1575 1955 1613 1987 ab
1639 1955 1685 1987 eis
1710 1956 1772 1987 dat

319 1994 522 2027 Rom—94.
539 1999 579 2027 95
605 1996 702 2027 Bem.
718 2001 757 2028 et
773 2007 887 2029 omnes
905 1998 960 2029 alii
973 1998 1103 2040 antiqui
1119 1998 1247 2030 habent
1257 1998 1365 2038 patri.-
1388 2008 1427 2029 ac
1442 1998 1598 2029 Donatus
1625 2007 1771 2039 quoque,

319 2036 400 2068 licet
426 2037 538 2079 aliqua
563 2049 606 2069 ex
634 2044 733 2079 parte
756 2046 958 2079 corruptus:
983 2050 1072 2081 nam,
1094 2041 1248 2082 quamvis
1274 2040 1412 2072 citando
1439 2040 1514 2071 haec
1545 2040 1649 2072 verba
1679 2040 1772 2072 dicat

316 2080 409 2119 pati:
434 2086 549 2111 tamen
567 2082 599 2112 in
617 2083 836 2122 expositionis
854 2093 1036 2124 progressu
1050 2085 1133 2123 legit
1145 2084 1249 2124 patri:
1274 2088 1310 2114 et
1325 2092 1406 2114 sane
1426 2083 1496 2123 pati
1518 2083 1646 2114 nullum
1668 2082 1773 2114 habet

321 2130 466 2153 sensum.
492 2124 550 2154 Fa.
594 2124 654 2155 Fa.
672 2134 713 2155 ex
730 2125 826 2156 Bem.
841 2130 970 2165 tuetur,
994 2126 1083 2168 quod
1102 2127 1265 2167 plusculae
1282 2125 1362 2157 edd.
1387 2130 1587 2166 sequuntur,
1602 2125 1656 2157 An
1669 2125 1773 2165 potius

319 2164 385 2195 haec
398 2166 483 2205 patri
498 2176 617 2206 oequum
633 2168 775 2207 estfieri,
797 2172 832 2199 ut
847 2179 866 2199 a
889 2179 935 2199 me
958 2170 1084 2200 ludatur
1109 2169 1210 2200 dolis?
1254 2169 1300 2199 Et
1326 2169 1359 2199 in
1383 2168 1450 2200 Ms.
1476 2169 1568 2208 Lips.
1593 2173 1648 2199 est
1668 2171 1723 2208 pat
1739 2168 1772 2198 i.-

320 2208 410 2237 unde
427 2209 508 2239 licet
525 2209 703 2249 suspicari,
725 2210 763 2240 τὸ
777 2221 794 2240 r
809 2220 884 2242 esse
899 2221 1044 2243 erasum.
1091 2213 1214 2252 Neque
1231 2210 1346 2251 probis
1363 2211 1446 2241 Mss.
1468 2220 1579 2250 neque
1601 2210 1773 2250 impressis

320 2250 555 2281 vetustissimis
573 2251 686 2282 Libris
703 2258 795 2283 caret
815 2253 930 2293 lectio,
952 2264 1052 2294 quam
1069 2254 1234 2292 exhibe03
1258 2253 1479 2294 firmaturque
1505 2253 1634 2284 Donati
1657 2256 1773 2283 aucto-

320 2291 436 2323 ritate.
482 2294 567 2334 Eug.
583 2300 695 2324 tamen
710 2296 797 2335 patri
812 2296 907 2336 legit.
953 2297 1003 2327 M.
1026 2307 1101 2328 cum
1129 2296 1230 2328 editis
1256 2295 1455 2337 quibusdam
1483 2295 1648 2336 antiquis:
1672 2294 1772 2336 [Arg.

322 2336 416 2365 1496.
445 2337 640 2367 nominatim
666 2344 830 2369 memorat
855 2338 951 2379 Bip.]
976 2340 1066 2375 Quod
1092 2339 1144 2379 qui
1169 2339 1341 2373 rescierint,
1365 2339 1485 2378 culpent
1509 2339 1601 2377 nulli,
1621 2338 1673 2369 sed
1694 2338 1773 2369 illud

315 2376 437 2413 factum
452 2379 560 2410 merito
574 2389 675 2410 omnes
688 2383 806 2420 putent.
851 2381 1034 2413 Postrema
1049 2382 1151 2413 etiam
1168 2382 1201 2412 in
1228 2381 1359 2412 duobus
1383 2381 1472 2412 Pan.
1496 2381 1653 2421 reperiri,
1677 2380 1773 2412 testis

975 2455 1115 2487 NOTAE

366 2518 407 2546 89
432 2516 544 2546 lsthoec
567 2517 599 2547 in
624 2527 671 2547 me
693 2520 824 2550 cudetur
837 2518 933 2560 faba]
975 2519 1018 2551 Id
1074 2520 1178 2553 tibus.

322 2570 387 2604 est,
410 2565 584 2597 tundetur.
631 2567 717 2598 Nam
744 2569 871 2601 cudere
895 2575 948 2602 est
972 2569 1019 2601 fe·
1116 2573 1156 2601 95
1183 2570 1274 2605 Quod
1288 2569 1341 2610 qui
1353 2568 1526 2608 rescierint,
1540 2566 1676 2609 culpent]
1701 2567 1772 2609 Hy-

324 2617 403 2646 rire.
450 2614 535 2646 Cndi
555 2617 698 2656 pecunia
715 2618 852 2658 dicitur,
868 2630 943 2651 cum
957 2621 1021 2661 sig·
1075 2621 1228 2662 pophora
1240 2619 1312 2651 sive
1328 2619 1486 2660 objectio.

325 2674 403 2697 num
428 2665 600 2707 Principis
621 2668 675 2698 vel
697 2668 794 2709 Reip.
813 2671 843 2700 ei
861 2670 1022 2711 imprimi·
1119 2670 1202 2701 Illud
1228 2670 1340 2701 merito
1362 2669 1485 2708 sactum
1511 2678 1612 2700 omnes
1643 2668 1772 2708 putent]

328 2721 393 2747 tur.
439 2717 573 2747 endere
597 2716 710 2748 fabam
729 2722 781 2750 est
802 2720 1021 2759 proverbium
1076 2720 1360 2760 Anthypopliora,
1374 2720 1444 2750 sive
1466 2717 1644 2759 replicatio
1660 2717 1702 2748 ad
1716 2717 1774 2749 ob-⁴

325 2775 346 2797 a
363 2767 497 2798 rusticis
521 2765 615 2798 fabas
631 2767 663 2798 in
680 2778 758 2800 urea
774 2768 862 2802 fuste
877 2771 1022 2803 tunden-
1072 2770 1271 2810 jectionem.
