1945 3296
307 232 363 273 54
758 241 939 272 vrcroR
974 241 1037 271 DE
1070 241 1324 271 commoni.

310 336 492 374 Celebres
513 337 615 374 enim
635 342 746 374 erant
762 342 800 373 et
819 334 1032 373 Plroenieiae
1052 334 1172 372 literae
1193 334 1366 372 nondum
1384 334 1534 372 Graecis
1565 333 1762 372 sexdecim
1805 340 1807 342 ’

310 413 334 439 a
352 400 563 438 Palamede
585 400 743 450 Nauplii
762 400 840 437 filio
860 398 1111 449 configuratis
1130 411 1138 436 ε
1170 411 1215 436 ac
1246 398 1399 450 plurimi
1430 398 1560 436 studia
1589 398 1763 449 poetices

309 464 578 502 habebantur:
611 464 849 514 proindeque
881 463 1076 513 sapientes
1109 462 1163 499 illi
1195 461 1362 500 numeris
1398 463 1526 499 omnia
1556 473 1766 512 compone-

309 528 429 565 bant:
460 541 548 578 quae
581 541 660 564 una
690 540 778 565 cum
810 526 945 565 ceteris
978 525 1083 575 apud
1115 531 1196 562 tum
1218 525 1420 576 AEgyptios
1451 524 1627 563 floruisse
1653 537 1766 563 nemo

310 592 410 629 bene
433 590 572 628 doetus
594 590 792 628 dubitarit.
838 589 928 627 Non
949 588 1157 626 defuerunt
1172 588 1301 634 etiam,
1324 589 1388 638 qui
1409 588 1641 626 Fabularum
1661 587 1770 625 initia

313 654 454 692 Siculis
485 654 768 704 adjudicarent,
803 652 1129 703 quemadmodum
1165 652 1395 689 Aristoteles
1427 652 1465 689 in
1499 651 1668 690 Poe'ticis
1701 651 1768 696 ait,

314 719 496 768 quoniam
519 717 777 769 Epicharmus
800 716 1047 754 Comicorum
1075 716 1365 765 antiquissimus
1396 717 1513 766 po'eta
1544 715 1647 753 illinc
1667 721 1772 753 esset

315 781 516 819 oriundus.
575 781 843 832 Syracusanus
864 779 966 818 enim
986 792 1116 817 revera
1144 780 1228 824 fuit,
1261 779 1515 830 duplicesque
1543 779 1770 818 Graecorum

314 844 445 882 literas
479 846 504 885 Ξ
534 849 553 890 ξ
577 862 605 896 χ
633 844 779 895 primus
812 843 981 881 omnium
1013 844 1262 894 excogitavit,
1295 844 1396 881 sicut
1416 843 1454 880 in
1477 843 1621 882 Iliados
1642 842 1772 894 Alpha

319 907 606 946 Grammaticus
628 908 802 945 Joannes
823 907 954 944 solerti
974 906 1029 944 vir
1049 907 1206 957 ingenio
1221 919 1372 944 mecum
1390 906 1527 943 sentit:
1547 905 1612 943 ubi
1631 905 1771 956 longas

318 988 341 1016 η
361 979 400 1009 et
419 988 445 1008 ω
465 985 532 1022 per
553 971 792 1008 Simonidem
823 972 979 1021 poetam
1015 972 1054 1008 in
1087 971 1216 1008 insula
1249 970 1347 1008 Chio
1380 976 1514 1007 natum
1535 969 1667 1007 scribit
1685 982 1773 1007 esse

317 1034 519 1080 formatas,
548 1035 881 1086 aspiratarumque
911 1034 1154 1072 characteres
1184 1037 1205 1072 θ
1236 1041 1260 1085 φ
1289 1051 1318 1085 χ
1349 1033 1500 1070 Cadmo
1530 1033 1596 1070 illo
1618 1033 1774 1071 Milesio

320 1104 486 1135 testatur
505 1098 654 1136 effictos
673 1111 682 1135 z
714 1098 805 1136 licet
829 1098 913 1136 haec
935 1098 1086 1135 Plinius
1107 1097 1429 1148 quinquagesimo
1451 1104 1561 1134 sexto
1579 1096 1665 1134 libri
1686 1095 1774 1148 sep-

320 1161 402 1199 timi
434 1162 559 1212 capite
592 1162 709 1213 longe
741 1162 851 1199 aliter
886 1162 1041 1199 tradat:
1071 1162 1144 1199 nisi
1178 1162 1226 1199 sit
1258 1175 1361 1199 error
1390 1162 1427 1198 in
1463 1161 1678 1207 codicibus,
1707 1169 1776 1199 aut

323 1224 453 1262 Graeci
473 1226 546 1276 ipsi
566 1239 641 1263 non
662 1226 756 1263 satis
778 1226 851 1263 sibi
872 1232 1066 1273 constent,
1096 1239 1194 1277 quos
1225 1225 1288 1263 ille
1314 1225 1559 1276 potissimum
1578 1226 1694 1263 fuerit
1714 1238 1776 1263 se-

323 1297 451 1328 cutus.
510 1290 639 1327 Satius
673 1296 801 1327 tamen
835 1290 997 1328 arbitror
1031 1290 1116 1328 haec
1147 1290 1339 1327 elementa
1359 1289 1515 1340 singula
1534 1289 1697 1340 singulis
1717 1289 1777 1326 in-

323 1354 546 1392 ventoribus
563 1353 775 1391 addixisse.
815 1353 872 1390 Ea
891 1353 1007 1403 igitur
1023 1354 1295 1404 aegrotantium
1314 1353 1463 1390 somnia
1484 1353 1776 1403 praetermittas:

326 1430 446 1454 unum
466 1417 540 1454 hoc
562 1417 688 1454 sciens
719 1417 767 1454 ab
795 1416 995 1467 AEschylo,
1027 1422 1066 1454 et
1097 1417 1162 1467 qui
1193 1429 1279 1454 eum
1311 1423 1469 1454 secutus
1499 1422 1571 1463 est,
1605 1416 1778 1463 Cratino,

328 1480 496 1518 Fabulas
527 1480 565 1517 in
598 1493 706 1517 suam
738 1483 900 1517 formam
932 1492 1018 1517 esse
1045 1480 1201 1518 tandem
1221 1480 1412 1518 redactas.
1470 1479 1668 1531 Siquidem
1688 1488 1779 1519 ante

328 1544 501 1583 devictos
522 1544 664 1582 Persas
686 1544 736 1581 ad
759 1544 971 1590 Salamina,
999 1544 1110 1594 cujus
1132 1544 1302 1582 victoriae
1335 1544 1536 1589 Fabulam,
1565 1557 1654 1595 quae
1674 1557 1780 1582 nunc

328 1615 448 1654 extat,
471 1607 679 1659 AEschylus
700 1608 822 1653 dedit,
843 1608 973 1645 nullus
994 1608 1031 1645 in
1052 1608 1097 1645 iis
1119 1608 1214 1646 ordo
1235 1615 1390 1659 poterat
1410 1608 1580 1658 reperiri.
1625 1609 1780 1646 Comoe-

328 1672 478 1711 diarum
507 1673 638 1722 itaque
668 1672 791 1723 prima
820 1673 968 1710 semina
1002 1672 1052 1710 ad
1087 1672 1291 1723 AEgyptios
1322 1673 1545 1718 reseramus,
1576 1672 1781 1710 formulam

329 1749 459 1774 earum
480 1743 519 1774 et
539 1737 714 1774 ordinem
736 1736 883 1774 Cratini
913 1737 1147 1787 temporibus
1181 1737 1434 1774 ascribentes.
1493 1735 1592 1786 styli
1611 1749 1699 1773 cum
1717 1749 1782 1774 ce-

329 1801 421 1839 teris
441 1800 641 1851 seripturis
661 1801 798 1838 eadem
829 1814 915 1838 esse
948 1800 1165 1839 differentia
1193 1801 1370 1843 videtum
1402 1801 1561 1850 antiqua
1580 1799 1683 1837 enim
1704 1799 1782 1837 Co-

331 1863 474 1901 moedia
494 1865 621 1914 gravis
642 1870 681 1901 et
701 1865 803 1901 elata
823 1878 976 1915 semper
997 1865 1155 1911 incedit,
1185 1878 1230 1903 ac
1250 1877 1531 1914 nonnunquam
1551 1863 1784 1901 obsoletiora

332 1927 511 1978 quaedam
529 1928 644 1965 verba
665 1934 857 1965 sectatur:
881 1936 920 1966 at
936 1935 1072 1966 contra
1091 1929 1281 1966 recentior
1301 1927 1546 1978 perspicuum
1568 1940 1784 1971 sermonem

334 1990 504 2037 affectat,
525 1997 659 2042 utpote
680 2005 768 2041 quae
790 1993 900 2030 novis
921 2005 964 2030 ac
986 1993 1226 2043 politioribus
1247 1998 1377 2029 utatur
1397 1991 1610 2030 atticismis.

390 2055 567 2091 Materiae
588 2067 676 2091 cum
704 2062 782 2093 tres
805 2068 891 2094 esse
912 2068 1025 2093 nemo
1046 2056 1220 2106 ambigat
1240 2055 1449 2101 sectiones,
1469 2054 1650 2104 quaedam
1672 2054 1787 2094 altius

335 2117 515 2156 videntur
542 2118 655 2156 nobis
686 2132 773 2157 esse
799 2120 1024 2171 repetenda.
1056 2138 1059 2142 ·
1081 2120 1155 2158 Per
1174 2119 1315 2157 Attieae
1335 2119 1441 2155 urbis
1461 2118 1698 2156 incrementa
1716 2132 1786 2170 po·

334 2181 526 2218 tissimum
547 2182 700 2232 vigente
720 2184 926 2232 republica,
947 2197 1035 2221 cum
1058 2183 1206 2221 scilicet
1225 2182 1354 2220 omnia
1386 2182 1519 2233 populi
1550 2182 1705 2220 arbitrio
1726 2196 1785 2221 re-

335 2251 530 2294 gerentur,
548 2247 689 2296 po'etae,
706 2246 771 2296 qui
795 2246 949 2284 Fabulis
965 2261 1122 2298 operam
1140 2247 1299 2292 dabant,
1318 2248 1365 2284 ab
1387 2245 1640 2285 insectatione
1660 2246 1787 2284 aliena

337 2308 477 2359 stylum
498 2309 652 2346 minime
672 2316 850 2359 poterant
869 2312 1085 2348 continere:
1118 2324 1185 2349 seu
1215 2311 1397 2361 quoniam
1419 2310 1536 2348 Attici
1560 2316 1697 2361 suapte
1718 2323 1786 2348 na-

337 2381 424 2411 tura
441 2374 658 2411 nasutiores
679 2388 764 2412 esse
784 2375 989 2413 dicuntur:
1021 2377 1100 2414 sive
1118 2376 1246 2428 potius
1268 2376 1373 2426 quod
1394 2375 1534 2426 plebeii
1556 2388 1708 2425 semper
1727 2375 1785 2412 in-

339 2444 430 2473 nato
451 2436 541 2474 odio
561 2438 741 2487 patricios
760 2446 1060 2489 prosequuntur.
1119 2439 1269 2476 Etenim
1297 2438 1527 2489 praepotenti
1555 2450 1698 2475 morem
1718 2450 1789 2489 po-

340 2500 431 2550 pulo
450 2507 642 2550 gerentes,
674 2508 713 2538 et
741 2501 892 2551 judices
923 2509 961 2540 et
986 2510 1170 2552 praetores
1193 2501 1410 2539 maledictis
1431 2501 1612 2538 insectari
1633 2501 1788 2540 minime

343 2563 599 2601 dubitabant:
632 2576 675 2600 ac
698 2564 816 2601 nihilo
839 2566 963 2602 secius
985 2566 1168 2616 privatos,
1200 2565 1231 2602 si
1262 2565 1348 2614 quis
1378 2565 1437 2602 vcl
1466 2577 1618 2611 avarus,
1638 2564 1698 2602 vel
1718 2565 1789 2602 im-

342 2639 461 2678 purus
483 2639 568 2663 esse
589 2626 779 2664 videretur
797 2641 805 2664 :
828 2629 1067 2678 maximeque
1088 2629 1251 2666 dabatur
1271 2628 1391 2673 laudi,
1413 2628 1443 2665 si
1464 2629 1579 2677 po'eta
1598 2627 1790 2678 quispiam

346 2703 366 2726 e
388 2701 505 2726 scena
535 2689 788 2739 gravioribus,
816 2703 859 2727 ac
891 2691 1003 2741 plene
1037 2692 1223 2728 censoriis
1250 2691 1375 2728 verbis
1403 2690 1441 2728 id
1472 2703 1593 2741 genus
1615 2691 1790 2730 homines

347 2753 463 2792 veluti
491 2752 631 2803 jaculis
658 2754 901 2793 confecisset„
960 2756 1044 2793 Hoc
1075 2767 1243 2805 namque
1276 2754 1384 2792 multi
1417 2754 1630 2792 domestico
1651 2756 1790 2806 probro
