1945 3296
692 238 754 268 Dr:
786 239 850 267 ΤΗ
864 237 1035 267 ΕΑῚἬΟ.
1532 229 1589 269 67

186 335 319 380 Lucra,
342 334 492 371 Graecis
513 333 614 383 pale,
636 333 694 370 vel
716 332 753 369 in
775 345 899 377 coeno,
922 333 982 369 vel
1013 345 1143 375 arena,
1171 331 1231 370 vel
1266 332 1421 382 pulvere
1444 334 1585 375 fiebat;

130 399 234 437 unde
254 399 465 435 luctatores
485 398 523 434 in
546 396 664 433 Ludis
686 396 902 447 GymniciS,
934 402 1001 433 aut
1021 395 1217 446 palaestra,
1240 396 1390 434 Graecis
1411 397 1586 446 palaestae

131 461 330 513 appellati.
388 461 418 497 Ii
441 460 637 503 luctaturi,
657 467 864 504 ceromate,
886 459 925 496 id
946 466 1019 505 est,
1040 459 1127 497 oleo
1147 467 1277 497 cerato
1298 460 1586 510 perfundeban—

130 535 216 564 tur:
246 525 365 570 unde,
387 524 453 574 qui
473 536 539 561 eos
561 524 777 573 ungebant,
797 523 1056 561 ceromatistae
1083 522 1188 560 dicti.
1247 523 1412 561 Pulvere
1433 536 1587 574 quoque

131 596 222 641 post
239 589 462 627 unctionem
485 588 822 638 inspergebantur,
843 593 886 624 ut
905 599 1069 638 corpora
1087 596 1280 625 ceromate
1302 593 1340 624 et
1366 587 1508 626 sudore
1529 589 1589 625 lu·

129 653 237 691 brica
263 659 418 690 mutuas
447 652 679 689 luctantium
711 651 987 702 prehensiones
1017 651 1291 690 admitterent:
1323 651 1425 690 unde
1454 660 1588 691 natum

131 716 389 768 proverbium,
415 720 425 737 ‘
443 716 539 754 citra
558 716 727 766 pulveris
748 716 923 761 tactum,’
945 716 993 753 de
1014 716 1073 761 iis,
1094 716 1159 766 qui
1180 715 1292 753 facile
1314 715 1460 766 aliquid
1484 729 1589 754 asse-

131 782 210 820 cuti
241 787 345 826 sunt,
376 787 416 818 et
447 781 544 818 citra
576 780 772 825 sudorem,
803 779 908 830 quod
937 787 977 817 et
1007 781 1102 818 citra
1123 779 1318 830 pulverem
1340 779 1417 817 dici
1449 786 1588 830 potest.

133 845 230 882 Eum
261 844 458 897 pulverem
481 844 611 882 Graeci
644 844 771 895 aphen
803 843 1001 882 dicebant.
1060 845 1166 882 Inter
1198 846 1409 882 luctatores
1431 844 1589 894 quidam

132 910 292 948 summis
312 910 412 946 inter
433 921 474 945 se
495 908 674 946 manibus
695 908 990 958 depugnabant,
1018 908 1124 945 nullo
1144 909 1349 959 complexu
1368 909 1562 946 haerentes
1582 922 1589 945 :

132 987 199 1012 eos
220 972 491 1011 acrochiristas
508 973 702 1010 vocabant
719 972 861 1010 Graeci.
897 972 974 1009 Alii
990 973 1158 1010 vicissim
1181 973 1368 1011 feriebant
1385 973 1593 1011 arrectaria

132 1037 436 1082 concertatione,
462 1036 536 1074 hoc
557 1043 629 1081 est,
651 1036 802 1081 arrecti,
823 1042 862 1073 et
882 1037 1039 1086 pulvere
1061 1037 1190 1081 obsiti,
1223 1037 1320 1074 alter
1340 1036 1501 1074 alterum
1522 1037 1592 1073 im-

132 1103 316 1153 petebant
335 1114 522 1153 procursu
543 1100 824 1151 calcitratuque
843 1114 852 1138 t
874 1100 1046 1138 calcibus
1069 1101 1185 1145 enim,
1206 1101 1361 1145 cubitis,
1381 1102 1591 1152 unguibuS‚

133 1178 212 1203 non
221 1165 338 1203 modo
350 1165 492 1217 pugnis
504 1165 725 1210 utebantur,
736 1165 920 1214 omnique
933 1164 1143 1214 impetendi
1157 1164 1501 1215 prehendendique
1511 1178 1593 1202 mo-

134 1230 204 1268 do:
227 1230 503 1282 pancratiastae
522 1229 660 1274 vocati,
674 1235 713 1266 et
728 1227 956 1279 pancration
973 1227 1194 1278 hujusmodi
1210 1229 1431 1265 certaminis
1453 1242 1592 1279 genus,

135 1308 182 1332 ex
202 1307 248 1332 eo
268 1294 375 1345 quod
396 1294 596 1331 advocatis
618 1293 797 1330 omnibus
818 1292 988 1343 corporis
1010 1292 1168 1338 viribus,
1190 1292 1440 1343 omniumque
1457 1306 1593 1331 nervo-

136 1371 220 1396 rum
241 1358 492 1395 contentione
513 1358 805 1407 transigeretur.

191 1422 267 1466 Qui
288 1422 398 1460 disco
419 1436 460 1460 se
481 1423 713 1460 exercebant
744 1421 915 1467 athletae,
946 1421 1137 1460 discoboli
1158 1422 1323 1467 Graecis,
1345 1422 1594 1473 appellaban-

136 1494 210 1534 tur,
230 1487 305 1524 hoc
325 1493 398 1531 est,
431 1486 583 1524 discum
616 1486 654 1522 in
691 1486 856 1524 sublime
881 1486 1117 1537 jaculantes.
1177 1488 1269 1525 Erat
1301 1494 1431 1525 autem
1460 1488 1593 1526 discus

137 1551 236 1602 lapis
255 1550 447 1588 rotundus
469 1563 515 1587 ac
536 1557 733 1600 pertusus,
754 1550 881 1599 inquit
899 1550 1143 1587 Ammonius.

191 1614 411 1665 Pugilatus‚
432 1628 546 1665 quern
568 1615 695 1652 Graeci
718 1627 887 1665 pygmen
909 1614 1173 1665 appellabant,
1200 1615 1371 1653 cestibus
1391 1616 1596 1653 exerceba-

137 1687 213 1726 tur,
235 1679 371 1731 quales
392 1693 416 1717 a
434 1679 611 1730 Virgilio,
641 1680 707 1717 lib.
731 1692 770 1716 v.
793 1679 1087 1717 describuntur:
1119 1680 1156 1716 in
1189 1692 1234 1717 eo
1265 1679 1332 1729 qui
1363 1680 1596 1717 exerceban-

137 1751 213 1790 tur,
234 1743 386 1794 pugiles
407 1743 567 1789 Latinis,
588 1743 737 1781 Graecis
759 1751 888 1795 pyctae
910 1744 1004 1781 dicti
1025 1752 1135 1781 sunt:
1158 1743 1264 1794 quod
1285 1756 1427 1781 nomen
1445 1743 1494 1780 ad
1518 1744 1598 1794 gal-

137 1808 311 1846 linaceos
331 1815 531 1858 pugnaces
552 1807 785 1845 translatum
805 1816 878 1846 est.

194 1871 455 1909 saltationum
475 1872 515 1909 in
538 1872 656 1909 Ludis
679 1872 882 1923 Gymnicis
904 1871 1026 1909 multa
1047 1883 1191 1922 genera
1209 1871 1377 1917 fuerunt,
1412 1870 1598 1921 quemad-

140 1935 298 1974 modum
330 1936 447 1974 docet
479 1937 688 1974 Lucianus.
747 1936 840 1974 Erat
868 1936 969 1973 enim
992 1935 1146 1973 saltatio
1166 1934 1386 1986 pyr1·hiclia‚
1408 1948 1429 1971 a
1450 1934 1599 1985 Pyrrho

139 2001 310 2048 inventa,
343 2013 366 2038 a
385 2014 462 2051 qua
482 2001 735 2053 pyrrhicharii
755 2008 794 2039 et
811 2000 1084 2052 pyrrhichistae
1106 2000 1222 2037 dicti:
1252 2013 1341 2049 quae
1364 1998 1500 2036 eadem
1522 1998 1599 2035 sal-

140 2064 236 2103 tatio
266 2065 435 2116 enoplia,
465 2065 506 2102 id
538 2073 612 2109 est,
644 2071 794 2102 armata
827 2065 1054 2102 dicebatur:
1090 2063 1196 2114 quod
1231 2063 1367 2100 armati
1398 2062 1599 2100 saltarent.

142 2129 236 2167 Erat
253 2130 411 2169 saltatio
431 2130 587 2168 Cordax
607 2131 806 2175 obscoena,
833 2137 871 2167 et
891 2129 1041 2166 comica
1058 2142 1067 2166 :
1097 2135 1136 2166 et
1156 2127 1232 2165 alia
1252 2127 1408 2165 saltatio
1430 2128 1598 2172 satirica,

143 2206 231 2243 quae
262 2193 431 2231 Sicinnis
465 2193 682 2232 dicebatur.
741 2193 830 2230 Fuit
863 2194 953 2231 item
984 2191 1160 2230 emmelia
1191 2192 1361 2237 saltatio,
1393 2198 1533 2242 pacata
1564 2199 1603 2228 et

143 2256 323 2295 honesta.
381 2258 459 2301 Qui
478 2271 569 2295 vero
589 2258 713 2295 saltus
734 2257 962 2308 pernicitate
982 2256 1275 2294 contendebant
1305 2257 1343 2293 in
1374 2256 1604 2306 gymnasiis,

143 2320 278 2359 baltici
299 2336 321 2360 a
341 2321 491 2360 Graecis
512 2322 762 2364 dicebantur;
794 2320 860 2372 qui
880 2327 1009 2358 autem
1030 2321 1212 2366 halmate,
1243 2320 1282 2357 id
1304 2327 1376 2364 est,
1398 2320 1499 2357 saltu
1520 2333 1603 2358 cer-

145 2386 295 2431 tabant,
325 2386 430 2437 apud
463 2387 645 2437 antiquos
677 2387 887 2425 utebantur
915 2385 1155 2423 halteribus:
1187 2385 1243 2423 sic
1275 2385 1377 2422 enim
1409 2386 1606 2423 vocabant

145 2451 347 2503 plumbeas
377 2451 491 2503 pilas,
519 2452 777 2498 massulasve,
808 2450 948 2501 quibus
978 2457 1142 2500 utraque
1173 2463 1289 2487 manu
1324 2463 1365 2487 se
1393 2449 1605 2493 librabant,

147 2522 192 2553 ut
210 2516 352 2554 certius
373 2516 580 2554 assilirent.
640 2515 893 2553 Chironomia
913 2528 1069 2566 quoque
1089 2520 1172 2552 erat
1200 2514 1358 2552 saltatio
1392 2513 1604 2564 gesticula-

147 2580 236 2626 trix,
257 2580 383 2632 qualis
404 2588 477 2626 est,
498 2594 615 2632 quam
637 2581 854 2619 Mauricam
871 2593 1081 2619 vocamus:
1111 2579 1216 2617 unde
1236 2578 1450 2617 chironomi
1471 2578 1605 2629 hujus-

149 2645 255 2682 modi
275 2645 571 2696 gesticulatores
591 2645 698 2683 dicti.

205 2709 412 2748 Circenses
435 2709 530 2747 Ludi
549 2709 763 2747 certamina
788 2716 898 2746 erant
927 2707 1089 2753 curulia,
1124 2719 1212 2758 quae
1246 2707 1283 2743 in
1315 2706 1418 2744 circo
1438 2705 1605 2744 fiebant:

153 2773 218 2824 qui
240 2773 349 2812 locus
371 2780 454 2812 erat
473 2780 590 2812 ovata
613 2774 743 2824 specie
774 2778 1036 2817 constructus,
1068 2770 1343 2820 undecumque
1375 2768 1607 2820 spectaculis
