1903 3306
246 217 498 250 RicARDUS
532 215 813 249 BENTLEIUS
849 216 911 246 DE
945 215 1381 247 METRIS'PERENT.
1457 206 1542 248 235

97 316 253 368 quidem
272 315 381 354 locus
402 324 479 351 non
498 324 635 364 parum
661 316 867 361 suspectus
897 315 971 354 est,
1003 321 1093 347 cum
1121 308 1159 346 in
1180 308 1295 346 nullis
1316 308 1399 346 aliis
1420 310 1541 348 titulis

98 380 202 418 tibiae
218 378 372 430 proprio
391 376 545 415 nomine
564 374 843 426 indigitentur3
864 373 1039 424 quamvis
1059 371 1216 410 dextras
1244 372 1387 424 Lydias
1408 373 1541 418 fuisse,

94 446 259 495 impares
282 454 372 481 vero
392 439 595 492 Phrygias,
622 445 712 490 post
733 439 931 476 Donatum
965 436 1105 475 eruditi
1137 436 1216 474 fere
1244 449 1378 474 omncs
1413 436 1543 474 existi—

97 514 228 546 ment:
259 505 330 545 sed
347 511 454 543 utut
471 503 547 542 hoc
565 503 628 550 sit,
662 504 695 541 si
726 516 798 541 nec
829 502 918 540 duae
945 501 1105 547 dextrae,
1135 513 1207 538 nec
1239 498 1375 538 dextra
1408 500 1542 545 altera,

98 572 220 612 altera
238 571 395 610 sinistra
411 569 565 615 fuerint,
587 581 747 606 necesse
767 574 828 606 est
846 567 966 606 fuisse
986 565 1084 604 duas
1105 564 1303 608 sinistram
1330 577 1428 615 quas
1446 565 1544 603 forte

97 635 236 675 ominis
254 647 376 674 causa
395 634 582 671 Sarranas
602 644 718 682 quam
735 630 911 668 sinistras
933 630 1060 668 dicere
1080 629 1312 666 maluerunt.

150 701 280 751 Atque
307 698 394 737 haec
426 696 475 735 de
507 695 758 735 vexatissima
793 694 1012 746 quaestione
1045 692 1191 731 dixisse
1224 690 1405 738 sufficiat,
1443 704 1544 737 curn,

96 775 221 815 pauca
237 762 342 807 licet,
363 773 384 799 e
403 761 517 799 rebus
535 765 664 797 tamen
683 758 777 810 ipsis
798 759 920 809 petita
936 758 1026 804 sint,
1044 762 1083 795 et
1101 755 1263 808 proinde
1283 768 1386 800 vera,
1408 763 1447 793 et
1466 756 1544 801 illa,

97 840 185 878 quae
218 825 268 863 de
297 824 401 863 tibiis
439 823 479 861 in
516 822 641 861 titulis
678 822 872 867 dicuntur,
911 821 1006 859 satis
1045 819 1253 870 explicent.
1308 819 1408 857 Tota
1443 819 1544 856 enim

97 889 262 941 quaestio
281 888 434 927 curiosa
453 886 591 938 magis,
611 898 727 938 quam
749 885 866 932 utilis,
893 878 966 924 nec
986 884 1034 922 ad
1058 884 1225 922 Fabulas
1245 881 1382 920 melius
1401 882 1546 920 intelli-

98 953 248 1004 gendas
275 952 482 1003 quicquam
508 950 680 1001 adjuvat,
709 962 798 987 cum
819 948 968 988 eaedem
989 946 1148 986 Fabulae
1169 946 1329 984 diversis
1349 946 1465 992 tibiis,
1486 945 1545 982 di-

96 1029 220 1055 versae
249 1028 340 1054 vero
369 1013 517 1054 eisdem
551 1019 765 1065 agerentur.
824 1013 885 1051 De
916 1012 1019 1051 tibiis
1050 1011 1165 1062 igitur
1196 1010 1260 1061 qui
1292 1010 1404 1061 plura
1440 1009 1546 1055 velit,

98 1080 215 1118 adeat
233 1078 315 1118 Jul.
334 1078 590 1129 Scaligerum,
612 1077 859 1123 Salmasium,
881 1077 933 1115 Is.
953 1075 1163 1118 Vossium;
1199 1087 1278 1126 prae
1298 1073 1435 1112 ceteris
1455 1085 1546 1110 vero

99 1145 146 1182 C.
167 1142 450 1189 Bartholinum‚
479 1141 546 1192 qui
577 1140 626 1181 de
656 1154 788 1180 earum
819 1141 1004 1188 materiis,
1033 1139 1180 1185 formis,
1209 1138 1358 1185 usibus,
1388 1137 1546 1189 copiose

98 1215 215 1259 atque
234 1205 384 1246 erudite
403 1205 572 1257 scripsit.

519 1482 792 1526 RICARDI
822 1482 1126 1525 BENTLEII

390 1606 474 1649 DE
522 1605 760 1648 METRIS
810 1605 1185 1648 TERENTIAN
1194 1605 1248 1646 IS

663 1727 978 1758 ΣΧΕΔΙΑΣΜΑ.

545 1847 696 1897 ”Αρσις,
715 1846 840 1892 Oet—cns,
860 1851 899 1885 et
915 1845 1085 1884 Διποὸία.

98 1933 315 1971 [Amemus
335 1944 470 1970 versus
492 1945 672 1970 senorum
692 1931 836 1983 pedum
860 1931 1008 1969 Latinis
1027 1930 1218 1969 veteribus
1241 1930 1413 1968 senarius
1434 1941 1548 1968 voca-

96 1998 222 2046 batur,
251 2010 274 2036 a
293 1996 436 2049 pedum
456 2003 495 2035 et
513 1996 659 2035 ictuum
678 2008 853 2034 numero.
909 1994 1109 2041 Horatius,
1128 1995 1212 2032 Art.
1233 1993 1343 2031 Poe't.
1365 1995 1457 2032 251.

256 2081 420 2134 Syllaba
439 2081 559 2133 longa
577 2080 684 2120 brevi
705 2080 882 2131 subjecta
900 2085 1061 2118 vocatur
1081 2079 1251 2124 Iambus,

256 2145 332 2184 Pes
353 2146 478 2185 citus:
507 2144 612 2183 unde
632 2145 748 2184 etiam
768 2144 961 2183 Trimetris
982 2156 1202 2182 accrescere
1215 2142 1337 2194 jussit

257 2208 411 2247 Nomen
429 2209 605 2255 iambeis‚
624 2221 712 2246 cum
733 2220 848 2246 senos
867 2207 1048 2246 redderet
1064 2207 1164 2245 ictus

256 2272 411 2311 Primus
432 2272 483 2311 ad
500 2279 714 2310 extremum
733 2271 866 2309 similis
886 2271 971 2309 sibi.

97 2354 188 2401 Sex,
217 2353 355 2405 inquit,
387 2352 509 2391 habet
527 2353 628 2391 ictus
648 2365 781 2391 versus
803 2352 1001 2395 senarius;
1032 2357 1071 2388 et
1089 2356 1217 2388 tamen
1237 2349 1446 2388 Trimetrus
1466 2350 1548 2389 sive

95 2417 302 2456 Ternarius
322 2415 472 2456 Graecis
496 2422 677 2460 vocatum
706 2415 819 2466 quasi
852 2422 931 2454 tres
964 2419 1115 2453 tantum
1148 2414 1249 2451 ictus
1278 2413 1469 2461 redderet,
1498 2416 1548 2452 ob

95 2480 208 2532 pedis
224 2481 475 2528 celeritatem,
493 2482 709 2532 praesertim
730 2492 819 2518 cum
838 2484 945 2517 totus
965 2478 1103 2516 iambis
1122 2477 1229 2528 puris
1250 2477 1427 2516 decurrit.
1475 2478 1547 2516 La-

93 2545 166 2584 tini
197 2545 314 2596 igitur
343 2558 413 2597 per
442 2543 683 2596 μονοποὸίαν,
702 2543 879 2595 singulos
898 2542 1035 2596 pedes,
1054 2541 1128 2580 hos
1147 2554 1281 2581 versus
1299 2541 1547 2584 dividebant;

97 2609 226 2648 Graeci
245 2622 314 2662 per
332 2608 519 2656 διποὸίαν,
552 2622 620 2647 seu
647 2608 881 2660 geminatos.
937 2606 1050 2653 Inde,
1081 2605 1147 2657 qui
1167 2605 1316 2644 Graeeis
1335 2613 1395 2644 est
1413 2606 1549 2644 Tetra-

94 2680 256 2720 metruS,
273 2673 437 2711 Varroni
458 2686 480 2711 a
499 2672 643 2724 pedum
664 2685 824 2710 numero
844 2678 904 2710 est
927 2670 1176 2709 Octonarius.
1230 2670 1255 2708 J
1260 2670 1335 2708 uba
1355 2683 1421 2707 rex
1441 2668 1547 2721 apud

97 2735 280 2777 Rufinum
298 2735 348 2775 de
367 2736 519 2785 Mettis,
537 2749 578 2789 p.
598 2737 717 2774 2712.
746 2740 756 2757 ‘
775 2734 891 2780 Quod
911 2741 1041 2774 autem
1068 2734 1168 2773 binis
1201 2733 1378 2785 pedibus,
1411 2740 1450 2771 et
1469 2745 1545 2771 non
