1903 3306
410 251 472 282 DE
508 252 727 281 RATIONE
763 251 917 280 Mu'i'ssl
953 251 1286 282 TERENTMNI.
1491 243 1573 284 20[

124 358 220 391 rum,
240 346 304 382 ubi
334 350 418 383 tota
436 357 496 382 res
528 345 723 383 fusissime
753 344 981 395 explicatur,
1014 352 1053 382 et
1083 344 1294 382 innumeris
1328 346 1577 384 confirmatur

124 409 321 460 exemplis.
396 409 447 446 Et
480 416 598 455 certe,
633 410 664 447 si
700 408 749 446 ad
783 409 886 447 hanc
923 408 1139 447 liberiorem
1172 416 1343 446 veterum
1373 410 1573 458 poetarum

124 486 296 510 normam
319 473 386 510 viri
406 473 562 524 ingenio
583 481 622 511 et
651 473 828 511 doctrina
849 471 1124 523 spectatissimi
1151 472 1362 509 Goveanus
1384 480 1422 509 et
1444 473 1575 509 Mure-

124 543 187 574 tus
214 536 310 574 satis
344 536 619 581 attendissent,
651 536 756 573 haud
779 543 928 574 tanturn
950 536 1023 573 sibi
1056 536 1093 572 in
1123 535 1364 574 immutando
1394 536 1576 574 Terentio

123 599 333 646 licentiam,
366 606 502 638 contra
526 600 760 651 optimorum
791 599 970 637 codicum
1003 599 1288 645 auctoritatem,
1318 606 1463 637 temere
1483 599 1576 637 arri-

123 663 317 713 puissent.
374 663 467 710 Sed,
488 663 581 702 dum
600 664 730 702 omnia
755 663 805 702 ad
836 664 1044 703 hodiernas
1066 664 1175 702 metri
1194 663 1396 714 Virgiliani
1418 663 1574 714 regulas

124 739 261 778 cogere
292 726 539 775 studuerunt,
559 729 764 767 verborum
785 728 957 767 ordinem
990 730 1192 774 invertere,
1213 741 1329 766 voces
1351 727 1576 765 minutiores

122 803 193 842 pro
210 790 321 829 libitu
341 791 484 830 addere
500 793 562 831 vel
583 792 799 840 detrahere,
820 806 953 831 versus
978 806 1083 831 nunc
1114 793 1203 839 hoc,
1237 805 1340 830 nunc
1361 791 1437 829 alio
1457 793 1575 829 modo

125 866 256 893 secare
275 868 353 892 non
389 863 481 894 sunt
500 856 606 894 veriti
626 869 635 899 ;
667 856 765 894 adeo
799 864 842 895 ut
861 856 1058 894 nonnullis
1086 856 1123 894 in
1154 856 1249 895 locis
1270 869 1342 894 sua
1366 855 1482 907 plane
1502 856 1577 893 Te-

123 918 248 955 rentio
268 925 456 957 venustas
476 920 638 970 periisse
659 919 836 958 videatur
854 933 863 958 :
894 921 980 971 quis
1001 920 1103 958 enirn
1129 920 1233 959 hunc
1252 921 1454 959 verborum
1475 919 1577 957 ordi-

123 993 212 1019 nem
232 982 464 1021 Terentiana
483 983 678 1035 elegantia
698 983 860 1035 dignum
882 983 1012 1022 dicet?

231 1068 378 1106 Omnes
399 1067 436 1106 in
457 1069 565 1108 lauta
584 1076 621 1108 te
641 1076 680 1109 et
697 1070 797 1108 bene
817 1076 926 1121 parte
948 1077 1064 1109 aucta
1083 1078 1236 1122 putant.

125 1153 262 1206 Neque
283 1155 332 1193 ab
351 1155 561 1207 exemplari
581 1156 802 1194 Muretiano
823 1156 917 1193 satis
939 1155 1011 1193 sibi
1032 1157 1181 1195 cavisse
1201 1155 1353 1194 videtur
1374 1154 1434 1193 Cl.
1455 1154 1577 1192 Hein-

124 1218 204 1256 sius
223 1231 232 1257 :
262 1219 341 1270 qui,
362 1232 586 1270 quanquam
606 1220 781 1271 plurimis
802 1220 840 1257 in
861 1220 958 1258 locis
980 1220 1273 1258 emendationes
1302 1219 1439 1257 Faerni
1469 1232 1488 1257 e
1510 1219 1579 1257 lib.

125 1281 261 1319 Bemb.
283 1291 438 1322 secutus
460 1284 524 1331 sit,
555 1284 728 1322 ordinem
757 1292 887 1322 tamen
909 1285 1111 1322 verborum
1142 1299 1165 1323 a
1198 1284 1352 1322 Mureto
1383 1284 1577 1321 turbatum

123 1344 180 1383 ita
201 1358 305 1396 saepe
326 1359 403 1384 non
435 1347 671 1393 emendavit,
702 1355 759 1394 ut,
794 1354 957 1398 utraque
991 1348 1105 1386 simul
1138 1348 1310 1386 admissa
1328 1349 1509 1393 lectione,
1531 1359 1579 1384 ne

124 1415 290 1446 metrum
311 1409 467 1459 quidem
497 1410 625 1460 ipsum
645 1417 826 1448 constet:
857 1410 962 1462 quod
993 1424 1040 1450 ne
1059 1418 1202 1450 temere
1224 1412 1369 1450 dictum
1389 1411 1579 1457 videatur,

123 1484 244 1508 unum
264 1478 332 1509 aut
350 1472 513 1511 alterum
533 1473 753 1525 exemplum
774 1487 983 1526 apponam.
1041 1474 1185 1514 Heaut.
1208 1489 1250 1514 v.
1269 1479 1307 1514 4.
1333 1477 1394 1514 12.
1414 1475 1505 1513 olim
1526 1475 1580 1512 ita

125 1533 352 1586 legebatur:

233 1610 324 1648 Non
342 1616 435 1649 sunt
455 1611 632 1663 haecjam
646 1614 829 1663 parentis
849 1613 955 1659 dicta
970 1626 983 1650 .·
1011 1626 1089 1652 non
1109 1615 1144 1651 εἰ
1163 1626 1206 1652 ex
1226 1615 1351 1664 cupite
1370 1615 1423 1651 sis
1443 1627 1520 1651 meo
1536 1627 1548 1650 :

126 1695 191 1746 qui
212 1708 358 1743 versus,
379 1710 467 1735 curn
499 1696 688 1735 iambicus
718 1698 818 1736 inter
847 1698 1066 1737 trochaicos
1099 1698 1254 1736 Mureto
1286 1697 1469 1736 ferendus
1501 1710 1579 1735 non

125 1759 332 1807 videretur,
353 1760 408 1798 ita
427 1761 476 1798 ab
496 1761 564 1799 illo
584 1768 644 1800 est
663 1768 834 1800 mutatus
852 1775 861 1800 ι

233 1847 323 1885 Non
342 1852 435 1885 sunt
456 1847 538 1886 haec
546 1850 636 1898 jam
656 1848 761 1887 dicta
776 1850 979 1899 parentis:
1009 1861 1086 1886 non
1106 1850 1140 1887 si
1159 1861 1203 1887 ex
1222 1850 1348 1900 capite
1366 1851 1419 1887 sis
1437 1861 1515 1887 meo
1529 1862 1541 1885 :

127 1944 216 1969 cum
237 1938 491 1971 autem-recte
511 1942 689 1972 moneret
709 1934 882 1972 Fa'elrnus
897 1934 1072 1973 voculam
1084 1938 1172 1985 J’am
1193 1935 1229 1972 in
1248 1935 1428 1972 omnibus
1447 1934 1584 1972 deesse

127 1995 227 2033 Mss.
258 1995 314 2033 sic
352 1996 490 2035 melius
529 2004 709 2036 constare
748 1998 1020 2042 trochaicum;
1070 1998 1229 2038 sustulit
1266 2012 1352 2037 eam
1382 1998 1584 2042 Heinsius,

127 2058 198 2097 sed
227 2059 402 2097 ordinem
431 2062 634 2100 verborum
670 2063 917 2113 sequentium
956 2063 1061 2101 dicta
1089 2064 1271 2113 parentis
1299 2076 1376 2100 non
1407 2063 1584 2101 animad-

126 2121 254 2169 vertit,
287 2124 352 2174 qui
386 2123 440 2162 ita
467 2137 594 2176 neque
623 2126 812 2163 iambicus
842 2139 969 2176 neque
999 2126 1220 2164 trochaicus
1243 2126 1325 2172 erit,
1355 2126 1429 2164 nisi
1458 2127 1583 2178 legas,

128 2192 171 2223 ut
189 2186 295 2232 olim,
317 2189 501 2238 parentis
527 2188 648 2227 dicta.
718 2189 781 2227 Sic
810 2189 981 2240 Adelph.
1016 2202 1057 2228 v.
1088 2191 1125 2228 2.
1160 2192 1219 2228 14.
1250 2203 1336 2228 cum
1359 2190 1450 2229 olim
1478 2191 1584 2242 lege-

128 2255 259 2288 retur:

232 2322 330 2362 Alia
349 2337 467 2363 cura.-
490 2337 612 2376 porro
631 2331 756 2364 autem
778 2327 868 2366 dum
888 2327 1023 2366 studeo
1044 2328 1126 2367 illis
1143 2333 1185 2367 uc
1207 2342 1318 2380 quam
1333 2329 1544 2381 plurimum
1559 2346 1573 2376 ;

129 2413 310 2454 Muretus
332 2418 393 2467 (ut
411 2424 610 2456 constaret
628 2418 867 2467 trochaicus)
886 2419 940 2457 ita
958 2420 1112 2458 invertit
1128 2433 1137 2457 z

239 2491 335 2529 Alia
354 2504 448 2530 cura
461 2505 474 2530 .·
496 2505 621 2543 porro
641 2499 768 2532 autem
788 2494 870 2532 illis
889 2493 979 2533 dum
998 2495 1131 2534 studeo
1150 2500 1195 2533 ut
1213 2508 1249 2546 q.
1264 2509 1308 2546 p.

183 2576 360 2615 Fa'ernus
381 2590 403 2615 e
425 2577 524 2616 Mss.
547 2591 617 2629 pro
643 2592 768 2630 porro
789 2580 954 2617 restituit
982 2579 1080 2627 heia,
1110 2580 1216 2631 quod
1236 2588 1274 2619 et
1300 2594 1453 2619 versum
1475 2590 1588 2620 sanat

129 2640 278 2691 absque
297 2641 372 2679 ista
391 2642 624 2681 inversione.
681 2643 868 2682 Heinsius
889 2650 1019 2682 autem
1045 2644 1220 2683 admissa
1239 2657 1348 2691 voce,
1374 2646 1475 2692 heia,
1495 2646 1587 2683 dum

131 2704 377 2754 sequentium
395 2708 601 2745 verborum
635 2707 810 2746 ordinem
833 2708 1036 2759 antiquum
1064 2709 1266 2747 restituere
1286 2709 1474 2760 neglexit,
1502 2722 1586 2746 vcr-

132 2779 216 2805 sum
235 2780 394 2819 prorsus
415 2771 601 2823 corrupit.
658 2771 805 2811 Eodem
837 2772 953 2811 modo
975 2773 1007 2811 si
1027 2772 1126 2811 inter
1145 2773 1304 2811 voculas
1325 2773 1437 2819 duas,
1472 2777 1584 2823 (quas
