1945 3296
446 231 685 261 NoMiNUM
721 230 1014 260 COMlCoRUM
1056 230 1219 260 RA'rro.
1472 221 1554 261 107

155 327 341 365 Pasibula
353 326 447 364 verti
459 331 600 376 potest,
615 325 806 362 Omnibus
827 324 1037 362 consulens
1054 337 1060 361 :
1079 331 1162 370 πᾶς,
1178 325 1316 371 omnis,
1330 326 1553 363 universus:

96 391 232 439 βουλὴ,
253 390 469 429 consilium.
528 389 621 440 Ejus
643 389 784 440 quippe
805 388 952 439 agnitio
973 388 1116 426 nemini
1136 401 1214 426 non
1235 389 1445 434 consuluit,
1470 402 1552 426 om-

95 456 202 494 nium
221 454 371 493 animos
392 453 537 503 alioqui
559 452 846 490 turbatissimos
867 451 1030 489 feliciter
1052 452 1323 503 tranquillans.
1381 452 1425 489 Id
1447 453 1551 502 quod

95 518 405 558 luculentissime
427 517 544 555 docet
563 516 677 567 hujus
700 515 914 553 Comoediae
939 515 1203 566 catastrophe.

151 583 397 628 Philumena,
427 582 472 619 In
503 593 633 618 amore
668 593 921 631 perseverans
956 592 1002 618 ac
1036 579 1264 629 persistens,
1320 580 1489 617 Manens
1516 581 1553 616 in

94 647 277 686 amicitia.
333 646 453 693 Φίλος,
474 646 619 684 amicus
637 659 645 682 :
674 649 789 695 μένω,
809 657 962 682 maneo.
1021 643 1275 683 Scribendum
1297 650 1426 682 autem
1447 650 1553 681 esset

94 711 338 758 Philomena,
371 710 546 749 secunda
566 717 605 748 et
624 709 736 748 tertia
755 709 935 747 brevibus
953 721 961 745 z
993 715 1032 746 at
1057 721 1178 746 causa
1198 705 1467 760 productionis
1489 721 1552 747 as-

94 775 212 813 sumit
232 792 253 813 υ
273 782 364 826 post
384 791 416 821 o,
448 781 492 812 ut
512 775 562 812 sit
580 773 849 824 diphthongus
870 790 924 819 ov,
951 786 1068 824 quam
1088 786 1159 810 nos
1180 773 1218 810 in
1240 786 1265 810 u
1283 772 1445 823 longum
1466 786 1552 810 ver-

92 839 222 886 timus,
254 838 429 877 dicentes
450 837 692 875 Philumena.
760 837 822 874 Sic
844 836 980 875 dicunt
994 837 1122 875 Graeci
1143 842 1285 882 νοῦσος,
1307 836 1461 888 οὔνομα,
1481 850 1550 888 pro

93 905 211 950 νόσος,
239 903 371 955 ὄνομα.
426 903 489 940 Sic
525 902 621 940 dixit
649 901 756 952 Virg.
793 906 804 922 ‘
823 901 977 952 Upilio‚’
1010 915 1092 952 pro,
1130 901 1273 952 Opilio.
1331 901 1417 939 Nisi
1450 900 1549 939 forte

92 969 176 1018 quis
196 968 305 1006 malit
324 967 465 1005 ducere
485 979 507 1004 a
527 967 642 1004 verbo
664 969 854 1016 φιλοῦμαι,
884 965 924 1004 id
952 973 1026 1010 est,
1057 966 1243 1004 concilior
1260 978 1268 1003 ε
1299 971 1342 1002 ut
1362 965 1412 1003 sit
1430 965 1549 1017 parti-

91 1032 231 1084 cipium
250 1034 504 1081 foemininum,
525 1032 636 1083 quasi
656 1030 875 1078 conciliata,
896 1031 957 1069 vel
979 1038 1120 1069 amata.

144 1096 319 1146 Chrysis,
349 1099 492 1135 Aurea.
548 1096 705 1146 Χρυσὸς,
739 1107 887 1133 aurum.
945 1094 1171 1147 Chrysides,
1203 1107 1331 1133 aureae
1364 1093 1546 1146 crepidae,

90 1160 150 1200 vel
180 1161 338 1212 phialae.
395 1167 404 1182 ⁶
421 1161 571 1199 Aureos
592 1173 718 1198 mores
733 1159 742 1174 '
771 1160 878 1210 apud
911 1160 1116 1198 Horatium
1137 1160 1235 1198 libro
1255 1166 1394 1210 quarto
1415 1160 1545 1197 Carm.

89 1225 163 1263 ode
185 1225 373 1272 secunda,
406 1232 648 1265 enarratores
674 1224 899 1276 intelligunt
924 1225 1047 1263 bonos
1070 1233 1108 1263 et
1130 1232 1302 1270 sanctos,
1334 1223 1547 1275 pulcherri-

87 1302 187 1336 mos,
215 1290 431 1340 elegantes,
464 1296 504 1327 et
537 1289 737 1335 amabiles,
768 1296 811 1327 ut
831 1289 936 1341 apud
956 1289 1094 1340 Virgil.
1115 1289 1212 1327 libro
1232 1298 1370 1327 octavo
1392 1287 1544 1324 AEneid.

89 1359 98 1373 ‘
113 1354 245 1392 Aurea
264 1354 435 1392 saecula.’
492 1354 542 1392 Et
561 1367 694 1392 rursus
716 1354 819 1405 apud
841 1353 1007 1392 eundem
1029 1354 1126 1393 libro
1148 1368 1191 1391 x.
1212 1360 1220 1375 ‘
1235 1354 1364 1391 Aurea
1384 1351 1547 1389 Venus.’

90 1417 170 1455 Erit
192 1418 308 1469 igitur
328 1418 504 1470 Chrysis,
526 1431 656 1465 aurea,
678 1418 852 1469 elegans,
874 1418 1065 1455 amabilis.

140 1482 262 1530 Simo,
296 1482 491 1534 Pamphili
522 1489 645 1533 pater,
677 1495 796 1520 senex
816 1495 914 1519 naso
935 1482 1032 1519 simo
1051 1488 1090 1519 et
1109 1493 1258 1533 presso,
1282 1493 1305 1518 a
1325 1480 1454 1531 specie
1475 1493 1544 1517 no-

86 1560 174 1586 men
194 1547 325 1594 habet,
345 1547 452 1598 quod
469 1547 554 1584 simi
575 1553 666 1585 sunt
686 1545 862 1584 iracundi
883 1553 921 1583 et
941 1545 1083 1583 biliosi.

140 1611 384 1663 Pamphilus,
405 1610 653 1656 adolescens,
675 1623 698 1648 a
717 1609 823 1648 fideli
843 1622 986 1647 amore.
1043 1609 1165 1647 Totus
1189 1619 1339 1655 amans,
1366 1607 1427 1645 vel
1449 1607 1544 1645 Om-

86 1676 200 1715 nibus
221 1676 384 1715 amicus.
439 1675 536 1722 Πᾶς,
557 1682 677 1721 totuS‚
699 1675 823 1713 omnis
843 1688 850 1712 :
881 1677 1000 1727 φίλος,
1022 1673 1182 1712 amicus.

137 1741 288 1788 Davus,
309 1754 458 1788 servus,
480 1754 503 1778 a
521 1740 674 1792 patria:
705 1747 749 1778 ut
767 1739 885 1790 paulo
907 1746 996 1777 ante
1017 1753 1065 1777 ex
1087 1739 1292 1776 Strabone.

139 1805 302 1852 Dromo,
323 1817 471 1850 servus,
491 1817 514 1842 a
535 1817 665 1842 cursu.
713 1803 865 1854 Δρόμος,
886 1816 1048 1841 cursus:
1071 1802 1255 1853 δρομαῖος,
1277 1801 1403 1839 velox.
1453 1801 1542 1840 Ser-

85 1881 218 1906 vorum
239 1874 312 1915 est,
333 1868 516 1906 velociter
533 1880 700 1913 currere,
722 1880 799 1918 quo
816 1866 1006 1918 jusserint
1026 1866 1187 1904 domini.

137 1931 264 1977 Sosia,
283 1931 460 1978 libertus,
492 1930 607 1974 Quod
630 1931 680 1969 sit
707 1930 746 1968 in
763 1931 867 1969 bello
889 1937 1078 1969 servatus.
1138 1929 1250 1967 Unde
1273 1936 1312 1967 et
1331 1929 1451 1967 servis
1472 1943 1541 1967 no-

82 2008 172 2034 men
191 1995 371 2034 inditum.
427 1996 555 2041 Σὼἓω,
577 2008 702 2033 servo.

137 2059 345 2105 Charinus,
366 2059 611 2098 adolescens.
668 2060 730 2097 Ab
752 2059 869 2097 animi
888 2058 1176 2097 benevolentia.
1230 2057 1460 2108 Χαρίὲομαι,
1481 2057 1538 2094 fa-

82 2123 142 2161 cio
163 2133 287 2175 grata,
309 2124 518 2176 obsequor,
539 2132 578 2162 et
598 2124 827 2162 beneficium
850 2123 1094 2174 gratiamque
1112 2122 1284 2161 confero.

136 2187 311 2240 Byrrhia,
346 2201 492 2227 servus.
550 2189 580 2226 A
620 2189 759 2239 patria,
792 2188 920 2239 inquit
955 2187 1150 2225 Donatus.
1209 2188 1309 2225 Sunt
1328 2185 1395 2236 qui
1414 2185 1538 2236 Phry-

82 2253 186 2303 giam
204 2252 263 2290 his
285 2253 431 2290 Donati
451 2253 576 2291 verbis
595 2258 734 2304 putent
765 2252 887 2290 innui.
943 2251 1138 2303 Didymus
1172 2257 1276 2289 certe
1304 2249 1540 2288 existimavit

79 2315 335 2368 Aphroditem
356 2316 574 2368 nuncupari
594 2319 695 2367 παρὰ
712 2317 753 2355 τὸ
773 2315 894 2366 ἀβρὸν
913 2322 974 2361 τῆς
994 2315 1147 2362 διαίτης,
1168 2315 1244 2353 hoc
1264 2323 1336 2361 est,
1358 2327 1379 2352 a
1410 2314 1536 2351 molli-

78 2379 130 2417 tie
148 2379 253 2418 vitae.
311 2380 354 2418 B
372 2380 474 2418 enim
494 2387 664 2432 cognata
682 2379 835 2418 videtur
854 2379 976 2417 literae
997 2387 1021 2431 φ
1039 2392 1048 2417 :
1078 2391 1170 2416 nam
1197 2377 1433 2429 Philippum,
1468 2377 1538 2414 ali-

79 2443 146 2494 qui
176 2445 364 2483 Βίλιππον
384 2445 610 2496 appellant:
642 2445 744 2484 sicut
775 2444 969 2496 Phrygas,
1003 2444 1168 2495 Brygas.
1225 2443 1373 2496 Auctor
1392 2441 1538 2479 Caelius

78 2507 146 2546 lib.
169 2522 303 2547 xxrx.
323 2522 410 2560 cap.
435 2512 495 2548 18.
536 2510 643 2548 Idem
664 2522 820 2560 quoque
840 2508 959 2546 tradit
979 2507 1096 2545 Lilius
1116 2507 1182 2545 lib.
1208 2519 1313 2544 xrlr.
1356 2507 1391 2542 A
1412 2505 1536 2556 Phry-

79 2571 143 2621 gia
161 2572 278 2623 igitur
298 2586 366 2611 seu
389 2574 531 2625 Brygia
552 2587 694 2611 nomen
716 2578 820 2611 esset
851 2571 1024 2623 Byrrhiae
1044 2584 1052 2608 :
1083 2570 1203 2620 idque
1236 2582 1304 2620 per
1335 2568 1535 2607 literarum

77 2637 323 2675 metathesin.
372 2638 493 2676 Porro
515 2638 692 2689 Phryges
713 2636 869 2688 ingenio
890 2636 1011 2674 fuisse
1032 2634 1173 2680 servili,
1196 2633 1393 2683 vulgatum
1414 2638 1535 2669 testa—

77 2704 140 2736 tur
170 2700 381 2752 adagium:
411 2702 542 2754 Phryx
575 2703 702 2755 plagis
736 2700 978 2740 emendatur.
1034 2698 1186 2736 Plinius
1213 2697 1282 2735 lib.
1303 2710 1339 2734 v.
1359 2709 1444 2747 cap.
1467 2696 1532 2741 29.

77 2761 266 2814 Pyrrham
285 2766 418 2805 urbem
436 2767 531 2807 facit
551 2768 693 2807 Cariae.
749 2767 1015 2812 Quintilianus
1041 2764 1093 2802 lib
1116 2776 1148 2802 1.
1184 2762 1300 2801 docet
1320 2762 1362 2799 B
1381 2760 1531 2798 literam
