1903 3306
382 247 445 276 DE
479 243 700 275 RATIONE
735 242 890 271 METR!
925 242 1256 271 TERENTIAM.
1438 232 1521 272 '1527

94 341 171 379 Pro
184 352 256 392 pec
281 339 288 392 Ι
311 345 400 378 cato
425 338 432 390 Ι
456 349 598 389 magno
624 336 631 388 Ι
655 337 813 389 paulum
840 336 845 389 Ι
873 335 1036 388 supplici
1063 336 1066 387 Ι
1093 336 1102 372 i
1125 337 1219 373 satis
1247 336 1251 385 Ι
1277 344 1335 373 est
1354 349 1403 387 pa
1429 344 1434 387 Ι
1460 339 1518 374 tri.

68 431 161 469 Loci
180 430 314 481 reliqui
341 429 568 475 tribrachos,
590 428 813 479 spondaeos,
835 427 1026 479 dactylos,
1049 434 1272 478 anapaestos
1293 427 1518 474 admittunt,

65 495 194 532 iambo
214 506 365 544 semper
383 491 558 539 excluso,
584 491 651 542 qui
684 504 885 541 nunquam
918 491 1156 529 trochaicum
1192 490 1406 541 ingreditur
1437 504 1519 528 car-

66 570 170 605 men,
198 557 254 595 uti
272 570 346 595 nec
365 555 560 595 trochaeus
582 555 802 593 iambicum.
860 554 943 592 Nec
964 562 1093 593 tamen
1115 562 1265 592 tantum
1283 555 1443 592 interest
1461 555 1519 591 in-

66 628 125 661 ter
142 621 378 661 trochaicum
395 627 435 659 et
450 620 654 658 iambicum
673 632 842 664 versum,
876 619 983 669 quin,
1007 619 1073 670 qui
1094 632 1197 657 nunc
1218 618 1438 657 trochaicus
1460 624 1520 655 est

67 684 335 732 catalecticus,
370 684 498 737 possit
529 683 647 721 modo
679 683 760 721 fieri
792 682 979 721 iambicus
1014 682 1268 730 acatalectus‚
1301 682 1332 720 si
1365 681 1519 720 unicam

68 749 260 789 duntaxat
278 748 467 801 syllabam
487 748 596 786 initio
614 760 843 800 praeponas:
864 754 907 784 ut
922 760 931 784 z

123 846 314 898 Cumfaci
337 846 342 899 Ι
367 859 423 884 em
437 846 522 886 vide
546 845 552 898 Ι
577 859 619 884 as
636 847 674 883 υἱ
698 845 704 896 Ι
730 845 845 884 detur
868 843 874 896 Ι
899 857 974 882 esse
998 842 1011 895 Ι.
1028 845 1167 895 quanti
1190 843 1196 896 Ι
1223 845 1276 881 vis
1290 857 1364 895 pre
1387 843 1393 896 Ι
1417 845 1465 881 ci.

68 938 306 978 Trochaicus
325 944 386 977 est
402 951 412 982 ;
443 937 512 976 sed
532 938 564 976 si
583 938 692 989 legas
711 950 719 975 ε

107 1017 200 1063 Qui,
219 1028 303 1055 cum
325 1014 332 1066 Ι
345 1014 491 1066 faciem
515 1013 523 1066 Ι
546 1012 675 1052 videas
699 1012 706 1065 Ι
729 1012 812 1051 vide
837 1011 842 1064 Ι
868 1016 936 1050 tur
955 1024 991 1050 es
1016 1011 1022 1063 Ι
1047 1024 1083 1049 se
1102 1023 1204 1062 quan
1229 1010 1235 1063 Ι
1260 1011 1350 1049 tivis
1374 1009 1379 1062 Ι
1399 1012 1523 1061 preci,

68 1109 112 1146 fit
142 1108 329 1146 iambicus
365 1106 628 1150 acatalectus;
657 1105 733 1144 hoc
761 1105 862 1143 enirn
894 1104 1012 1142 modo
1033 1116 1160 1154 neque
1180 1103 1284 1140 hunc
1305 1102 1520 1154 ingreditur

66 1172 278 1218 trochaeus,
306 1184 432 1223 neque
461 1171 570 1209 illum
602 1170 765 1208 iambus.
823 1169 925 1207 Hinc
959 1169 1076 1207 etiam
1108 1180 1211 1219 saepe
1241 1168 1284 1205 fit
1303 1174 1346 1204 ut
1365 1175 1521 1218 propter

69 1236 258 1288 syllabam
285 1235 455 1286 aliquam
488 1247 731 1273 communem
764 1233 866 1271 idem
897 1246 1031 1271 versus
1060 1232 1186 1284 possit
1216 1231 1426 1281 aliquando
1460 1231 1519 1269 vel

67 1300 262 1339 trochaice
279 1300 340 1338 vel
359 1298 522 1338 iambice
541 1298 754 1337 mensurari
772 1312 780 1336 ι
810 1305 850 1336 ut
867 1311 875 1335 :

175 1385 276 1432 Eho,
293 1397 373 1423 non
393 1390 434 1422 tu
454 1384 551 1423 dixti
571 1398 657 1423 esse
677 1384 775 1422 inter
792 1397 859 1422 eos
879 1383 1111 1429 inimicitias,
1131 1382 1345 1421 carnufex?

68 1484 158 1510 cum
178 1471 279 1510 enim
298 1470 434 1509 ultima
452 1470 505 1516 in,
536 1470 634 1516 Eho,
666 1471 716 1508 sit
742 1469 884 1516 brevis,
914 1468 1135 1507 trochaicus
1156 1476 1217 1507 est
1235 1481 1369 1506 versus
1387 1481 1396 1511 ;
1429 1475 1468 1505 at
1488 1466 1523 1505 si

67 1535 130 1574 vel
149 1535 307 1586 longam
325 1534 461 1581 facias,
489 1534 552 1572 vel
572 1547 699 1573 nonne
718 1547 788 1586 pro
808 1547 884 1572 non
902 1534 1027 1584 legaS,
1053 1546 1074 1571 e
1093 1532 1289 1570 trochaico
1308 1532 1437 1570 statim
1457 1533 1524 1569 fiet

68 1599 256 1637 iambicus
290 1599 430 1636 acatal.
466 1604 505 1636 et
536 1605 743 1649 propterea
774 1597 962 1636 trochaici
996 1610 1020 1635 a
1051 1596 1250 1635 nonnullis
1280 1596 1523 1648 appellantur

68 1662 226 1700 iambici
244 1663 293 1700 ab
312 1661 422 1700 initio
437 1661 678 1700 catalectici:
699 1661 805 1712 quod
826 1660 1056 1699 Aristoteles
1077 1661 1192 1698 etiam
1212 1660 1338 1698 facere
1360 1660 1523 1705 videtur,

70 1727 135 1766 ubi
153 1727 258 1766 hunc
278 1740 432 1766 versum
453 1740 500 1766 ex
520 1727 658 1765 iambis
679 1725 904 1765 Archilochi
925 1726 1033 1772 citat,
1051 1725 1168 1763 Rhet.
1189 1725 1216 1763 l.
1237 1738 1309 1762 111.
1330 1737 1363 1763 c,
1389 1726 1450 1761 17.

229 1812 436 1865 Χρημάτων
453 1812 483 1850 δ’
502 1813 668 1850 ἄελπτον
686 1813 794 1849 οὐθέν
813 1811 916 1849 ἐστιν
934 1809 1008 1848 οὐδ’
1025 1812 1234 1861 ἀπώμοτον.

71 1900 201 1950 Atque
220 1899 358 1938 exinde
378 1898 521 1937 nemini
539 1899 679 1936 mirum
698 1897 819 1935 videri
841 1896 971 1943 debet,
1001 1897 1032 1934 si
1061 1896 1280 1934 trochaicos
1311 1909 1399 1933 cum
1430 1895 1525 1933 iam-

71 1963 169 2001 bicis
189 1964 227 2001 in
249 1962 386 2001 eadem
407 1975 525 2000 scena
545 1975 650 2013 saepe
671 1962 807 1999 mistos
827 1959 972 2006 videat,
1000 1972 1089 1998 cum
1110 1960 1158 1997 ab
1175 1959 1236 1996 his
1257 1959 1306 1996 ad
1338 1958 1425 1997 illos
1444 1966 1524 1996 tam

72 2027 194 2065 facilis
216 2028 266 2065 sit
281 2027 483 2065 transitus.

128 2091 351 2130 Trochaicis
372 2090 595 2128 acatalectis
615 2089 769 2141 parcius
801 2087 857 2126 uti
888 2087 1055 2134 videtur,
1084 2093 1200 2137 atque
1233 2086 1284 2124 ibi
1311 2085 1435 2124 solum
1464 2086 1527 2123 ubi

73 2154 217 2193 fabulae
235 2163 366 2206 partes
385 2154 618 2192 turbatiores
638 2160 820 2204 aguntur,
841 2153 896 2191 ita
915 2159 959 2190 ut
977 2152 1040 2190 vix
1056 2163 1256 2190 numerum
1274 2149 1415 2188 sentire
1436 2163 1527 2201 pos-

75 2219 152 2258 sis:
183 2226 239 2265 ut,
258 2219 417 2257 Phorm.
440 2232 469 2256 1.
492 2220 529 2256 3.
553 2219 589 2254 1.

129 2304 282 2343 Adeon’
302 2317 382 2342 rem
398 2302 559 2349 redisse,
578 2308 622 2340 ut
641 2302 707 2353 qui
725 2303 818 2341 mihi
837 2304 1060 2342 consultum
1078 2309 1237 2354 optume
1257 2301 1348 2340 velit
1368 2313 1477 2339 esse:

76 2397 116 2429 et
134 2390 173 2429 in
193 2390 238 2428 iis
256 2390 350 2441 ipsis
370 2389 469 2428 locis
489 2389 613 2435 multo
632 2390 766 2441 majori
786 2403 943 2429 numero
963 2388 1278 2428 catalecticorum
1295 2400 1446 2439 semper
1464 2388 1533 2425 im-

77 2454 304 2493 miscentur.
361 2454 411 2492 Et
439 2459 544 2492 certe
569 2453 795 2492 felicissima
820 2454 964 2504 ubique
986 2459 1066 2490 arte
1087 2452 1126 2490 id
1146 2452 1226 2502 agit
1244 2451 1381 2498 Po‘e'ta,
1410 2458 1454 2489 ut
1473 2465 1533 2490 re-

78 2531 162 2556 rum
196 2531 286 2568 quae
320 2524 490 2567 aguntur
524 2519 721 2556 turbatam
753 2518 813 2556 vel
847 2516 1096 2568 tranquillam
1130 2516 1317 2553 rationem
1351 2515 1531 2554 carminis

79 2582 196 2619 etiam
214 2580 313 2618 ratio
333 2580 499 2618 confusa
517 2581 577 2619 vel
599 2580 781 2631 expedita
800 2594 949 2632 semper
969 2579 1158 2631 exprimat
1175 2593 1184 2617 ε
1214 2579 1320 2630 quod
1340 2580 1456 2617 etiam
1476 2580 1534 2616 fa-

79 2645 133 2682 cit
152 2650 195 2682 ut
212 2643 417 2695 plurimum
439 2644 650 2694 voluptatis
671 2644 717 2682 iis
737 2657 895 2696 prorsus
925 2650 1072 2695 pereat,
1100 2644 1166 2694 qui
1195 2643 1245 2681 ad
1274 2643 1378 2681 hunc
1398 2648 1532 2681 aucto-

80 2720 158 2746 rem
180 2706 390 2758 legendum
411 2709 591 2758 neglecta
609 2708 671 2746 vel
704 2721 784 2745 non
814 2707 1013 2745 intellecta
1032 2707 1143 2744 metri
1162 2708 1307 2744 ratione
1327 2706 1534 2744 accedunt.

134 2771 384 2809 Tetrametris
404 2784 684 2822 nonnunquam
706 2772 944 2809 interseritur
961 2770 1121 2808 dimeter
1141 2770 1327 2808 iambicus
1348 2784 1355 2807 ς
1386 2778 1441 2814 ut,
