1903 3306
588 249 651 278 DE
686 247 871 278 nil-:Tuis
904 246 1117 277 commis.
1500 239 1585 279 205

131 360 219 387 cum
239 347 278 384 in
300 347 375 384 fine
395 356 528 383 versus
550 343 696 395 dactyli
720 343 780 380 vel
802 342 934 381 cretici
965 342 1092 380 locum
1126 342 1305 388 sustinet,
1327 344 1432 393 quod
1454 345 1587 393 saepis-

132 412 228 466 sim—e
257 411 314 449 fit.
372 410 475 453 Quin
495 415 534 446 et
562 422 582 446 e
613 408 742 446 metris
763 420 881 458 supra
899 406 1036 458 positis
1057 406 1133 443 ista
1149 406 1186 442 in
1207 406 1346 456 quibus
1366 420 1434 458 pes
1455 415 1584 458 poste-

128 476 205 514 rior
235 481 295 513 est
323 473 518 525 dactylus,
547 472 608 510 vel
634 472 698 509 ubi
729 471 869 508 nimius
900 471 1137 522 syllabarum
1160 470 1334 508 brevium
1355 483 1585 517 concursus,

129 539 251 578 rarius
269 545 528 589 usurpantur3
560 537 707 588 optima
726 541 862 574 contra
886 534 954 573 illa
974 541 1078 580 sunt,
1107 533 1145 572 in
1166 534 1305 585 quibus
1338 535 1484 584 primus
1515 549 1583 586 pes

129 603 323 641 trochaeus
339 602 399 641 vel
418 601 590 640 trochaeo
602 600 756 652 par,vel
776 606 999 650 anapaestus
1016 613 1026 643 ;
1056 598 1154 636 alter
1170 611 1261 636 vero
1281 598 1341 636 vel
1358 599 1584 649 spondaeus,

127 666 190 705 vel
210 672 449 718 anapaestus.
519 665 646 703 Purus
677 665 780 703 enim
814 664 1049 702 ditrochaeus
1085 669 1147 701 est
1175 663 1295 700 levior
1332 676 1517 701 numerus
1547 672 1586 701 et

126 729 304 781 tripudiis
324 743 441 781 quam
463 729 705 767 sermonibus
723 729 861 779 aptior,
881 728 1047 779 ideoque
1072 727 1270 766 levitatem
1287 727 1402 764 istam
1423 725 1585 778 adjunc-

130 795 236 833 tione
254 793 435 832 tardioris
454 793 565 845 pedis
585 799 799 844 temperare
819 793 944 830 visum
965 799 1038 830 est.

181 858 256 896 His
275 857 324 896 de
342 857 474 897 metris
494 857 813 909 praemissis‚jam
835 857 884 895 ad
904 869 1038 895 versus
1062 856 1168 907 ipsos
1192 855 1426 894 accedamus
1444 869 1453 899 ;
1485 868 1583 906 quos

129 929 174 961 ut
207 922 377 974 penitius
413 921 690 973 intelligamus,
724 928 814 959 ante
851 920 980 959 omnia
1008 920 1084 958 hoc
1108 920 1296 972 principio
1326 920 1428 967 loco,
1449 926 1585 973 utpote

130 1000 207 1039 quo
227 993 310 1025 tota
328 987 404 1026 fere
424 999 486 1024 res
515 986 715 1033 innitatur,
746 984 972 1036 ponendum
994 990 1067 1029 est,
1096 997 1231 1022 versus
1263 984 1433 1022 comicos
1454 984 1585 1034 cujus·

129 1064 296 1102 cumque
331 1051 484 1102 generis
520 1063 599 1088 non
636 1063 706 1103 per
744 1048 937 1100 simplices
967 1047 1102 1099 pedes,
1146 1047 1217 1086 sed
1253 1060 1321 1098 per
1358 1054 1482 1086 metra
1515 1061 1585 1086 seu

129 1113 300 1153 διποδίας
319 1113 580 1153 dimetiendos
600 1126 702 1152 esse.

182 1179 270 1217 Hoc
289 1184 542 1229 praeceptum,
563 1177 670 1229 quod
691 1183 752 1215 est
770 1176 966 1228 quantivis
984 1175 1097 1227 pretii
1120 1175 1159 1212 in
1179 1188 1218 1213 re
1239 1175 1412 1222 metrica,
1433 1176 1583 1215 Graecis

127 1243 243 1281 unice
264 1242 464 1281 debemus.
522 1242 674 1287 Quibus
694 1254 773 1279 non
801 1248 861 1280 est
881 1241 995 1291 copia
1016 1238 1248 1278 consulendi
1269 1239 1318 1277 de
1347 1239 1421 1277 hac
1441 1253 1481 1277 re
1503 1241 1585 1278 He-

128 1305 359 1357 phaestionis
379 1305 635 1344 Alexandrini
654 1304 826 1343 libellum
854 1303 904 1341 de
925 1303 1078 1349 Metris,
1099 1303 1164 1353 qui
1192 1302 1275 1353 jam
1296 1303 1362 1339 diu
1390 1309 1450 1341 est
1470 1303 1585 1342 raris-

129 1371 262 1419 simus,
282 1370 429 1410 adeant
445 1376 579 1408 vetera
598 1369 748 1408 scholia
775 1369 815 1406 in
835 1368 1150 1419 Aristophanem,
1172 1367 1233 1405 vel
1253 1367 1424 1405 Triclinii
1443 1369 1482 1406 in
1511 1370 1585 1406 So-

127 1434 305 1486 phoclem
324 1448 334 1473 ε
363 1435 402 1473 ἰῐι
422 1434 468 1472 iis
488 1433 677 1473 videbunt
695 1446 830 1472 versus
851 1445 986 1471 omnes
1007 1444 1075 1483 per
1098 1431 1252 1483 integra
1271 1431 1336 1469 illa
1353 1431 1498 1482 scripta
1516 1446 1586 1484 per

128 1497 295 1537 διποδίας
313 1498 535 1538 dimensos:
566 1497 672 1549 quod
694 1496 800 1548 apud
820 1496 981 1534 Graecos
1003 1503 1081 1534 tam
1106 1502 1293 1534 constans
1313 1495 1398 1543 fuit,
1433 1503 1475 1535 ut
1493 1497 1584 1536 inde

127 1564 286 1602 nomina
303 1563 480 1602 versibus
499 1562 726 1607 indiderint,
759 1574 805 1599 ac
835 1561 1028 1599 trimetros
1063 1567 1102 1598 et
1126 1566 1371 1598 tetrametros
1404 1560 1584 1607 dixerint,

128 1640 227 1679 quos
249 1626 376 1665 Latini
398 1639 478 1664 non
509 1626 590 1664 sine
624 1637 768 1676 magno
787 1624 839 1663 rei
871 1623 1044 1663 metricae
1074 1624 1333 1671 incommode,
1355 1626 1526 1663 senarios
1547 1633 1585 1664 et

128 1691 365 1730 octonarios.
422 1690 526 1729 Hinc
545 1691 647 1728 enim
676 1690 822 1729 factum
840 1696 900 1727 est
931 1696 975 1727 ut
992 1695 1104 1727 vetus
1123 1688 1190 1725 illa
1208 1701 1276 1739 per
1296 1696 1418 1727 metra
1435 1689 1583 1728 dimen-

127 1755 185 1794 sio
205 1755 392 1806 paulatim
411 1755 452 1792 in
480 1753 777 1793 desuetudinem
808 1753 957 1799 abierit,
987 1760 1026 1791 et
1045 1766 1124 1790 una
1152 1766 1240 1790 cum
1275 1766 1321 1790 ea
1341 1753 1392 1791 rei
1412 1754 1584 1791 metricae

127 1819 305 1866 scientia,
325 1818 432 1870 quod
449 1818 499 1856 ad
518 1819 604 1857 haec
619 1831 799 1856 versuum
819 1830 976 1868 genera,
988 1818 1067 1855 fere
1088 1817 1339 1855 interciderit.
1374 1817 1450 1861 Qui
1467 1818 1583 1864 enim,

125 1890 334 1924 metrorum
355 1882 527 1922 subsidio
557 1882 782 1929 destitutus,
803 1882 851 1919 de
879 1895 1014 1920 versus
1035 1894 1217 1919 mensura
1235 1881 1412 1932 judicare
1435 1882 1583 1932 nequit,

126 1948 202 1987 nisi
221 1961 268 1986 ex
299 1947 443 1999 pedum
473 1947 705 1998 simplicium
738 1960 913 1992 numero,
943 1960 1015 1985 nec
1034 1947 1116 1997 ipse
1137 1955 1308 1984 veterum
1336 1945 1583 1984 Comicorum

128 2012 273 2065 scripta
293 2018 384 2063 apte
400 2019 440 2050 et
454 2024 659 2050 numerose
676 2011 796 2062 leget,
817 2024 958 2060 neque,
979 2010 1010 2047 si
1033 2011 1080 2048 ab
1103 2010 1186 2047 aliis
1204 2010 1426 2054 recitentur,
1448 2022 1584 2047 nume·

126 2090 210 2115 rum
230 2077 269 2114 in
290 2076 336 2114 iis
366 2075 535 2127 aliquem
570 2075 860 2127 deprehendet3
890 2087 963 2111 nec
997 2087 1168 2124 unquam
1196 2073 1306 2119 sciet,
1335 2086 1425 2110 num
1447 2086 1582 2110 versus

127 2141 209 2178 suis
230 2131 398 2179 numeris
419 2147 587 2187 constet,
616 2140 689 2178 nisi
710 2139 760 2177 ad
795 2139 940 2190 digitos
971 2138 1114 2189 exigat,
1137 2136 1242 2188 quod
1273 2150 1350 2174 non
1377 2137 1582 2174 molestum

128 2204 262 2251 modo,
286 2204 357 2242 sed
387 2211 427 2242 et
458 2204 572 2241 nimis
602 2217 719 2254 quam
751 2202 990 2245 absurclum;
1032 2214 1119 2239 cum
1154 2209 1192 2239 et
1226 2201 1382 2238 nimiam
1413 2199 1452 2237 id
1484 2201 1583 2237 inter

125 2267 336 2319 legendum
356 2267 416 2305 vel
439 2266 676 2305 audiendum
699 2278 860 2312 moram,
875 2272 1132 2316 praeterquam
1147 2277 1206 2303 res
1221 2265 1378 2315 patitur,
1397 2264 1583 2315 postulet,

126 2331 369 2383 gratiamque
391 2343 543 2369 omnem
565 2337 604 2369 et
617 2336 862 2369 venustatem
883 2342 1128 2367 numerorum
1147 2329 1194 2366 ab
1210 2342 1313 2374 aure,
1333 2328 1444 2379 cujus
1461 2341 1582 2365 unum

127 2403 188 2434 est
207 2396 256 2433 de
274 2396 442 2433 numeris
471 2394 675 2446 judicium,
710 2402 749 2433 et
779 2396 841 2432 cui
861 2393 1103 2432 delectandae
1137 2393 1333 2444 praecipue
1353 2392 1581 2437 inserviunt,

125 2461 166 2498 in
186 2466 311 2497 totum
337 2460 492 2497 eximat.
553 2459 714 2504 Contra,
744 2460 809 2509 qui
830 2459 1004 2496 versibus
1027 2458 1184 2496 comicis
1218 2470 1286 2507 per
1320 2465 1441 2494 metra
1461 2456 1581 2495 dime-

126 2523 268 2562 tiendis
295 2523 520 2569 assueverit,
553 2524 684 2561 statim
716 2536 763 2561 ex
792 2523 876 2575 ipso
897 2536 1029 2560 versus
1065 2535 1174 2568 sono,
1211 2521 1372 2559 simulac
1403 2522 1581 2568 audierit,

125 2587 240 2627 facile
260 2587 453 2637 intelliget
472 2586 582 2638 cujus
603 2587 757 2638 generis
777 2587 840 2633 sit,
864 2599 913 2624 an
934 2586 972 2623 in
1002 2592 1111 2636 parte
1143 2584 1273 2636 aliqua
1292 2585 1490 2636 quantitas
1512 2585 1580 2623 de-

126 2652 244 2698 ficiat,
263 2658 330 2689 aut
352 2650 498 2701 aliquid
518 2651 597 2688 vitii
619 2651 670 2688 sit
687 2649 725 2688 in
747 2650 939 2693 numeris;
972 2662 1043 2688 nec
1060 2662 1158 2700 opus
1175 2655 1236 2687 est
1255 2649 1305 2687 ad
1319 2648 1510 2700 judicium
1530 2648 1579 2685 de

124 2716 184 2754 his
204 2714 416 2760 ferendum,
435 2715 531 2753 utin
553 2714 760 2753 concilium
781 2713 924 2765 digitos
945 2713 1140 2751 adhibeat.

182 2779 279 2816 Haec
300 2779 353 2817 ita
373 2791 459 2817 esse
490 2792 551 2817 res
586 2779 671 2829 ipsa
703 2777 971 2828 comprobabit
997 2776 1181 2826 exemplis
1203 2789 1290 2826 quae
1312 2788 1399 2813 mox
1421 2773 1575 2812 afferam
