1903 3306
527 222 752 253 EUNucni
787 221 987 252 Aer.1v.
1020 222 1183 253 SC.1V.
1501 213 1585 254 4823

135 319 226 359 ΡΗ.
258 317 388 360 Unde
420 317 549 370 igitur
578 318 753 359 fratrem
783 329 926 358 meum
958 329 1056 358 esse
1091 316 1297 357 sciebas?
1362 317 1448 356 Do,
1481 317 1587 357 Par-

302 398 433 426 meno

134 452 326 493 Dicebat
359 465 458 492 eum
493 464 614 492 esse:
647 451 686 491 is
715 450 839 492 dedit
873 451 980 491 mihi
1007 450 1120 491 hanc
1148 452 1328 490 vestem.
1376 449 1469 496 PH.
1500 449 1589 491 Oe-

303 518 404 559 cidi.

133 586 224 627 Do.
255 585 407 627 Meam
427 586 523 640 ipse
546 585 710 627 induit:
733 590 836 639 post
856 598 944 626 una
963 586 1092 626 ambo
1115 584 1315 626 abierunt
1335 584 1470 626 foras.
1530 584 1588 625 35

133 653 226 694 ΡΥ.
253 653 358 694 Jam
378 654 488 695 satis
510 653 654 694 credis
682 654 874 695 sobriam
904 666 1004 694 esse
1033 666 1118 703 me,
1149 656 1191 693 et
1220 652 1328 693 nihil
1359 652 1588 693 mentitam

305 721 420 762 tibi'?

133 776 238 817 Jam
270 777 383 818 satis
413 781 580 818 certum
605 780 685 827 est,
720 777 928 830 virginem
958 776 1156 818 vitiatam
1184 777 1312 817 esse?
1375 775 1463 816 PH.
1495 775 1591 829 Age

307 856 438 893 nunc,
463 843 628 892 bellua,

134 910 290 953 Credis
310 911 414 952 huic
437 911 556 964 quod
576 910 716 953 dicit?
776 910 867 951 ΡΥ.
898 910 1016 961 Quid
1047 911 1121 953 isti
1152 910 1363 952 credam‘l
1393 922 1465 951 res
1490 910 1592 964 ipsa

305 978 489 1019 indicat.

132 1098 235 1137 igitur
255 1099 393 1138 fratrem
419 1109 518 1132 meum
540 1100 699 1131 Chaeream
720 1108 784 1131 esse
806 1098 944 1130 sciebas?
998 1100 1068 1131 Do.
1095 1099 1248 1131 Parmeno
1270 1109 1336 1130 eam
1350 1099 1489 1137 ,tratrem
1505 1101 1592 1129 tuam

134 1151 199 1173 esse
217 1143 356 1174 dicebat:
391 1143 521 1174 Choerea
546 1144 623 1174 hanc
647 1143 725 1173 mihi
754 1143 840 1174 dedit
856 1147 981 1174 vestem.
1042 1143 1112 1173 Pu.
1138 1142 1237 1173 Perii.
1295 1143 1366 1173 Do.
1393 1142 1498 1172 Meam
1524 1141 1590 1179 ipse

133 1186 266 1216 sumsit.-
294 1189 401 1226 postea
423 1186 552 1217 Chaerea
568 1189 599 1216 et
618 1185 775 1216 Parmeno
790 1185 909 1216 cedibus
925 1186 1042 1224 egressi
1057 1189 1140 1216 sunt.
1193 1185 1262 1217 ΡΥ.
1291 1185 1368 1215 Jam
1385 1184 1473 1220 satis,
1499 1184 1591 1214 1211oe-

133 1228 215 1266 ἀνία,
240 1229 340 1259 credis
354 1238 401 1259 me
421 1238 481 1258 non
502 1238 566 1259 esse
580 1229 792 1267 temulentam,
814 1238 868 1259 nec
891 1229 1054 1268 quicquam
1070 1227 1221 1258 mendacii
1231 1227 1381 1267 finxisse.
1423 1228 1498 1257 Jam
1513 1225 1593 1257 salis

133 1271 327 1310 exploratum
351 1274 397 1301 est
417 1275 449 1302 et
473 1274 672 1311 compertum,
696 1271 850 1310 virginem
871 1274 977 1310 stupro
1000 1272 1150 1311 pollutam
1169 1274 1255 1301 esse?
1315 1270 1384 1300 ΡΗ.
1415 1270 1484 1308 Age
1499 1278 1592 1306 nunc,

133 1313 258 1353 stolida,
273 1314 412 1345 credisne
426 1314 498 1344 huic
515 1315 559 1352 id,
581 1315 660 1353 quod
681 1313 788 1346 aicae?
822 1313 983 1344 Nimirum
998 1324 1097 1352 serve,
1113 1313 1276 1351 Eunucho,
1291 1316 1319 1342 et
1327 1312 1491 1351 fugitivo?
1523 1312 1592 1342 ΡΥ.

135 1355 201 1386 Cur
222 1356 278 1388 isti
303 1366 364 1388 non
388 1357 533 1388 credam?
551 1357 663 1400 'Nam‚
689 1357 749 1387 etsi
772 1366 833 1387 non
848 1357 1044 1397 crediderim,
1066 1366 1115 1387 res
1130 1356 1208 1386 satis
1232 1355 1300 1395 ipsa
1324 1356 1473 1386 declarat.
1518 1354 1594 1385 Pu.

742 1462 981 1475 omme

135 1527 194 1559 Fa.
232 1528 301 1558 Nec
327 1527 397 1568 qais
421 1531 509 1563 esset,
533 1538 666 1568 unquam
691 1529 850 1559 audieram
875 1526 988 1567 dicier]
1013 1527 1100 1558 Haec
1126 1527 1230 1558 verba
1255 1526 1372 1557 Rivius
1401 1525 1591 1556 adulterina

132 1571 342 1610 pronuntiat.
389 1570 514 1608 Credo,
531 1572 611 1611 quia
629 1570 755 1602 Aldina
772 1571 826 1602 ed.
844 1581 908 1602 non
927 1571 1022 1611 legit.
1068 1569 1114 1600 At
1137 1570 1256 1610 legunt
1279 1569 1354 1600 aliae
1379 1569 1540 1609 antiquae,
1556 1572 1592 1599 et

132 1614 207 1644 ΕΡ.
232 1622 343 1654 neque
358 1613 443 1644 adeo
460 1613 622 1644 videntur
636 1614 861 1654 repudianda,
877 1613 965 1655 quod
988 1613 1021 1643 in
1050 1612 1090 1643 iis
1118 1617 1170 1643 cst
1185 1611 1376 1642 omnimoda
1396 1612 1481 1642 Dori
1499 1612 1592 1651 igno-

133 1655 260 1696 rantia,
284 1656 417 1697 qualem
443 1655 655 1687 manifestari
681 1657 879 1697 oportebat,
902 1666 944 1687 ne
960 1655 1041 1698 quid
1059 1656 1168 1696 culpae
1187 1656 1219 1685 in
1234 1655 1308 1695 ipso
1325 1655 1421 1685 Doro
1440 1654 1592 1685 residere

134 1698 349 1731 crederetur.
386 1699 431 1729 Et
447 1703 633 1738 agnoscunt
648 1700 733 1731 Mss.
752 1700 874 1730 Leidd.
890 1705 969 1737 tres,
986 1698 1129 1730 totidem
1146 1698 1234 1729 Pali.
1249 1697 1309 1728 sed
1328 1703 1362 1728 et
1378 1698 1433 1727 Tr.
1451 1701 1485 1727 et
1498 1697 1590 1736 Lips.

134 1741 285 1772 Faernus
312 1740 513 1772 dubitanter
538 1746 656 1772 tuetur
685 1742 871 1783 vulgatam,
895 1742 1031 1772 scilicet
1059 1740 1148 1781 qnod
1175 1741 1224 1771 ita
1251 1739 1429 1771 verbosior
1456 1740 1593 1770 videtui·

133 1784 262 1823 Dorus,
285 1793 384 1824 quam
400 1793 462 1823 pro
478 1785 624 1814 novicio.
669 1785 736 1816 Sed
754 1795 821 1816 non
839 1785 999 1825 pauciora
1013 1784 1117 1814 verba
1128 1789 1205 1813 sunt
1221 1783 1287 1814 ista
1303 1793 1311 1813 ε
1330 1785 1339 1800 ‘
1356 1783 1526 1813 Parmeno
1543 1805 1550 1812 .
1566 1805 1572 1813 .
1586 1805 1593 1812 .

129 1825 247 1857 foras!
292 1827 379 1857 Tum
396 1826 527 1857 Gellius
551 1836 619 1858 xn.
633 1830 665 1858 6.
688 1827 818 1866 laudat,
841 1827 949 1858 audivi
963 1827 1071 1858 dicier.
1093 1826 1148 1856 Tr.
1178 1827 1267 1857 Unde
1287 1825 1390 1864 igitur
1413 1835 1510 1856 meum
1529 1835 1593 1855 esse

132 1866 274 1901 sciebas?
296 1869 407 1901 VVest.
434 1870 530 1900 Unus
548 1879 592 1900 ex
608 1870 732 1901 nostris
747 1869 976 1901 Academicus
991 1880 1065 1900 cuni
1083 1868 1251 1899 Bembino
1269 1869 1457 1906 consentit;
1480 1868 1588 1899 ceteri

133 1921 249 1943 omnes
270 1912 353 1942 duos
371 1921 488 1943 versus
504 1913 732 1945 constituunt.
777 1913 902 1944 Utrum
929 1922 970 1943 ex
1000 1912 1050 1942 liis
1079 1917 1196 1942 versus
1225 1911 1281 1951 sit,
1319 1911 1417 1942 hodie
1445 1911 1589 1941 nescias.

134 1955 237 1994 Nam,
260 1954 351 1995 quod
368 1955 465 1986 aiunt
480 1956 590 1994 Doro,
612 1955 738 1986 homini
749 1956 884 1987 minime
902 1955 1062 1994 verboso,
1078 1956 1150 1985 liaec
1166 1964 1230 1984 non
1248 1954 1430 1984 convenire
1446 1964 1454 1993 ;
1472 1953 1593 1984 ludunt

132 2006 216 2028 nos:
242 2007 319 2028 cum
336 1997 380 2036 ei,
403 2007 464 2038 per
480 1997 571 2038 ipsos
588 1998 644 2038 qui
660 1998 765 2029 verba
781 1999 853 2030 haec
871 1998 1180 2039 ejiciunt‚vcrboso
1197 2006 1348 2027 essenon
1365 1997 1456 2027 licet.
1490 1997 1591 2027 Cete-

132 2049 208 2071 rum
224 2040 276 2070 vir
292 2040 413 2071 doctus
434 2041 444 2057 ‘
464 2040 540 2071 Non
554 2039 563 2052 '
590 2046 687 2072 extra
703 2051 838 2072 versum
857 2042 982 2082 posuit,
996 2041 1058 2072 lioc
1073 2044 1138 2079 est,
1150 2049 1191 2070 ex
1209 2039 1439 2080 monosyllabo
1456 2048 1592 2070 versum

132 2082 304 2123 integrum
321 2082 418 2122 fecit,
442 2082 514 2113 sive
531 2083 730 2115 clausulam.
778 2084 854 2115 Quo
873 2089 985 2115 tamen
1000 2083 1179 2122 exemplo?
1218 2082 1353 2114 Quanto
1366 2081 1499 2112 facilius
1516 2086 1592 2113 erat

134 2125 217 2156 illud
233 2126 337 2165 igitur
350 2135 426 2156 cum
444 2125 545 2157 CCC.
570 2126 711 2166 ejecisse
725 2127 736 2158 ?
782 2127 867 2157 Non.
904 2127 993 2157 Unde
1002 2125 1139 2164 fratrem
1155 2134 1254 2156 meum
1276 2135 1339 2155 esse
1353 2123 1479 2156 scibas?
1506 2125 1590 2155 Par-

133 2178 231 2199 meno.
256 2169 358 2199 Bent.
402 2168 531 2199 Sciebas
555 2169 637 2200 Par.
667 2172 699 2201 2.
730 2169 835 2200 verbo
859 2179 923 2200 esse
954 2169 1089 2199 omisso.
1118 2168 1205 2199 Peri,
1240 2168 1307 2198 Nec
1337 2167 1408 2208 quis
1493 2167 1592 2198 dicier

132 2216 228 2242 recte
241 2211 353 2242 omisit
369 2211 471 2242 Bent.
488 2211 585 2242 Both.
603 2212 661 2252 qui
678 2221 754 2243 cum
772 2212 864 2242 Peri.
876 2212 1071 2242 Bentleium
1085 2211 1220 2241 omnino
1238 2211 1402 2251 seqnitur,
1419 2210 1479 2241 nisi
1497 2210 1587 2251 quod

133 2253 193 2285 dat
208 2264 309 2285 meum
323 2253 542 2292 essefratrem.
566 2254 676 2286 Scibas
691 2259 725 2285 et
739 2254 817 2295 Bip.
835 2264 910 2295 quae
927 2254 1067 2285 exhibet
1085 2263 1161 2284 cum
1179 2253 1308 2292 Delpli.
1333 2262 1431 2284 meum
1448 2254 1591 2291 fratrem

132 2299 295 2328 essa—34
323 2297 358 2328 Is
372 2297 457 2328 dedit
474 2297 553 2327 hanc
566 2297 643 2328 mihi
659 2297 787 2337 restem]
815 2297 937 2328 Vestem
954 2297 1055 2337 aliqui
1070 2297 1090 2327 l.
1107 2306 1134 2326 s.
1151 2305 1218 2326 non
1235 2296 1375 2334 liabent,
1400 2297 1489 2326 inter
1506 2305 1590 2336 quos

132 2339 330 2371 Bembinus.
377 2339 477 2370 Hanc
494 2349 574 2370 vero
591 2340 850 2371 collocationem
868 2339 1048 2370 verborum
1064 2339 1098 2369 in
1113 2338 1204 2368 nullo
1221 2338 1367 2378 invenio,
1390 2338 1449 2369 sed
1468 2339 1500 2368 in
1520 2339 1589 2378 ple-

132 2382 246 2423 risque
263 2391 336 2413 earn
354 2392 429 2423 quae
448 2383 611 2423 sequitur,
634 2383 661 2413 z‘s
682 2383 770 2414 dedit
791 2382 868 2413 mihi
891 2383 980 2414 hanc.
1005 2382 1064 2413 Fa.
1112 2381 1208 2411 Unus
1229 2385 1359 2412 tantum
1389 2391 1430 2412 ex
1456 2382 1588 2419 nostris,

133 2425 189 2464 qui
205 2425 238 2455 in
252 2424 469 2456 Bibliotheca
483 2425 620 2465 publica
637 2429 703 2465 est,
717 2435 792 2456 cum
811 2426 908 2456 Bem.
927 2424 1034 2463 facit3
1060 2423 1169 2455 ceteri
1183 2423 1340 2460 universi,
1362 2423 1391 2454 is
1405 2424 1490 2454 dedit
1512 2424 1589 2454 mihi

132 2468 210 2498 hanc
226 2471 352 2499 vestem.
397 2467 517 2507 Recte,
530 2468 661 2508 opinor.
703 2468 858 2508 Repone,
883 2467 1016 2498 Dicebat
1033 2476 1101 2498 eum
1116 2476 1199 2502 esse‚·
1225 2466 1253 2497 is
1271 2467 1315 2496 mi
1329 2467 1408 2497 hunc
1422 2467 1507 2497 dedit
1523 2476 1586 2497 vcs-

131 2513 206 2542 tem.
233 2510 352 2541 Occidi.
376 2510 478 2541 Bent.
503 2520 603 2551 quem
630 2514 814 2551 sequuntur
838 2511 940 2541 Both.
968 2510 1061 2540 Peri.
1092 2509 1215 2539 Vestem
1232 2510 1393 2540 omittunt
1410 2509 1445 2539 Z.
1465 2509 1588 2548 Rip.—

131 2555 173 2584 36
195 2552 236 2583 In
255 2553 322 2584 Ms.
342 2552 436 2593 Lips.
452 2562 518 2584 non
536 2558 590 2584 est
604 2552 642 2583 τὸ
665 2553 746 2584 tibi?
768 2553 875 2583 West.
899 2553 955 2583 Me
976 2552 1110 2583 sobriam
1131 2551 1208 2591 esse]
1235 2552 1337 2582 Ratio
1365 2561 1482 2582 versus
1500 2551 1585 2582 hanc

131 2595 392 2627 collocationem
408 2596 600 2634 verborum,
616 2605 692 2636 quae
716 2600 769 2626 est
785 2596 818 2626 in
835 2596 991 2626 omnibus
1009 2594 1081 2625 fere
1100 2595 1121 2624 Ι.
1139 2604 1164 2624 s.
1180 2600 1214 2625 et
1232 2595 1381 2634 Donato,
1398 2595 1516 2634 exigit,
1539 2603 1587 2624 so-

131 2638 231 2669 briam
247 2648 309 2669 esse
325 2648 382 2670 me.
406 2639 465 2669 Fa.
501 2639 558 2669 Sic
583 2643 617 2669 et
644 2638 749 2669 nostri
771 2638 905 2669 sobriam
928 2648 990 2668 csse
1011 2647 1081 2674 me;
1104 2637 1166 2667 nisi
1183 2636 1272 2677 quod
1291 2638 1368 2668 Pet.
1390 2636 1525 2667 sobriam
1540 2646 1587 2666 me

131 2690 196 2711 esse
210 2689 221 2709 .·
242 2680 330 2722 quod
348 2686 383 2711 et
399 2681 508 2720 ipsum
527 2681 612 2712 bene
629 2681 745 2712 habet.
769 2681 866 2712 Bent.
914 2681 991 2711 Esse
1007 2684 1036 2710 et
1059 2680 1104 2710 nil
1120 2689 1166 2710 me
1193 2679 1296 2710 Both.
1340 2680 1377 2709 Et
1405 2690 1435 2710 η.
1460 2690 1499 2709 m.
1528 2679 1587 2710 tihi

133 2724 257 2755 absunt
270 2734 289 2754 a
306 2722 424 2756 Guelf.
443 2726 560 2755 3.--37
591 2723 654 2755 Vit.
668 2732 732 2754 esse
747 2724 900 2762 virginem
924 2723 1024 2754 Both.
1053 2722 1151 2759 Huic,
1177 2732 1242 2752 non
1260 2722 1315 2752 isti
1333 2721 1449 2753 Guelf.
1468 2724 1587 2751 3.-—38

131 2766 228 2797 Dicat
242 2766 283 2798 Z.
306 2767 408 2799 Bent.
434 2767 512 2808 Bip.
531 2767 623 2798 Perl.
665 2766 784 2802 Quidni
800 2776 861 2808 pro
877 2766 962 2801 Quid
979 2766 1034 2797 isti
1053 2766 1241 2797 Boiu-39
1259 2765 1456 2796 Etiamnunc
1477 2765 1585 2805 paula-
