1945 3296
335 237 420 279 104
627 243 842 275 JoANle
874 241 1183 274 'rnuonochi
1218 241 1495 273 BELLOVACI

390 339 520 377 Tertia
538 339 611 377 fuit
631 340 1192 381 HEAUTONTIMORUMENOS‚
1224 341 1269 373 ut
1297 342 1453 374 constat
1471 349 1518 374 ex
1539 334 1790 383 Didascaliis,

338 415 426 454 quae
447 403 485 440 in
506 404 632 441 fronte
650 403 754 441 illius
774 403 970 452 leguntur,
1000 401 1040 438 in
1071 399 1157 437 haec
1187 399 1333 437 verba:
1364 404 1374 421 ‘
1393 400 1491 437 Acta
1508 400 1623 438 tertia
1644 401 1702 439 M.
1721 402 1792 439 Ju-

336 467 466 504 ventio
487 474 527 505 et
547 467 602 504 M.
625 465 853 518 Sempronio
875 463 1003 501 Coss!
1059 462 1136 506 Qui
1155 462 1336 501 consules
1363 462 1521 502 fuerunt
1549 476 1652 502 anno
1672 465 1721 502 ab
1742 465 1790 503 U.

340 531 385 568 C.
409 531 501 568 591.

393 593 577 644 Sequitur
595 600 735 644 quarta
755 592 984 637 PuoRnno,
1006 590 1054 629 de
1073 603 1152 641 qua
1173 589 1438 629 Didascaliae:
1468 595 1479 613 ‘
1501 591 1624 630 Facta
1642 598 1703 630 est
1723 593 1794 631 IV.

341 658 387 695 C.
410 658 572 704 Fannio,
595 658 651 695 M.
672 656 828 694 Valerio
850 655 978 693 Coss-²
1019 653 1136 698 Quod
1155 654 1269 692 etiam
1289 660 1454 692 testatur
1470 655 1667 701 Donatus,
1687 655 1794 694 Prae-

340 722 487 759 satione
506 722 545 759 in
566 721 667 759 hanc
688 720 901 758 Fabulam:
932 724 941 740 ‘
959 718 1076 756 Edita
1094 724 1154 755 est
1171 724 1310 768 quarto
1329 717 1416 756 loco
1437 717 1493 756 M.
1517 718 1671 757 Valerio
1690 728 1730 758 et
1748 722 1795 758 C.

343 785 494 823 Fannio
526 785 655 823 Coss.'
709 785 806 823 Post
836 783 1110 821 Phormionem
1142 782 1277 833 quinta
1306 788 1367 820 est
1396 781 1502 820 edita
1533 783 1796 830 Eunomus,

340 849 480 887 iisdem
502 850 615 887 Coss.
636 848 774 887 iisdem
796 847 1010 890 AEdilibus3
1040 846 1162 884 habes
1183 845 1224 882 id
1245 858 1292 883 ex
1313 845 1564 893 Didascaliis,
1583 854 1624 885 et
1650 847 1797 886 Donati

344 913 580 951 Praefatione
598 914 637 950 in
656 913 758 951 hanc
780 911 994 950 Fabulam:
1024 923 1127 948 anno
1149 909 1327 947 nimirum
1347 910 1396 947 ab
1417 909 1467 947 U.
1490 908 1536 947 C.
1557 911 1648 949 593.

399 978 466 1016 Bis
486 978 623 1016 eodem
646 977 708 1015 die
728 977 921 1028 producta
939 976 978 1013 in
1000 988 1172 1021 scenam,
1202 973 1355 1012 tertium
1377 973 1547 1025 denique
1566 981 1681 1014 acta:
1710 988 1798 1028 pre-

343 1042 440 1080 tium
460 1050 548 1079 octo
568 1041 734 1080 millibus
756 1040 975 1079 sestertium
997 1046 1240 1077 numeratum
1260 1044 1322 1076 est
1340 1037 1489 1075 Poetae.

399 1107 622 1143 ADELPHOE
644 1112 756 1143 sexta
775 1112 835 1143 est
856 1102 1058 1141 Comoedia
1078 1116 1100 1141 a
1119 1101 1299 1140 Terentio
1326 1102 1443 1148 facta,
1474 1114 1598 1152 eaque
1617 1102 1722 1141 edita
1741 1110 1802 1142 est

347 1170 466 1208 Lucio
497 1169 648 1216 Anicio,
681 1170 737 1206 M.
773 1168 956 1208 Cornelio
993 1167 1106 1205 Coss.
1137 1166 1212 1204 hoc
1243 1172 1316 1213 est,
1349 1179 1452 1204 anno
1483 1167 1532 1204 ab
1565 1167 1614 1205 U.
1635 1167 1682 1206 C.
1708 1169 1800 1206 594.

347 1233 468 1272 Ludis
488 1233 712 1272 funebribus
734 1233 775 1270 L.
799 1232 942 1270 AEmilii
961 1231 1088 1278 Pauli,
1122 1238 1167 1269 ut
1195 1231 1316 1269 habes
1348 1230 1387 1267 in
1421 1230 1672 1269 Didascaliis.
1730 1232 1803 1270 Iis-

348 1298 437 1335 dem
473 1297 591 1335 Ludis
622 1297 849 1334 funebribus
880 1295 1003 1334 relata
1038 1295 1207 1346 Hecyra,
1241 1293 1311 1332 sed
1343 1306 1421 1332 non
1442 1294 1603 1345 placuit,
1623 1301 1668 1333 ut
1685 1295 1803 1333 estin

349 1361 602 1399 Didascaliis.
659 1361 772 1399 Prius
794 1367 924 1398 tamen
944 1360 984 1397 in
1005 1373 1162 1398 scenam
1182 1357 1376 1409 producta
1393 1364 1455 1396 est
1483 1358 1653 1410 Hecyra,
1687 1371 1804 1410 quam

350 1425 558 1476 Adelphoe,
591 1432 636 1463 ut
668 1424 811 1476 colligo
846 1437 894 1462 ex
927 1424 1098 1470 Donato,
1134 1423 1200 1474 qui
1230 1422 1347 1460 dicit:
1378 1426 1388 1443 ‘
1407 1422 1567 1459 Factam
1595 1430 1636 1460 et
1660 1422 1804 1460 editam

350 1490 486 1538 quinto
507 1489 622 1527 loco.’
679 1489 800 1535 Male,
827 1494 872 1525 ut
891 1487 1133 1529 audivimus3
1162 1486 1235 1523 nisi
1262 1484 1424 1536 perinde
1442 1484 1623 1523 habueris
1642 1485 1806 1536 primam

350 1552 452 1590 illius
473 1552 698 1599 editionem,
726 1552 800 1589 Cn.
823 1551 1002 1598 Octavio,
1022 1551 1068 1589 Τ.
1089 1550 1237 1588 Manlio
1258 1549 1371 1587 Coss.
1392 1549 1504 1599 quasi
1523 1549 1680 1587 omnino
1700 1549 1807 1588 edita

351 1629 430 1653 non
452 1623 569 1664 esset,
589 1630 677 1655 cum
696 1629 822 1667 neque
844 1621 1034 1666 spectata,
1055 1626 1181 1665 neque
1212 1620 1301 1651 acta
1333 1620 1427 1651 tunc
1460 1612 1536 1656 sit;
1566 1625 1693 1664 neque
1723 1619 1807 1652 tum

352 1680 454 1718 male
471 1679 578 1718 dices
609 1685 618 1701 ‘
636 1681 770 1731 quinto
791 1679 906 1727 loco,'
934 1692 1023 1717 cum
1056 1678 1246 1729 producta
1278 1683 1338 1715 est
1367 1676 1427 1714 his
1457 1676 1561 1714 ludis
1580 1675 1806 1716 funebribus

355 1744 497 1781 AEmilii
528 1744 642 1782 Pauli
673 1751 763 1782 ante
784 1743 989 1794 Adelphoe.
1046 1744 1174 1787 Quare
1196 1741 1414 1780 audiendus
1434 1753 1514 1778 non
1534 1746 1595 1779 est
1614 1740 1808 1789 Donatus,

355 1809 421 1857 qui
442 1821 527 1846 eam
548 1812 557 1829 ‘
576 1809 750 1847 secundo
769 1810 856 1847 loco
877 1814 1003 1846 actam
1024 1807 1130 1852 dicit,
1148 1807 1263 1845 etiam
1279 1814 1360 1844 tum
1377 1804 1464 1843 rudi
1479 1804 1632 1843 nomine
1649 1805 1807 1850 Poetae:

354 1872 484 1922 itaque
506 1872 560 1909 sic
581 1873 871 1923 pronuntiatum
892 1871 1083 1922 Adelphoe
1103 1870 1286 1915 Terentii,
1313 1882 1392 1907 non
1412 1868 1581 1907 Terentii
1591 1868 1807 1920 ·Adelphoe.

357 1934 474 1977 Quod
504 1934 632 1973 adhuc
665 1935 713 1973 de
746 1935 904 1973 Fabulae
934 1935 1058 1986 magis
1091 1934 1243 1972 nomine
1276 1933 1412 1979 Poeta,
1441 1944 1557 1983 quam
1592 1931 1641 1970 de
1674 1932 1808 1972 Po'etae

358 1999 515 2036 nomine
543 1999 694 2037 Fabula
713 1999 1078 2038 commendaretur.’
1135 1999 1233 2042 Quae
1264 1997 1384 2036 futilis
1413 1997 1697 2051 argumentatio
1725 2004 1807 2036 est:

358 2076 449 2100 nam
470 2062 579 2100 nulla
599 2063 833 2101 Fabularum
853 2063 1020 2102 Terentii
1040 2061 1288 2113 pronuntiata
1307 2068 1367 2099 est
1385 2060 1622 2107 TERENTII,
1645 2061 1810 2112 exempli

360 2127 498 2178 gratia,
541 2126 767 2173 Pnomno,
814 2128 1372 2171 HEAUTONTIMORUMENOS,
1411 2131 1619 2175 antequam
1656 2125 1811 2163 tertium

360 2190 586 2228 edoceretur
620 2191 846 2230 Eunuchus.
913 2191 1037 2242 quue
1070 2192 1251 2229 observat
1287 2190 1467 2227 Donatus
1502 2188 1738 2227 Praefatione
1770 2189 1810 2227 in

363 2256 608 2303 Eunuchum,
637 2257 792 2295 tertium
812 2257 955 2296 editam
974 2256 1094 2294 fuisse
1114 2263 1205 2307 post
1223 2254 1489 2305 Adelphorum
1507 2249 1731 2292 editionem.

522 2507 797 2551 JOANNIS
839 2508 1245 2551 THEODORICI
1287 2505 1649 2550 BELLOVACI

706 2596 949 2628 NOMINUM
981 2595 1277 2628 COMICORUM
1307 2595 1463 2628 RATIO.

368 2681 463 2718 Nox
487 2688 547 2717 est
567 2679 614 2719 de
634 2681 765 2728 nihilo,
787 2683 891 2733 quod
912 2685 1037 2734 po'e'tae
1054 2684 1202 2722 Comici
1222 2690 1289 2722 aut
1307 2683 1391 2721 haee
1409 2688 1476 2720 aut
1493 2680 1560 2718 illa
1579 2679 1737 2718 nomina
1755 2677 1815 2714 in-

368 2744 547 2782 diderunt
580 2757 733 2783 suarum
763 2748 939 2796 personis
970 2748 1200 2786 fabularum.
1259 2747 1386 2797 Hujus
1417 2745 1471 2784 rei
1492 2741 1728 2795 amplissima
1746 2740 1814 2779 tibi
