1976 3296
746 246 1017 276 PRAEFATIO.
1550 240 1602 278 21

156 341 328 382 tandem
350 341 393 381 in
415 341 550 381 tribus
572 341 789 394 prioribus
812 340 1059 381 Comoediis
1081 353 1298 393 expressa
1318 354 1601 394 personarum

156 409 365 456 omnium,
386 421 483 461 quae
506 408 856 456 introducuntur,
878 408 1004 448 initio
1024 421 1149 448 novae
1173 421 1318 448 scenae
1340 422 1601 449 commemo-

153 476 293 525 rati03
324 474 368 514 in
390 475 527 515 tribus
549 475 661 515 enim
685 475 1004 527 posterioribus
1027 488 1111 515 una
1132 479 1295 515 tantum
1318 489 1524 528 persona,
1550 491 1603 517 ea

152 541 341 590 scilicet,
362 555 459 594 quae
478 543 619 594 prima
638 543 844 596 loquitur,
877 543 1139 582 nominatur.
1202 543 1252 582 ln
1278 542 1445 583 Andria
1468 544 1597 583 inter-

152 608 256 648 dum
275 610 416 662 prima
436 622 583 649 scenae
614 610 731 650 linea
762 611 897 650 minio
934 611 1024 651 sive
1055 611 1181 651 rubro
1214 611 1361 651 colore
1393 610 1598 651 distincta

153 679 235 715 est.

207 743 377 784 Textus
396 744 594 785 inclusus
610 748 678 785 cst
697 745 809 784 binis
829 744 957 785 lineis
976 745 1031 786 ab
1054 749 1238 797 utroque
1260 744 1392 784 latere
1417 757 1601 797 perpen-

150 810 433 852 dicularibus.
492 811 617 852 Binae
639 812 765 852 lineae
788 824 970 864 superne
1003 811 1143 852 ductae
1178 812 1303 852 initio
1327 818 1479 852 textus
1501 813 1597 852 toti-

148 877 336 931 demque
376 879 490 920 infra
522 893 601 933 per
640 883 778 920 totum
813 880 1079 920 membranae
1120 880 1312 932 spatium
1353 879 1595 920 decurrunt.

149 944 314 986 Ceterae
336 950 462 989 extra
483 947 679 1000 spatium
713 951 862 988 textus
894 960 977 987 non
998 951 1221 1000 vagantur.
1283 946 1445 987 Omnes
1465 947 1594 987 lineae

146 1013 267 1066 stylo
289 1013 437 1055 ductae
461 1020 575 1064 sunt,
591 1016 712 1056 nullo
735 1015 927 1056 adhibito
944 1002 1107 1063 colore,
1136 1014 1328 1068 stylique
1352 1015 1459 1054 satis
1478 1016 1598 1055 acuti

145 1082 378 1136 ipsamque
417 1084 710 1125 membranam
746 1084 978 1124 incidentis
1009 1087 1239 1136 supersunt
1266 1082 1453 1134 vestigia
1484 1084 1595 1124 satis

145 1150 282 1192 clara.
342 1151 541 1204 Singulae
577 1153 752 1205 paginae
783 1153 1025 1193 consistunt
1058 1162 1225 1192 XXVII.
1259 1151 1402 1200 lineis,
1433 1152 1594 1205 quibus

145 1222 294 1258 textus
313 1219 522 1260 continuo
543 1220 637 1260 sive
654 1233 742 1261 una
759 1220 869 1260 serie
887 1220 1123 1273 inscriptus
1147 1224 1229 1259 est.
1289 1217 1593 1260 Atramentum

143 1299 227 1326 non
247 1285 431 1338 nigrum,
448 1287 525 1327 sed
546 1286 709 1327 flavum
732 1292 775 1328 et
790 1287 1015 1340 pallidum.
1077 1286 1329 1335 Character,
1345 1300 1433 1339 quo
1450 1287 1593 1328 codex

144 1360 354 1394 exaratus
385 1358 466 1404 est,
494 1356 764 1395 minusculus
799 1360 969 1395 erectus
998 1355 1153 1395 saeculi
1186 1355 1344 1395 decimi
1367 1354 1434 1395 vel
1454 1355 1593 1394 unde-

143 1421 260 1471 cimi,
282 1427 574 1475 praeterquam
595 1423 714 1476 quod
737 1422 952 1464 interdum
977 1435 1062 1462 non
1083 1422 1224 1463 solum
1244 1422 1429 1474 singulae
1450 1422 1590 1462 literae

140 1490 334 1530 unciales
352 1495 465 1540 sunt,
484 1490 562 1531 sed
585 1491 750 1544 passim
770 1503 906 1533 voces
927 1493 968 1530 et
981 1491 1158 1543 integrae
1171 1490 1300 1530 lineae
1313 1489 1472 1529 iisdem
1489 1502 1595 1530 con-

139 1560 256 1597 stant
274 1557 417 1598 literis
440 1559 701 1599 uncialibus.
761 1557 1011 1599 Occurrunt
1031 1558 1098 1597 hae
1115 1558 1249 1598 literae
1274 1558 1318 1597 in
1342 1557 1590 1598 nominibus

138 1637 445 1678 personarum,
466 1638 564 1678 quae
587 1626 865 1666 sermonibus
887 1624 1185 1678 praefiguntur,
1209 1625 1367 1665 deinde
1387 1625 1431 1665 in
1452 1624 1589 1677 epilo-

138 1704 194 1744 go
219 1692 276 1732 ad
305 1692 471 1733 calcem
497 1693 839 1742 Comoediarum,
879 1694 1053 1734 tandem
1087 1693 1209 1733 initio
1245 1693 1490 1745 argumenti
1519 1692 1590 1733 vel

136 1760 321 1814 prologi.
379 1760 484 1801 Tria
520 1766 663 1803 autem
695 1762 929 1802 uncialium
959 1774 1121 1813 genera
1143 1760 1351 1813 distingui
1371 1764 1588 1814 possunt;

135 1827 325 1881 primum
348 1841 576 1869 commune
606 1834 650 1869 et
680 1835 943 1869 consuetum
963 1832 1052 1879 est3
1086 1828 1344 1876 secundum,
1374 1827 1490 1880 quod
1519 1840 1587 1867 re—

136 1895 358 1936 centiores
379 1896 653 1950 diplomatici
675 1897 933 1950 scripturam
956 1897 1193 1949 capitalem
1211 1899 1385 1943 vocant,
1408 1895 1585 1948 conspi-

134 1963 245 2003 citur
258 1963 302 2003 in
320 1963 456 2003 literis
477 1976 702 2004 scenarum
734 1965 1004 2014 initialibus3
1034 1964 1148 2004 tertii
1179 1964 1463 2016 paucissimae
1487 1967 1587 2002 sunt

133 2030 285 2079 literae,
307 2030 421 2071 ultra
442 2036 697 2073 consuetum
713 2031 891 2072 modum
908 2032 1110 2084 grandes,
1138 2036 1181 2071 et
1203 2032 1336 2072 variis
1359 2043 1586 2071 ornamen-

132 2098 187 2138 tis
208 2098 385 2147 cinctae,
406 2098 576 2139 scilicet
595 2099 785 2139 initiales
808 2099 962 2152 primae
985 2111 1129 2139 scenae
1158 2099 1200 2138 in
1237 2111 1317 2138 sex
1339 2097 1586 2138 Comoediis

133 2169 179 2204 et
196 2165 325 2205 litera
345 2165 385 2205 T
405 2165 534 2206 initio
563 2167 696 2207 totius
726 2167 838 2207 libri.
899 2167 951 2207 In
983 2166 1120 2207 literis
1153 2166 1400 2207 uncialibus
1429 2164 1505 2205 VS
1539 2166 1584 2205 in

132 2245 261 2272 unam
282 2231 466 2284 figuram
487 2234 713 2284 coalescit,
749 2239 797 2276 ut
830 2235 860 2275 S
894 2247 1028 2288 supra
1063 2234 1261 2274 dextrum
1293 2246 1423 2274 cornu
1445 2232 1582 2273 literae

132 2298 176 2340 V
195 2301 385 2354 positum
409 2301 483 2342 sit.

187 2367 524 2409 Abbreviaturae
546 2369 639 2409 sive
669 2368 930 2423 compendia
950 2368 1179 2418 scribendi,
1198 2369 1299 2408 licet
1318 2381 1403 2408 non
1425 2367 1583 2416 desint,

129 2438 275 2476 tamen
294 2447 436 2489 neque
454 2439 627 2476 textum
649 2436 777 2476 valde
811 2441 1008 2486 onerant,
1035 2449 1177 2489 neque
1209 2435 1460 2488 sequiorem
1484 2447 1581 2488 pro‘

130 2502 237 2542 dunt
257 2507 448 2543 aetatem.
511 2503 559 2543 Si
587 2516 687 2544 cum
718 2504 865 2544 multis
887 2504 990 2553 illis,
1014 2517 1115 2558 quae
1143 2503 1196 2543 cl.
1221 2502 1429 2542 Mannert
1450 2500 1583 2555 (Mis-

133 2568 220 2610 cell.
238 2569 352 2609 meist
374 2568 658 2624 diplomatisclz
682 2569 840 2611 Inhalts
862 2586 905 2625 p.
925 2571 1020 2626 42.)
1041 2572 1117 2612 aeri
1139 2569 1373 2611 incidenda
1401 2569 1583 2619 curavit,

129 2642 456 2690 comparantur,
495 2651 724 2691 perpauca
763 2652 862 2680 esse
903 2640 1041 2681 dices.
1100 2637 1295 2679 Afferam
1329 2650 1387 2677 ex
1419 2637 1580 2678 tabulis

128 2703 447 2744 Mannertianis
468 2705 818 2755 abbreviaturas,
851 2707 889 2746 si
921 2719 1007 2747 non
1029 2718 1196 2753 omneS‚
1217 2708 1360 2744 tamen
1380 2716 1581 2756 magnam

127 2776 300 2824 partem
326 2783 489 2821 earum,
520 2784 632 2826 quas
663 2773 707 2813 in
732 2774 889 2814 codice
920 2774 1106 2815 Halensi
1128 2770 1422 2827 deprehendi3
1454 2783 1489 2810 e.
1521 2782 1581 2821 gr.
