1903 3306
274 192 361 235 482
765 204 808 234 P.
841 196 1083 233 TERENTu
1119 201 1236 233 Arm

273 301 372 343 Eho
411 302 488 343 tu!
531 301 657 343 emin'
698 314 781 354 ego
823 301 897 341 te‘?
958 300 1047 341 Do.
1095 298 1271 340 Emisti.
1332 298 1423 339 ΡΥ.
1457 296 1589 347 Jube,
1626 290 1732 337 mihi

448 370 597 411 denuo

277 437 580 491 Respondeat.
641 437 731 478 PH.
763 437 905 489 Roga.
967 436 1058 477 PY.
1099 433 1316 477 Venistin’
1350 433 1485 476 hodie
1526 431 1583 474 ad
1614 431 1732 474 nos?

446 509 593 559 negat.
1677 499 1735 541 25

275 572 338 615 At
355 573 428 614 ille
450 574 559 615 alter
578 572 714 621 venit,
736 583 873 612 annos
892 575 1027 611 natus
1051 570 1262 620 sedecim,

276 641 422 692 Quem
453 654 604 682 secum
636 639 824 681 adduxit
850 638 1082 679 Parmeno.
1142 637 1232 678 PH.
1283 635 1501 691 Agedum,
1521 636 1605 677 hoc
1625 634 1736 677 mihi

448 708 612 762 expedi

276 777 498 818 Primum:
520 777 652 817 istam
673 787 804 829 quam
824 773 982 824 habes,
1007 772 1122 814 unde
1141 773 1300 823 habes,
1322 771 1525 813 vestem'l
1549 769 1704 811 taces?

277 843 527 886 Monstrum
546 843 739 884 hominis
757 842 765 883 !
787 855 876 882 non
897 842 1126 883 dicturus?
1189 841 1279 882 Do.
1309 839 1450 881 Venit
1466 838 1662 880 Chaerea.

276 912 368 952 ΡΗ.
401 911 645 953 Fraterne‘?
706 909 795 951 Do.
841 909 927 951 Ita.
990 910 1080 950 PH.
1133 908 1370 959 Quando?
1432 907 1522 949 Do.
1566 905 1735 948 Hodie.

449 979 543 1020 PH.
576 977 923 1029 Quamdudum‘?
986 977 1074 1018 Do.
1109 976 1267 1017 Modo.
1679 973 1737 1014 30

277 1046 368 1087 PH.
402 1045 625 1097 Quicum?
686 1045 774 1086 Do.
807 1043 920 1085 Cum
942 1044 1238 1086 Parmenone.
1288 1042 1380 1084 PH.
1411 1038 1614 1084 Norasne
1635 1053 1736 1082 eum

450 1114 608 1168 prius?

279 1183 370 1224 Do.
401 1181 531 1234 Non3
561 1194 659 1232 nec,
683 1181 785 1235 quis
806 1184 941 1231 esset,
964 1193 1157 1233 unquam
1179 1178 1405 1221 audieram
1427 1177 1578 1220 dicier.

277 1304 496 1342 istum,necne.
523 1304 592 1335 Eho
609 1307 653 1343 tu,
662 1314 735 1335 num
743 1314 799 1344 ego
808 1304 867 1335 emi
880 1306 931 1334 te?
955 1303 1025 1334 Do.
1041 1302 1170 1333 Emisti.
1194 1301 1263 1333 ΡΥ.
1282 1301 1420 1341 Impera,
1432 1304 1467 1332 ut
1477 1309 1585 1332 rursus
1599 1298 1677 1331 mihi
1691 1308 1740 1330 re·

276 1349 435 1388 spondeat.
469 1348 538 1379 ΡΗ.
555 1348 733 1387 Interroga.
764 1348 834 1378 ΡΥ.
857 1346 1113 1378 Venistinekodie
1127 1347 1160 1376 in
1175 1346 1296 1375 domum
1306 1347 1461 1375 nostram?
1479 1344 1596 1383 Negat.
1629 1343 1677 1373 At
1687 1342 1740 1373 ille

278 1392 360 1422 alter
373 1392 562 1430 venit,quem
571 1392 701 1421 deduxit
715 1399 817 1421 secum
829 1390 997 1428 Parmeno,
1006 1392 1098 1419 nutus
1113 1398 1208 1418 annos
1221 1387 1361 1418 sedecim.
1386 1387 1457 1418 Pu.
1472 1385 1628 1427 Agedum,
1640 1386 1740 1424 Dore,

278 1434 334 1464 hoc
347 1434 426 1464 mihi
440 1434 559 1474 explica
572 1434 729 1473 primum:
752 1434 832 1464 unde
847 1432 986 1463 sumsisti
1000 1432 1078 1462 liano
1094 1435 1217 1468 restem,
1232 1441 1290 1471 qua
1302 1430 1430 1460 indutus
1451 1427 1506 1461 es?
1529 1432 1634 1460 taces?
1655 1438 1740 1459 mon-

278 1479 377 1508 strose
406 1478 505 1512 homo,
525 1487 565 1507 an
584 1486 645 1507 non
672 1477 813 1507 dicturus
834 1479 884 1506 es?
943 1475 1014 1506 Do.
1042 1474 1134 1505 Venit
1167 1474 1305 1505 Clzoerea.
1353 1473 1423 1504 Pu.
1456 1472 1611 1503 Fraterne
1637 1473 1742 1503 meus?

279 1520 349 1551 Do.
373 1521 437 1551 Ita.
483 1520 556 1551 Pu.
581 1517 732 1554 Quando?
778 1519 848 1550 Do.
873 1516 985 1548 Hodie.
1033 1517 1103 1547 Pu.
1130 1516 1375 1556 Quampridem?
1419 1516 1491 1546 Do.
1514 1515 1622 1545 Modo.
1665 1514 1740 1545 Pa.

282 1560 452 1603 Cumquo?
509 1563 578 1594 Do.
605 1562 685 1593 Cum
711 1562 915 1592 Parmenone.
966 1560 1039 1591 ΡΗ.
1063 1560 1115 1590 Αη
1131 1559 1271 1597 fratrem
1296 1568 1395 1589 meum
1417 1561 1510 1588 antea
1536 1558 1741 1597 cognoveras?

279 1605 351 1638 Do.
375 1606 524 1647 Minime,
550 1615 605 1637 nec
625 1615 760 1646 unquam
780 1604 818 1635 ab
840 1604 913 1642 ullo,
938 1603 1006 1643 quis
1025 1606 1115 1638 esset,
1136 1603 1198 1633 dici
1216 1603 1441 1633 inaudiveram.
1475 1601 1547 1632 ΡΗ.
1578 1601 1741 1631 Undenam

909 1677 1133 1689 *emec-cocu

280 1736 375 1777 Lips.
388 1740 423 1767 et
437 1736 508 1767 ΕΡ.
521 1737 601 1776 quod
612 1736 744 1775 egerim,
756 1745 811 1775 ego
823 1734 968 1766 nesciam.
979 1734 1092 1764 West.
1115 1731 1157 1763 In
1171 1732 1268 1762 Bem.
1281 1730 1482 1769 estredz‘ges:
1497 1733 1533 1761 at
1546 1728 1580 1759 in
1594 1728 1663 1760 Do.
1679 1737 1741 1769 pro

280 1780 408 1818 egerim,
423 1784 476 1810 est
491 1780 627 1811 emerim.
644 1779 702 1809 Fa.
727 1778 885 1808 Retinuit
895 1778 1066 1817 vulgatum
1083 1775 1245 1806 Faernus.
1267 1773 1334 1804 Sed
1353 1778 1446 1804 recte
1462 1772 1563 1803 habet
1580 1777 1648 1802 tam
1660 1770 1741 1801 redi-

276 1832 451 1863 ges,quan1
460 1822 601 1853 emerim.-
613 1822 723 1852 scribe
734 1826 846 1851 autem
858 1830 918 1860 per
927 1818 1242 1859 interrogationem,
1255 1821 1290 1847 et
1301 1816 1538 1855 distingue,Eo
1547 1814 1671 1853 rediges
1681 1823 1742 1852 me,

280 1869 327 1900 ut,
340 1865 413 1905 quid
421 1866 546 1896 emerim
556 1867 687 1903 egomet,
697 1862 850 1895 nesciam?
864 1864 965 1894 Bent.
986 1862 1054 1901 Ego
1066 1862 1107 1892 R.
1120 1861 1214 1891 Lind.
1242 1859 1268 1890 N
1278 1859 1334 1889 ihi!
1347 1859 1457 1888 verius
1469 1857 1630 1897 lectione,
1640 1866 1741 1898 quam

281 1908 387 1939 Bent.
412 1908 598 1948 revocavit,
620 1908 756 1939 emerim.
781 1908 820 1937 R.
835 1907 880 1937 D.
909 1905 1046 1936 Emerim
1067 1909 1119 1935 est
1146 1904 1176 1933 in
1190 1902 1273 1942 Arg.
1286 1903 1380 1932 1496.
1393 1901 1496 1941 Vulg.
1513 1898 1743 1941 egerim,quod

281 1960 349 1982 non
367 1956 484 1991 aptum
501 1960 595 1992 seqq.
618 1951 695 1990 Rip.
720 1950 857 1988 Rediges
886 1948 963 1988 Bip.
981 1947 1084 1978 Both.
1107 1946 1197 1977 Peri.
1224 1945 1362 1975 Emerim
1387 1943 1481 1974 Perl.
1520 1942 1658 1981 Rediges
1683 1951 1743 1981 me,

282 1997 331 2033 ut,
347 1994 421 2033 quid
435 1994 554 2033 egerim
568 1997 701 2032 egomet,
717 1994 849 2023 nesciam
866 1991 1081 2031 welph—25
1108 1989 1174 2020 Hie
1199 1988 1290 2028 Guy.
1312 1987 1482 2027 glossema
1507 1984 1675 2026 agnoscit,
1691 1994 1743 2014 re*

283 2037 447 2076 scribens,
475 2035 596 2068 Venisti
606 2037 645 2066 ad
657 2035 735 2068 nos?
752 2035 836 2066 Mihi
855 2035 936 2064 nihii
954 2032 1152 2064 mutandum
1168 2030 1314 2061 videtur.
1347 2030 1453 2060 Mitto
1469 2029 1556 2059 enini
1574 2027 1617 2063 de
1634 2032 1744 2058 metro

283 2079 413 2119 dicere,
426 2079 514 2120 quod
532 2079 614 2110 satis
631 2079 842 2109 commodum
856 2077 887 2107 in
901 2077 965 2107 hoc
981 2086 1079 2107 versu
1095 2074 1225 2105 invenit
1238 2073 1501 2113 Antesignanus.
1521 2070 1622 2103 West.
1639 2071 1745 2110 Lege,

283 2128 322 2154 ut
336 2129 405 2154 tres
422 2132 463 2153 ex
483 2123 606 2153 nostris
622 2121 760 2159 habent,
782 2120 914 2152 Venisti.
931 2121 1035 2150 Bent.
1073 2119 1143 2150 Cur
1159 2118 1268 2158 ipsum
1283 2117 1413 2146 Dorum
1431 2124 1495 2145 non
1514 2113 1668 2145 audimus
1685 2122 1744 2143 ne-

286 2171 422 2206 gantem
438 2166 449 2195 ?
472 2165 539 2196 Sed
558 2166 605 2195 nil
620 2165 778 2204 ausimus,
791 2163 942 2204 quamvis
956 2172 1018 2192 nec
1036 2167 1181 2192 metrum
1199 2160 1323 2190 satisin
1335 2157 1575 2198 sq.procedat.
1602 2155 1747 2187 Putavi-

286 2219 358 2239 inus
375 2209 422 2239 sic
436 2207 574 2239 rescribi
588 2217 686 2248 posse
701 2218 709 2246 ;
727 2207 785 2237 sed
802 2206 899 2237 nobis
913 2215 979 2236 non
997 2203 1223 2235 satisfacimus
1240 2213 1247 2233 :
1277 2203 1345 2233 Do.
1365 2201 1448 2232 Non.
1472 2201 1539 2232 PY.
1554 2199 1676 2238 Negat,
1689 2199 1744 2238 Asc.

286 2252 364 2293 ssip.
382 2252 501 2283 Venisti
514 2252 704 2282 Bot11.—⁶26
718 2250 810 2289 Guy.
821 2248 859 2279 τὸ
873 2250 954 2279 alter
969 2247 1150 2287 expungit,
1163 2245 1268 2285 magis
1282 2244 1399 2275 volens
1408 2242 1608 2274 Terentium
1622 2246 1744 2281 metro,

288 2304 387 2334 quam
402 2299 546 2325 metrum
560 2293 720 2324 Terentio
735 2293 885 2332 alligare.
919 2291 1024 2322 Certe
1037 2290 1090 2321 ille
1100 2290 1181 2320 alter
1196 2288 1277 2319 satis
1291 2288 1470 2327 eleganter
1486 2285 1623 2316 dicitur.
1643 2284 1744 2316 West.

284 2337 369 2368 Tres
383 2337 490 2368 nostri
502 2336 696 2367 melioribus
710 2335 973 2374 numeris,natus
982 2343 1088 2364 annos.
1100 2333 1203 2362 Bent.
1223 2329 1367 2361 Accedit
1381 2329 1475 2360 Perl.
1485 2326 1647 2359 sexdecim
1658 2326 1744 2358 GM.

286 2383 370 2411 ——27
396 2381 467 2411 Hoc
481 2390 562 2411 nunc
574 2379 650 2410 mihi
678 2379 746 2410 Ms.
763 2378 855 2418 Lips.
877 2378 1062 2407 West.—28
1083 2376 1172 2406 Unde
1187 2373 1279 2405 habes
1295 2373 1401 2410 istam,
1415 2381 1506 2412 quam
1519 2371 1610 2401 habes
1621 2370 1745 2409 Delph.

286 2426 372 2454 —29
397 2421 565 2454 Dicturu’s
593 2422 632 2452 Z.
661 2422 763 2452 Bent.
796 2420 977 2452 Fert—30
1003 2418 1058 2449 Ita
1083 2419 1166 2449 citat
1194 2421 1229 2447 et
1255 2416 1313 2447 Pr.
1331 2425 1364 2455 p.
1382 2417 1477 2445 1184.
1524 2414 1628 2453 Lego,
1652 2412 1745 2443 Meus

280 2466 447 2504 fraterne?
470 2466 526 2497 ita.
549 2466 650 2495 Bent.
696 2463 806 2495 Addit
831 2473 887 2493 nec
907 2461 976 2502 quis
997 2464 1090 2500 esset,
1114 2469 1246 2499 unquam
1271 2458 1430 2489 audieram
1458 2456 1556 2488 dicier
1582 2454 1698 2487 Gueif.
1712 2457 1745 2485 2.

289 2509 379 2539 Perl.
437 2508 489 2539 Ita
519 2511 563 2539 est
590 2508 668 2547 Bip.
702 2506 918 2546 Delph.—32
947 2505 1015 2535 Do.
1033 2504 1117 2534 Non.
1144 2503 1216 2533 Pu.
1248 2501 1336 2532 Unde
1362 2500 1462 2539 igitur
1481 2499 1623 2538 fratrem
1646 2506 1745 2528 meum

288 2561 352 2582 esse
366 2549 509 2582 sciebas?
534 2552 603 2581 Do.
631 2549 800 2588 Parmeno]
816 2549 906 2579 Loco
922 2547 1024 2587 hujus
1039 2546 1129 2576 unici
1144 2554 1274 2583 versus,
1287 2552 1402 2574 omnes
1416 2542 1487 2581 alii,
1501 2546 1630 2582 praeter
1645 2540 1744 2571 Beni.

289 2599 324 2624 et
340 2594 420 2624 Bas.
436 2593 531 2624 binos
547 2593 687 2631 liabent,
704 2593 767 2623 hoc
786 2591 886 2621 modo
904 2601 912 2620 :
935 2590 1005 2620 Do.
1031 2589 1123 2620 Non.-
1147 2598 1200 2619 ner
1216 2586 1285 2627 quis
1308 2588 1400 2624 esset,
1424 2594 1558 2625 unquam
1583 2582 1745 2614 audieram

289 2638 396 2667 dicier.
417 2636 422 2676 1
446 2637 513 2667 PH.
543 2636 629 2666 Unde
644 2636 745 2674 igitur
753 2634 891 2672 fratrem
908 2642 1006 2664 meum
1032 2641 1096 2662 esse
1120 2627 1263 2662 sciebas?
1289 2629 1358 2659 Do.
1383 2628 1549 2659 Parmeno.
1594 2626 1640 2657 Et
1664 2633 1745 2655 sane

290 2680 409 2710 unicus
427 2680 483 2709 ille
502 2688 619 2709 versus
636 2684 689 2708 est
713 2676 908 2717 impeditus.
952 2674 1020 2705 Sed
1043 2683 1172 2705 rursum
1189 2681 1255 2702 non
1278 2671 1439 2702 videntur
1455 2670 1527 2700 haec
1543 2668 1621 2699 mihi
1639 2668 1743 2704 Doro,

289 2722 414 2752 homini
442 2722 579 2752 minime
612 2721 765 2757 verboso,
797 2723 918 2759 utpote
947 2717 1093 2755 novicio,
1119 2715 1314 2747 convenire.
1360 2714 1488 2751 Quare,
1502 2717 1686 2752 utcumque
1709 2719 1745 2741 se

291 2765 414 2796 habeat
434 2774 562 2804 versus,
581 2764 761 2795 tectionem
776 2763 961 2802 vulgatam,
973 2770 1048 2801 quae
1063 2759 1181 2791 eaden]
1194 2756 1430 2798 antiquissima
1442 2759 1506 2796 est,
1521 2753 1744 2796 praetulerim.
