1903 3306
314 251 398 292 :24ss
759 258 1012 289 RlGARDUS
1047 257 1327 288 ssENTLEffis

317 354 482 399 Rursus,
504 354 536 391 si
553 354 601 390 ab
621 352 695 391 hoc
716 351 908 403 Euripidis
930 351 1096 398 senario,
1126 352 1190 401 qui
1206 350 1352 401 primus
1373 349 1544 388 omnium
1566 350 1604 388 in
1626 348 1767 387 Oresta

319 417 517 469 [Hecuba]
536 417 654 463 venit,

585 482 672 519 Ηκὼ
694 494 830 529 νεκρων
847 479 1038 528 κευθμῶνα
1058 492 1118 514 και
1137 476 1266 515 σκοτού
1285 479 1417 522 πυλας,

318 567 458 618 pedem
479 566 731 604 novissimum
753 563 928 607 auferas;
964 562 1180 614 quinarium
1211 562 1293 615 jam
1325 562 1502 609 habebis,
1535 562 1771 614 perfectissi-

320 645 424 669 mum
446 630 622 668 hodierni
643 627 765 667 nostri
785 626 884 678 epici
902 626 1123 678 exemplar:

686 715 775 753 Ηκώ
795 730 930 765 νεκρων
954 713 960 766 Ι
986 715 1173 765 κευθμῶνα
1196 727 1255 750 και
1276 711 1415 749 mco-roi).

414 779 578 830 Though
601 779 713 830 deep,
733 785 797 830 yet
813 778 930 826 clear,
956 776 964 827 l
987 777 1136 828 though
1158 775 1302 828 gentle,
1322 783 1388 827 yet
1405 782 1474 813 not
1493 774 1587 813 dull.

325 878 368 914 In
391 877 555 927 Anglico
579 884 707 914 tamen
728 876 803 914 hoc
825 882 936 914 notes
965 876 1092 923 velim,
1124 882 1202 913 tres
1233 874 1404 926 syllabas
1424 872 1616 924 positione
1637 872 1774 922 longas

322 942 410 979 loco
441 940 612 978 brevium
642 940 747 991 poni.
805 940 883 978 Eas
910 946 953 979 tu
985 947 1137 990 postea,
1172 945 1211 977 et
1242 951 1356 989 quam
1389 936 1593 975 Denhamo
1627 937 1778 974 veniam

325 1004 523 1051 concedis,
543 1004 723 1042 Terentio
757 1017 891 1055 neges.
950 1003 1280 1042 Perfectissimum
1310 1008 1436 1039 autem
1469 999 1666 1051 exemplar
1691 999 1778 1037 ideo

326 1069 503 1121 appello;
534 1075 577 1106 ut
596 1068 722 1119 po'etis
738 1067 991 1115 nostratibus,
1012 1068 1158 1119 ingenii
1179 1080 1273 1105 sane
1293 1078 1480 1116 venaeque
1500 1063 1690 1110 felicibus,
1710 1062 1779 1101 sed

325 1133 550 1172 eruditionis
583 1132 778 1171 interdum
805 1132 982 1178 modicis,
1014 1132 1107 1183 quid
1140 1130 1316 1169 hodierni
1350 1129 1464 1181 epici,
1502 1141 1579 1179 quo
1611 1127 1781 1165 numeris

327 1198 502 1235 omnibus
538 1197 739 1235 absolutus
773 1197 854 1244 fiat,
887 1197 1089 1248 rhythmus
1123 1196 1340 1247 geniusque
1375 1193 1446 1231 sibi
1480 1199 1632 1245 poscat,
1658 1191 1782 1229 obiter

329 1261 560 1299 ostendam:
590 1262 628 1299 in
649 1261 824 1300 versibus
845 1275 984 1313 nempe
1005 1261 1167 1312 singulis
1197 1266 1275 1297 tres
1298 1257 1469 1310 syllabas
1487 1257 1636 1295 breves.
1695 1256 1782 1293 Hoc

330 1338 423 1362 sane
444 1324 710 1363 confitendum
729 1331 803 1371 est,
824 1338 982 1363 avorum
999 1331 1187 1376 tempore,
1205 1323 1363 1361 scabros
1379 1333 1616 1372 asperosque
1635 1333 1784 1366 versus,

328 1379 474 1440 magno
491 1389 696 1439 longarum
715 1387 888 1440 pondere
921 1395 1098 1434 onustos,
1121 1387 1347 1438 plerumque
1379 1385 1545 1424 exiisse:
1575 1383 1784 1423 hodiernos

331 1460 461 1492 autem
480 1454 616 1504 po'etas
637 1452 754 1503 longe
785 1466 851 1491 eos
882 1453 1084 1491 teretiores
1116 1451 1425 1501 tornatioresque
1451 1449 1567 1492 dare3
1604 1447 1674 1486 sed
1694 1461 1786 1486 aure

330 1517 508 1555 fortassis
529 1516 728 1566 magistra,
761 1529 838 1554 non
868 1523 974 1559 arte;
1005 1529 1094 1567 quae
1123 1522 1253 1553 tamen
1287 1527 1348 1552 ars
1375 1513 1564 1565 principio
1587 1512 1786 1564 jndicibus

332 1582 486 1618 auribus
521 1580 750 1618 dedebatur.
809 1580 966 1618 Habent
1004 1579 1146 1630 itaque,
1178 1578 1282 1629 quod
1317 1578 1355 1614 in
1389 1577 1509 1628 longo
1547 1589 1641 1615 sane
1670 1589 1786 1628 opere

332 1646 475 1683 frustra
512 1644 810 1696 expectandum,
852 1643 892 1681 in
934 1643 1212 1694 epigrammate
1255 1641 1314 1678 vel
1363 1639 1530 1691 elegiola
1566 1639 1679 1678 facile
1717 1640 1787 1677 ob-

333 1708 550 1755 tinendum,
588 1721 723 1747 versus
761 1707 860 1760 epici
897 1706 1122 1758 exemplar;
1156 1717 1233 1755 quo
1263 1711 1302 1742 et
1336 1716 1519 1742 numerus
1548 1704 1722 1742 brevium
1750 1708 1789 1741 et

335 1774 450 1812 sedes
471 1772 742 1811 ostenduntur.
797 1771 1031 1822 Quanquam
1063 1770 1101 1807 in
1129 1767 1272 1807 nostris
1304 1775 1364 1807 est
1396 1773 1435 1806 et
1464 1768 1641 1807 varietati
1663 1767 1785 1814 locus,

336 1844 380 1875 ut
399 1838 435 1875 in
457 1837 516 1875 his
536 1850 544 1874 :

446 1923 612 1973 Though
633 1920 745 1972 deep,
766 1927 833 1973 yet
850 1920 977 1963 clear;
998 1919 1148 1969 though
1169 1918 1313 1970 gentle,
1334 1924 1400 1970 yet
1419 1923 1488 1956 not
1507 1917 1611 1960 dull;

444 1986 588 2037 Strong
606 1986 770 2024 without
789 1998 897 2036 rage,
915 1982 1077 2022 without
1095 1982 1329 2034 o'erflowing
1349 1981 1433 2019 full.

340 2080 446 2117 Ictus
467 2079 505 2116 in
526 2078 600 2116 hoc
620 2077 846 2129 posteriore,
866 2076 933 2126 qui
952 2076 991 2113 in
1012 2074 1186 2113 secunda
1208 2073 1357 2125 syllaba
1376 2072 1458 2111 fieri
1478 2073 1590 2118 solet,
1611 2072 1648 2109 in
1669 2073 1791 2122 prima

340 2144 409 2186 fit;
439 2148 478 2181 et
496 2149 657 2180 venuste
688 2140 871 2191 quidem:
904 2140 1022 2178 modo
1053 2151 1138 2177 raro
1169 2139 1248 2184 fiat,
1277 2150 1322 2175 ac
1340 2136 1467 2175 brevis
1488 2143 1684 2187 sequatur.
1743 2136 1793 2174 Et

340 2207 472 2244 nescio
492 2205 686 2256 equidem,
707 2217 755 2242 an
775 2204 813 2241 in
833 2204 1014 2242 Terentio
1037 2215 1205 2254 quoque,
1235 2214 1321 2238 cum
1351 2200 1566 2238 trimetrum
1586 2199 1791 2250 aliquoties

341 2270 497 2308 inchoet
517 2271 579 2316 ab,
611 2268 751 2315 hicine,
778 2267 931 2314 hocine,
954 2266 1086 2313 sicine,
1106 2264 1240 2311 libera,
1260 2277 1338 2302 non
1357 2264 1395 2301 in
1415 2263 1574 2315 primam
1596 2263 1793 2301 retrahen-

345 2334 418 2371 dus
439 2334 489 2371 sit
508 2340 708 2378 accentus,
738 2331 870 2378 libera,
901 2334 975 2369 &c.
1006 2331 1122 2368 etiam
1155 2330 1194 2366 in
1228 2329 1417 2372 iambico;
1450 2329 1498 2366 ob
1532 2328 1572 2366 τὸ
1599 2328 1794 2379 ἰσόχρονον

344 2397 493 2435 scilicet
512 2404 551 2434 et
571 2398 785 2447 ὶσόῤῥυθμον
806 2408 815 2438 ;
831 2408 919 2433 cum
940 2394 1158 2445 rhythmus,
1180 2392 1460 2443 Hephaestione
1474 2398 1588 2437 teste,
1605 2391 1654 2429 sit
1673 2397 1795 2429 metro

343 2461 549 2511 potentior.
603 2460 695 2497 Tale
716 2459 812 2497 illud
832 2459 975 2505 Plauti,
998 2457 1170 2495 Rudent.
1192 2469 1242 2493 11.
1265 2456 1301 2492 6.
1324 2456 1387 2493 29.
1699 2455 1704 2460 ”

560 2551 737 2588 Piscibus
759 2551 796 2587 in
819 2550 898 2588 alto
913 2549 1031 2588 credo
1051 2548 1226 2600 praebent
1244 2545 1427 2597 pabulum
1447 2560 1454 2583 :

348 2639 426 2686 ubi,
448 2637 632 2688 piscibus,
652 2635 834 2674 libentius
854 2635 1040 2681 efferrem,
1061 2647 1190 2685 quam,
1209 2630 1393 2684 piscibus.
