1976 3296
751 201 1021 232 PRAEFA'HO,
1588 191 1615 231 7

159 306 286 348 1490.
316 307 362 344 et
389 301 516 344 1512.
548 298 805 351 Argentina,
832 295 953 336 Anni
985 293 1112 336 1499.
1143 294 1418 334 Basileensis
1439 307 1495 334 ex
1523 294 1614 335 offi-

159 374 259 415 cina
279 369 570 417 Frobeniana,
594 366 712 407 Anni
734 364 863 406 1538.
918 362 1224 416 Lugdunensis
1245 360 1371 402 1511.
1417 361 1613 402 Pictavi-

159 440 292 488 ensis,
326 439 422 479 sine
455 449 568 477 anno
603 433 828 486 ascript03
860 431 1131 472 Basileensis
1163 430 1316 478 altera,
1347 426 1466 469 Anni
1487 429 1612 468 1548.

157 506 434 548 Parisienses
458 504 574 552 duae,
595 515 650 542 ex
674 500 849 542 officina
880 498 996 539 Rob.
1024 497 1249 550 Stephani,
1283 509 1467 549 quarum
1498 496 1615 549 prior

156 572 285 614 Anno
306 571 434 612 1536.
456 571 503 610 in
523 570 663 610 forma
683 568 891 615 maxima,
914 566 1049 606 altera
1069 564 1201 605 Anno
1221 565 1347 604 1540.
1370 565 1414 604 in
1434 564 1615 604 minima

156 639 333 694 prodiit.
381 638 497 678 Haec
520 636 700 690 quidem
716 635 853 675 rarior
873 633 1059 681 videtur,
1074 632 1333 686 paucisque,
1358 632 1435 684 qui
1452 636 1615 685 postea

152 707 409 749 Terentium
430 705 676 752 ediderunt,
710 702 920 743 adhibita.
981 701 1117 742 Porro
1141 698 1461 752 Lugdunensis,
1494 712 1613 739 more

153 787 298 828 prosae
320 775 499 827 scripta,
520 772 636 813 Anni
658 772 785 812 1520.
844 770 1035 818 Veneta,
1059 769 1176 808 Anni
1211 767 1328 807 1559.
1350 767 1471 820 apud
1495 766 1614 807 Pau-

152 843 244 883 lum
269 842 539 889 Manutium,
561 838 666 880 Aldi
695 838 731 878 F
735 837 778 878 il.
840 837 1013 878 Rursus
1037 835 1226 884 Veneta,
1251 833 1369 874 Anni
1397 834 1522 874 1521.
1554 846 1612 873 ex

153 909 330 951 officina
357 907 483 958 Aldi;
517 905 878 958 Autverpiensis,
901 903 1018 944 Anni
1040 902 1165 943 1560.
1195 905 1352 955 praeter
1376 901 1612 941 Daventri-

151 990 317 1025 ensem,
355 975 544 1028 Gryphii
582 977 624 1015 et
659 973 688 1014 J
693 979 911 1020 untarum,
945 983 1042 1011 cum
1078 969 1297 1009 nonnullis
1333 968 1451 1008 aliis.
1511 968 1541 1008 J
1547 981 1612 1008 os.

151 1044 372 1096 Scaligeri
394 1043 648 1084 Editionem
668 1041 740 1082 diu
765 1041 928 1081 frustra
955 1038 1189 1092 quaesitam
1219 1037 1367 1078 videre
1397 1036 1503 1076 mihi
1524 1049 1612 1075 non

150 1112 357 1165 contigit;
393 1124 536 1165 neque
571 1123 676 1151 sane
713 1109 817 1162 quid
847 1112 1123 1160 compertum
1156 1105 1268 1146 satis
1290 1105 1343 1145 de
1371 1118 1425 1144 ea
1454 1104 1611 1144 habeo.

149 1180 278 1230 Sunt,
302 1179 379 1234 qui
399 1179 569 1221 vidisse
588 1191 656 1227 se,
675 1182 776 1218 sunt
795 1181 838 1218 et
859 1177 935 1230 qui
958 1174 1201 1228 aliquando
1223 1172 1482 1227 possedisse
1503 1171 1610 1212 mihi

151 1246 434 1289 affirmarunt.
493 1245 585 1287 Alii
602 1258 824 1299 nunquam
843 1243 1066 1298 prodiisse
1087 1241 1366 1283 contendunt.

508 1331 535 1357 si
650 1331 676 1356 se
793 1328 820 1355 ÷1÷
939 1326 967 1353 ete
1083 1328 1110 1353 =x=
1226 1325 1253 1350 ÷1÷

206 1381 345 1422 Porro
378 1384 525 1422 autem
559 1380 717 1433 insigni
749 1379 854 1420 mihi
892 1377 1145 1431 adjumento
1169 1376 1360 1424 fuerunt,
1382 1387 1481 1428 quae
1513 1373 1608 1414 suis

148 1449 394 1491 Codicibus
422 1448 718 1502 ascripserant
744 1447 903 1488 summi
935 1445 1046 1494 Viri,
1081 1443 1304 1485 Gerardus
1336 1441 1606 1482 Falkenbur-

148 1518 261 1571 gius,
283 1517 311 1558 J
316 1529 426 1558 anus
449 1516 677 1564 Gruterus,
695 1515 960 1556 Franciscus
984 1512 1202 1566 GuyetuS,
1219 1509 1480 1551 Theodorus
1498 1509 1606 1550 Pul-

147 1597 360 1636 mannus3
394 1597 506 1638 quos
541 1584 648 1624 mihi
685 1581 878 1624 Codices
916 1593 1082 1629 omnes,
1115 1583 1275 1633 praeter
1297 1578 1499 1631 primum,
1531 1577 1608 1631 qui

146 1665 211 1695 ex„
226 1652 437 1693 Editione
459 1651 664 1693 Matthiae
688 1650 837 1704 Bergii
859 1648 1200 1689 Brunsvicensis
1228 1646 1394 1699 prodiit
1424 1645 1606 1699 Lipsiae,

147 1720 282 1762 Anno
313 1721 441 1761 1574.
477 1725 522 1761 et
555 1724 753 1761 servatur
783 1718 827 1758 in
860 1716 1141 1758 Bibliotheca
1162 1715 1344 1768 publica
1372 1713 1606 1766 Lugduno-

146 1788 339 1837 Batava,
370 1787 593 1828 indefessa
623 1800 730 1828 cura
758 1785 1021 1827 conciliavit
1055 1783 1138 1824 Vir
1169 1783 1378 1836 optimuS,
1409 1781 1605 1822 Thomas

144 1857 434 1906 Johnsonius,
467 1855 863 1910 Typographorum
899 1865 1094 1894 meorum
1127 1852 1251 1892 alter.
1312 1849 1364 1890 In
1399 1849 1455 1890 iis
1487 1848 1606 1889 enim

144 1937 232 1966 non
253 1937 399 1978 pauca
419 1923 597 1964 minime
617 1923 832 1975 vulgaria,
865 1924 981 1962 certe
1014 1924 1117 1961 ante
1149 1919 1265 1959 hunc
1292 1917 1407 1958 diem
1428 1915 1606 1956 ἀνέκδοτα

141 1993 301 2047 reperi.
335 1991 461 2033 Licet
470 1992 585 2032 enim
594 1992 824 2033 Boeclerus
838 1989 1004 2030 dudum
1017 1987 1203 2029 ediderit
1215 1986 1481 2041 Guyetiana,
1494 1984 1606 2025 mul-

143 2061 203 2103 tis
223 2065 369 2102 tamen
389 2060 588 2113 partibus
616 2058 740 2112 plura
760 2057 960 2112 ejusdem
980 2055 1281 2097 Eruditissimi
1304 2053 1401 2094 Viri
1425 2052 1606 2106 reliquit

143 2129 324 2171 inedita.
387 2127 529 2169 Usum
552 2131 702 2167 autem
717 2126 970 2166 Boeclerum
985 2123 1142 2164 eodem
1164 2123 1249 2164 hoc
1270 2121 1456 2171 Codice,
1477 2125 1602 2161 tanto

146 2197 289 2249 magis
305 2195 411 2236 mihi
432 2195 480 2236 fit
497 2194 754 2243 verisimile,
773 2192 908 2246 quod,
930 2205 1030 2246 quae
1054 2191 1207 2240 edidit,
1237 2191 1303 2231 ita
1323 2188 1478 2230 eadem
1501 2191 1604 2228 sunt

145 2278 246 2306 cum
267 2264 431 2317 glossis
454 2263 569 2304 Mss.
592 2268 643 2303 ut
662 2262 842 2302 verbum
865 2261 919 2302 de
940 2261 1076 2302 verbo
1094 2271 1351 2312 expressum
1382 2256 1600 2298 videatur.

145 2331 263 2382 Quae
286 2332 416 2372 edere
440 2331 652 2383 neglexit,
687 2341 877 2383 quaeque
910 2341 1025 2369 nunc
1055 2327 1243 2381 primum
1265 2339 1291 2366 a
1310 2338 1378 2366 me
1399 2323 1600 2374 eduntur,

143 2400 205 2441 ita
226 2405 353 2441 erant
371 2399 549 2439 minutis
569 2397 758 2439 literulis
781 2398 965 2450 scripta,
998 2400 1045 2437 ut
1072 2394 1318 2435 mirandum
1344 2405 1429 2434 non
1459 2393 1532 2442 sit,
1563 2391 1604 2432 si

143 2474 295 2510 tantus
317 2467 416 2518 Vir,
436 2468 660 2521 tantisque
682 2467 869 2519 negotiis
903 2465 1132 2507 districtus
1166 2475 1318 2504 eorum
1355 2462 1503 2503 sensui
1534 2463 1599 2502 in-

143 2537 347 2590 dagando
366 2535 634 2590 supersedit.
696 2535 740 2576 N
745 2547 828 2576 unc
844 2547 948 2576 vero
970 2534 1172 2574 foliorum
1193 2531 1411 2584 margines
1434 2531 1498 2572 ita
1518 2543 1598 2584 pu-

141 2604 310 2645 tredine
332 2604 456 2645 exesi
477 2607 587 2653 sunt,
609 2607 658 2644 ut
679 2616 793 2657 aegre
815 2601 1051 2644 admodum
1081 2600 1304 2641 literarum
1324 2599 1514 2651 vestigia
1531 2597 1599 2639 vel

144 2672 200 2713 ab
224 2672 437 2713 acerrimo
469 2672 600 2713 oculo
632 2673 740 2713 satis
774 2670 1172 2725 deprehendantur.
1233 2667 1512 2720 Quanquam,
1535 2667 1598 2707 di-

142 2752 240 2781 cam
262 2741 389 2790 enim‚
411 2740 621 2793 quoniam
643 2741 805 2782 mentio
827 2740 881 2781 de
903 2738 1082 2792 Guyeto
1106 2736 1272 2786 incidit,
1295 2736 1494 2777 acerbior
1523 2734 1596 2775 ille
