1903 3306
529 254 590 282 DE
624 253 823 283 commis
859 251 1114 281 veris-ists
1464 240 1543 280 171

310 347 498 384 Phaselus
519 345 583 383 ille
602 359 716 397 quern
737 346 874 383 videtis
895 345 1067 396 hospites

308 411 374 448 Ait
392 410 510 448 fuisse
532 410 686 447 navium
706 409 943 447 celerrimus.

99 493 148 529 Et
168 490 395 529 Horatium:

310 564 454 603 Beatus
475 565 537 602 ille
559 564 624 615 qui
645 564 778 615 procul
800 563 979 613 negotiis.

99 653 185 696 Quo
205 658 333 689 autem
351 650 505 702 gravius
525 649 642 701 paulo
660 650 695 686 in
720 649 901 686 tarditate
921 646 1148 698 procederet
1168 646 1332 692 iambus,

257 725 474 775 Spondae'os
494 723 658 762 stabiles*
674 723 710 760 in
725 723 814 773 jura
830 729 992 773 paterna
1011 722 1157 772 recepit

257 789 496 827 Commodus
515 795 553 826 et
572 788 737 839 patiens,
768 800 845 824 non
866 793 910 823 ut
927 785 975 824 de
996 786 1088 824 sede
1110 784 1283 824 secunda

259 853 426 892 Cederet
445 862 512 891 aut
531 858 670 902 quarta
688 851 1005 889 socialiter.——

100 939 178 977 Sed
198 952 322 990 neque
342 938 478 989 tragici
496 937 585 983 hoc,
606 938 643 974 in
663 937 794 988 primis
826 936 966 980 Latini,
996 941 1211 980 servarunt,
1247 940 1285 972 et
1309 934 1445 972 comici
1466 947 1548 972 om-

99 1004 212 1041 nibus
233 1003 271 1040 in
291 1003 388 1041 locis
409 1002 651 1040 collocarunt
668 1001 788 1053 pedes
816 1000 898 1038 sine
933 999 1152 1037 discrimine
1186 999 1355 1050 quinque
1374 1011 1382 1035 :
1413 998 1549 1048 dacty-

99 1068 193 1113 lum,
215 1074 472 1118 anapaesturn,
491 1066 727 1118 tribrachyn,
749 1064 992 1116 spondaeum,
1013 1064 1194 1101 iambum.

259 1158 419 1210 Syllaba
435 1157 556 1209 longa
574 1157 679 1195 brevi
700 1156 874 1207 subjecta
895 1161 1053 1192 vocatur
1077 1155 1227 1192 iambus
1246 1167 1254 1191 :

101 1252 220 1297 Deos,
241 1250 379 1297 cliens,
401 1249 533 1292 ferox3
563 1261 651 1298 quae
672 1247 703 1285 si
723 1247 847 1284 ambae
867 1246 1003 1283 breves
1025 1245 1115 1291 sint,
1138 1243 1388 1295 Pyrrhicliius
1419 1243 1451 1280 is
1481 1256 1548 1292 pes

100 1321 285 1353 vocatur:
314 1314 415 1365 lege,
436 1313 540 1359 here,
561 1325 691 1362 grave.

101 1400 320 1451 Spondaeus
340 1399 457 1436 habet
476 1397 574 1435 duas
595 1397 733 1446 longas
753 1409 761 1433 ε
792 1395 918 1440 exlex,
938 1405 1115 1438 concors
1136 1405 1284 1430 amens.

99 1464 330 1515 Tribrachys
351 1462 473 1500 tribus
492 1462 671 1499 brevibus
692 1467 872 1498 constat:
910 1457 1078 1503 domine,
1099 1469 1251 1500 canere,
1272 1455 1424 1492 misera.

100 1529 351 1579 Anapaestus,
372 1526 523 1564 duabus
543 1525 675 1577 primis
695 1524 889 1568 brevibus,
923 1529 1120 1573 postrema
1147 1521 1266 1571 longa
1285 1532 1293 1556 ε
1325 1519 1468 1564 silices,
1491 1530 1551 1554 ra-

206 1592 303 1639 bies,
326 1591 492 1642 patiens.

103 1656 309 1708 Dactylus,
328 1655 450 1707 prima
468 1655 601 1706 longa,
622 1653 871 1706 sequentibus
894 1651 1046 1688 duabus
1067 1649 1271 1687 brevibus:
1301 1648 1424 1693 litera,
1459 1645 1552 1684 scri-

207 1722 311 1767 bere,
328 1720 492 1758 musica.

103 1807 145 1843 ln
169 1806 316 1844 Latinis
337 1804 494 1843 comicis
514 1804 588 1841 rari
609 1803 724 1840 iambi
746 1808 850 1847 sunt,
871 1801 987 1838 etiam
1008 1800 1043 1837 in
1066 1799 1260 1843 trimetris,
1292 1797 1358 1847 qui
1381 1803 1471 1833 sunt
1493 1809 1552 1834 se-

103 1870 210 1908 narii.
268 1870 311 1906 In
333 1869 484 1919 integro
505 1875 635 1904 tamen
656 1866 834 1911 iambico,
868 1865 951 1902 vult
971 1877 1057 1901 esse
1078 1862 1237 1899 ultimus
1271 1874 1339 1911 pes
1374 1860 1451 1907 hic,
1486 1867 1553 1897 aut

102 1939 258 1984 propter
276 1931 423 1969 ultimae
444 1929 739 1968 indifferentiam
762 1926 1016 1979 pyrrhichius,
1035 1927 1145 1977 quasi
1167 1924 1354 1963 definiens
1371 1935 1552 1960 numeros

105 2011 150 2035 ac
180 2009 345 2034 versum.
402 1995 511 2032 Sicut
541 1994 578 2030 in
611 1992 819 2045 dactylico,
853 1992 1012 2042 quintus
1043 1990 1237 2040 dactylus.
1295 1989 1444 2025 Horum
1466 1987 1552 2023 loco

103 2074 191 2099 cum
213 2059 422 2111 spondaeus
443 2058 612 2111 ponitur,
648 2058 672 2094 ii
701 2070 834 2094 versus
862 2063 943 2093 tum
965 2054 1259 2094 σπονὸαΐὲοντες
1278 2059 1318 2089 et
1340 2049 1553 2089 σπονδαῖκοὶ

105 2124 299 2171 dicuntur,
322 2130 390 2162 ut:

262 2212 542 2259 Armatumque
563 2221 656 2246 auro
677 2206 938 2257 circumspicit
957 2205 1116 2242 Oriona.

262 2274 528 2326 Apollinarem
547 2272 711 2310 conveni
730 2284 856 2309 meum
877 2282 1031 2308 scazon.

106 2360 337 2400 Claudicare
357 2359 458 2397 enim
478 2359 517 2396 hi
536 2370 670 2397 versus
690 2362 890 2408 putantur,
922 2362 960 2393 et
992 2355 1191 2393 σκάέοντες
1224 2352 1484 2396 nominantur,
1517 2358 1556 2388 et

104 2425 377 2478 χωλιαμβοίυὲ
391 2422 539 2461 Comici
561 2429 704 2468 autem,
733 2428 776 2457 ut
802 2419 896 2465 dixi,
927 2430 1107 2455 numeros
1138 2415 1225 2453 ideo
1247 2415 1371 2452 minus
1394 2413 1557 2450 distinx-

106 2496 233 2537 erunt,
261 2496 305 2529 ut
325 2487 535 2526 similitudo
556 2484 744 2524 sermonis
764 2482 979 2522 communis
1001 2480 1274 2520 custodiretur.
1332 2479 1467 2528 Itaque
1489 2477 1555 2514 Ci-

107 2567 197 2592 cero
216 2555 256 2592 in
277 2553 440 2592 Oratore
461 2552 516 2591 sic
537 2552 616 2590 ait:
646 2555 656 2572 ‘
673 2551 726 2588 At
744 2548 978 2587 comicorum
1000 2543 1140 2584 senarii
1159 2549 1314 2595 propter
1335 2540 1555 2578 similitudi-

107 2631 196 2655 nem
226 2617 415 2655 sermonis
447 2617 501 2654 sic
535 2627 640 2665 saepe
671 2620 764 2652 sunt
796 2611 950 2663 abjecti,
978 2615 1022 2646 ut
1055 2618 1334 2656 nonnunquam
1353 2604 1417 2642 vix
1437 2604 1474 2640 in
1495 2602 1555 2639 his

107 2694 289 2720 numerus
309 2687 348 2719 et
365 2693 501 2719 versus
531 2677 695 2729 intelligi
728 2676 877 2728 possit.'
932 2673 1029 2711 Haec
1049 2671 1226 2710 confusio
1246 2682 1334 2707 cum
1354 2675 1414 2706 est
1433 2666 1556 2704 maxi·

108 2757 184 2791 ma,
212 2751 294 2782 tum
315 2744 486 2783 carmina
504 2750 693 2783 vocantur
712 2743 1009 2793 ἀπεμψαίνοντα,
1038 2736 1077 2775 id
1108 2742 1181 2783 est,
1212 2732 1485 2779 immanifesta,
1517 2737 1555 2768 et

109 2811 320 2859 ἀνάρμοστα
336 2823 345 2847 :
