1903 3306
287 225 370 267 330
785 238 825 269 Ρ.
857 238 1096 270 TERuNrn
1130 241 1245 271 Arei

236 339 239 347 ¹
289 331 452 372 Saltem
475 336 696 383 accurate,
716 338 763 374 ut
784 334 921 374 metui
944 334 1116 375 videar:
1146 339 1262 376 certe
1285 336 1325 376 si
1345 336 1627 380 resciverim!
1689 362 1692 365 Δ

291 399 387 441 DA.
420 399 545 441 Certe
565 401 707 442 hercle
728 414 843 442 nunc
865 401 936 442 hic
958 415 1006 442 se
1028 402 1154 455 ipsus
1173 402 1300 454 fallit,
1320 403 1437 445 haud
1454 418 1550 458 ego.
1597 406 1664 447 Sl.
1684 406 1743 447 E-

461 468 601 509 dixin'
623 469 733 509 tibi?
1682 474 1740 514 15

288 535 600 578 Interminatus
622 549 734 586 sum,
767 550 821 576 ne
841 536 1043 578 faceres?
1076 551 1179 577 num
1202 538 1401 579 veritus?
1432 537 1539 592 quid
1558 541 1740 582 retulit?

288 602 474 644 Credon'
497 604 573 645 tibi
594 604 692 654 hoc,
712 617 826 644 nunc
848 604 1073 658 peperisse
1094 605 1206 645 hanc
1228 617 1252 644 e
1272 604 1510 658 Pamphilo
1531 606 1549 645 ’ἱ

289 670 382 711 DA.
414 664 584 721 Teneo}
615 671 720 725 quid
741 677 878 712 erret:
919 676 963 712 et
993 671 1100 725 quid
1131 684 1271 724 agam,
1301 673 1456 714 habeo.
1517 672 1583 714 S1.
1617 672 1740 736 Quid

458 740 613 780 taces?

288 805 380 846 DA.
413 804 533 855 Quid
555 805 736 847 credas?
767 807 897 859 quasi
927 818 1014 846 non
1042 806 1123 847 tibi
1149 807 1393 849 renuntiata
1422 808 1509 850 sint
1528 809 1638 860 haec,
1674 809 1739 851 sic

454 874 561 914 fore.

288 941 356 982 Si.
390 941 543 982 Mihin'
583 942 848 995 quisquam?
911 943 1006 983 DA.
1036 941 1156 983 Eho!
1198 955 1254 984 an
1283 947 1373 985 tute
1405 944 1628 985 intellexti
1653 945 1741 1005 ¹¹98.

456 1010 732 1050 assimulari?
793 1010 860 1051 S1.
894 1009 1110 1051 Irrideor'?
1680 1012 1738 1052 20

286 1077 379 1118 DA.
411 1077 726 1118 Renuntiatum
741 1083 834 1119 est:
857 1091 955 1118 nam
973 1078 1049 1131 qui
1069 1078 1222 1119 isthaec
1242 1079 1321 1119 tibi
1337 1079 1490 1121 incidit
1509 1080 1736 1134 suspicio?

285 1144 352 1184 81.
385 1144 506 1195 Qui?
544 1145 649 1198 quia
671 1150 714 1185 te
734 1158 900 1186 noram.
963 1145 1052 1185 DA.
1087 1144 1232 1195 Quasi
1255 1150 1303 1187 tu
1333 1146 1475 1197 dicas,
1506 1147 1668 1192 factum
1689 1148 1735 1189 id

457 1213 645 1253 consilio
668 1226 776 1254 meo.

283 1331 344 1352 uon
362 1325 425 1352 tum
441 1324 546 1361 aperte
559 1332 607 1352 me
623 1321 758 1361 decipias
770 1332 780 1358 ;
803 1326 838 1352 ut
854 1331 910 1360 ego
926 1321 1032 1353 videar
1050 1322 1147 1353 metui
1171 1333 1190 1353 a
1213 1325 1256 1361 te,
1270 1332 1329 1353 non
1345 1322 1475 1353 stolidus
1490 1325 1520 1353 et
1533 1332 1639 1354 excors
1653 1324 1737 1354 ‹esei-

284 1364 376 1402 mari,
392 1365 480 1404 idque
494 1368 590 1404 certe,
605 1366 632 1395 sz'
647 1365 831 1395 resciverim.
881 1366 952 1395 DA.
979 1366 1072 1395 Certe
1086 1365 1197 1402 hercle,
1213 1366 1261 1396 hic
1276 1375 1307 1395 se
1321 1366 1386 1406 ipse
1400 1375 1479 1396 nunc
1490 1364 1593 1404 fallit,
1606 1376 1665 1397 non
1681 1377 1737 1405 ego

284 1408 381 1437 illum.
426 1408 476 1438 Sl.
503 1407 613 1439 Nonne
630 1407 717 1438 edixi
733 1407 804 1445 tibi,
820 1410 847 1438 et
865 1409 1009 1438 minando
1031 1408 1126 1446 vetui,
1147 1418 1184 1438 ue
1207 1411 1240 1438 tu
1260 1407 1386 1446 faceres
1408 1409 1542 1448 aliquam
1564 1408 1597 1438 in
1618 1409 1737 1450 nuptiis

275 1448 467 1487 fallaciam?
492 1450 579 1481 Num
599 1450 718 1481 veritus
744 1449 802 1482 es?
828 1450 913 1485 Quid
937 1450 1056 1491 profuit
1079 1451 1208 1491 edicere,
1230 1454 1260 1482 et
1279 1448 1420 1482 minari?
1443 1451 1582 1482 Putasne
1608 1461 1654 1482 me
1677 1451 1737 1482 tibi

281 1494 405 1523 credere
428 1493 495 1532 hoc,
512 1493 710 1533 peregrinum
731 1493 809 1523 hunc
835 1504 854 1524 a
870 1493 1032 1533 Pamphilo
1055 1494 1220 1532 gravidam
1234 1493 1356 1532 factam
1373 1494 1483 1535 filium
1509 1493 1538 1524 ei
1561 1493 1739 1534 peperisse?

287 1536 356 1566 DA.
381 1535 452 1566 Scio
469 1536 500 1566 in
516 1546 573 1575 quo
587 1535 671 1566 Simo
676 1536 824 1574 fallatur.
869 1536 939 1575 Ego
951 1540 1097 1576 paratum
1112 1536 1217 1576 habeo,
1229 1537 1302 1576 quid
1314 1546 1417 1576 agam.
1461 1537 1510 1567 Sl.
1536 1536 1621 1572 Quia
1631 1535 1738 1568 taces?

283 1578 352 1609 DA.
380 1579 444 1608 Cur
458 1580 566 1609 credas
582 1579 660 1609 lianc
673 1580 873 1619 peregrinam
892 1577 1072 1619 peperisse?
1098 1579 1196 1614 Quasi
1212 1589 1281 1610 cero
1305 1589 1365 1610 non
1389 1578 1448 1610 tibi
1469 1578 1680 1610 renuntiatum
1694 1580 1737 1610 sit

283 1621 349 1651 hoec
378 1624 523 1651 eventura
553 1631 627 1653 esse.
682 1622 731 1653 81.
755 1621 880 1652 Mihine
906 1623 1065 1662 quisquam
1092 1619 1311 1653 renuntiavit?
1354 1622 1421 1653 DA.
1444 1621 1542 1654 Eho!
1565 1631 1605 1652 un
1628 1631 1685 1663 per
1704 1625 1737 1653 te

282 1665 365 1694 solus
381 1664 563 1694 intellexisti
578 1664 666 1705 fingi
689 1665 755 1703 hoc,
773 1664 955 1705 Glycerium
977 1664 1156 1705 peperisse?
1198 1665 1249 1696 Sl.
1273 1664 1422 1696 Irrideor.
1468 1665 1539 1696 DA.
1564 1664 1735 1696 Renuntia-

282 1709 347 1736 tum
362 1712 408 1737 est
425 1706 483 1737 tibi
499 1707 543 1737 sic
564 1708 648 1745 fore.
696 1708 780 1738 Nam
805 1709 884 1738 unde
911 1708 988 1738 lianc
1013 1708 1213 1747 suspicionem
1238 1708 1331 1739 aliter
1353 1707 1463 1739 habere
1481 1705 1639 1748 potuisti?
1684 1707 1734 1739 Sl.

288 1748 400 1781 Unde?
426 1750 507 1784 Quia
522 1760 629 1781 noram
651 1751 810 1790 ingenium
832 1753 931 1781 tuum.
978 1750 1047 1781 DA.
1072 1751 1126 1782 Ita
1151 1750 1294 1791 loqueris,
1319 1751 1407 1791 quasi
1432 1751 1540 1781 credas
1561 1750 1595 1781 id
1610 1750 1736 1788 sactum

886 1830 1121 1842 eeeeeeeeeeee

282 1882 419 1922 videbor,
441 1888 576 1914 constat
593 1893 722 1914 versus.
746 1885 804 1915 Er.
852 1885 922 1915 Tibi
939 1885 1042 1916 videor
1056 1894 1152 1925 quem.
1197 1884 1249 1914 Ex
1267 1883 1421 1915 omnibus
1437 1882 1507 1914 fere
1527 1884 1548 1914 l.
1567 1893 1592 1915 s.
1618 1884 1735 1924 legen-

282 1925 361 1956 dum
389 1932 439 1956 est
463 1926 536 1957 Tibi
561 1928 666 1957 videor
687 1937 771 1957 esse.-
796 1927 895 1958 aliter
922 1938 987 1958 non
1012 1932 1120 1958 staret
1148 1927 1356 1957 octonarius.
1392 1927 1449 1958 Fa.
1495 1926 1552 1957 Sic
1568 1931 1602 1958 et
1618 1936 1735 1958 omnes

281 1969 396 2000 nostri.
426 1969 605 2000 Beut.—l4
629 1969 721 2001 Edit.
751 1970 932 2010 distinguit
962 1974 1038 2011 post
1063 1969 1203 2001 ‘certe.’
1235 1970 1440 2000 Bruns.-15
1474 1969 1574 2000 Bodl.
1605 1975 1641 2000 et
1671 1969 1734 2001 Ed.

283 2014 376 2042 1469.
398 2022 481 2042 nunc
492 2013 577 2052 ipsus
590 2012 733 2050 sefallit‚
755 2013 878 2044 omisso
893 2014 952 2044 liic.
975 2015 1083 2044 West.
1129 2013 1222 2052 Lege
1240 2012 1340 2043 Edixi
1355 2011 1426 2052 tibi,
1447 2012 1519 2043 siue
1546 2013 1734 2052 interroga-

282 2054 385 2084 tione.
411 2055 507 2085 Beni.
550 2056 914 2095 Seq11itui-Both.—16
940 2057 1030 2096 Lege
1046 2054 1188 2093 veritu’s,
1210 2055 1244 2086 h.
1259 2064 1288 2085 e.
1315 2055 1441 2086 veritus
1458 2065 1505 2086 es.
1530 2055 1626 2086 Beni.
1672 2055 1732 2086 Se-

283 2098 396 2137 quitur
414 2097 502 2128 I’erl.
549 2099 558 2114 ‘
574 2098 635 2128 Vel
648 2098 670 2128 ?'
688 2099 734 2129 ait
750 2099 859 2138 glossa
877 2099 909 2128 in
927 2100 986 2129 Br.
1003 2104 1079 2140 post
1094 2099 1103 2115 ‘
1115 2097 1244 2129 faceres
1258 2097 1280 2129 :’
1301 2099 1310 2114 ‘
1326 2103 1430 2138 atque
1448 2097 1520 2137 ita,'
1543 2100 1592 2128 ait
1608 2098 1732 2137 Bruns,

279 2139 409 2170 ‘edidit
430 2140 546 2171 West.’
590 2141 757 2172 Punctum
788 2142 970 2172 maximum
1003 2151 1063 2182 pro
1092 2141 1256 2180 interrog.
1283 2140 1410 2171 habent
1440 2141 1543 2171 Bent.
1571 2140 1610 2171 Z.
1639 2141 1732 2172 Perl.

283 2182 376 2222 Legu
398 2184 496 2213 Both.
514 2184 578 2213 lut.
596 2194 680 2214 sum:
703 2194 772 2214 num
782 2183 890 2222 fucere
903 2183 1047 2216 veritus?
1070 2184 1176 2224 ecquid
1189 2182 1320 2215 retulit?
1345 2187 1379 2214 et
1408 2187 1524 2214 notat:
1549 2184 1558 2199 ‘
1572 2183 1601 2214 A
1616 2183 1734 2214 teritus

281 2224 336 2257 es?
358 2226 441 2264 quid.
486 2226 512 2256 Ι.
531 2236 558 2256 c.
588 2227 620 2256 ni
648 2226 760 2265 fallor,
782 2226 923 2259 veritus?
950 2228 1066 2267 ecquid.
1118 2227 1222 2258 Certe
1252 2226 1300 2256 sic
1326 2225 1512 2266 reponend.
1540 2225 1732 2265 puto.'—1⁷

284 2268 440 2298 Fortasse
458 2269 545 2299 haud
563 2269 773 2300 incommode
789 2269 826 2300 τὸ
841 2280 920 2301 nunc
935 2271 1072 2301 additur
1085 2269 1249 2309 superiori
1265 2269 1444 2299 commati:
1469 2268 1557 2310 quod
1575 2267 1658 2300 fecit
1673 2268 1732 2299 Pr.

282 2311 463 2341 lib.xv111.
495 2312 593 2342 VVest.
610 2313 642 2343 in
656 2312 738 2342 Adel.
782 2313 995 2353 Interpunge
1019 2317 1098 2354 post
1121 2315 1130 2330 ‘
1145 2311 1255 2342 nunc.’
1280 2312 1377 2342 Bent.
1421 2311 1619 2352 Sequuntur
1636 2311 1728 2342 Peri.

282 2354 470 2384 Both--lzs
494 2355 590 2385 Teneo
616 2356 689 2394 quid
713 2359 813 2386 erret:
837 2357 910 2396 quid
935 2366 990 2394 ego
1017 2365 1118 2394 agam.
1160 2355 1203 2385 Ο.
1222 2355 1244 2386 l.
1266 2364 1292 2385 s·
1316 2360 1350 2385 et
1370 2354 1435 2384 Do.
1459 2357 1488 2384 et
1504 2353 1577 2393 quid
1591 2363 1642 2393 ag.
1669 2354 1729 2385 Fa.

283 2396 400 2426 Nostri
420 2407 552 2437 quoque
570 2398 715 2428 universi
733 2401 761 2428 et
778 2399 851 2438 quid
865 2409 918 2437 ug.
944 2399 1134 2429 Rene—19
1158 2398 1249 2436 Lege
1269 2397 1327 2427 tibi
1345 2397 1403 2427 siet
1420 2395 1644 2436 renuntiatum,
1664 2397 1730 2428 hoec

281 2439 419 2476 sii-sure,
443 2439 485 2469 ob
505 2441 708 2470 senteutiam
728 2445 762 2471 et
782 2450 833 2472 vs.
849 2444 901 2472 21.
926 2442 1023 2472 Bent.
1070 2442 1173 2471 Beut.
1189 2444 1297 2470 mutat
1319 2440 1379 2470 siet
1395 2439 1618 2470 renuntiatum.
1660 2438 1729 2470 Sed

282 2482 435 2521 equidem
452 2491 513 2511 nec
532 2483 666 2513 mutaris
684 2484 777 2522 ipsis,
790 2493 850 2514 nec
866 2484 988 2524 quibus
1002 2483 1164 2514 defendat
1178 2483 1357 2514 assentior.
1377 2482 1551 2513 Peri—20
1567 2479 1730 2513 Irrideor?

281 2525 364 2554 Cum
384 2525 646 2563 interrogatione
664 2526 798 2557 videtur
813 2527 954 2565 dictum,
978 2531 1015 2558 ut
1029 2526 1216 2557 dubitantis
1233 2525 1345 2565 potius
1361 2525 1415 2565 sit,
1438 2534 1537 2565 quam
1564 2522 1728 2555 affirman-

284 2567 338 2597 tis.
381 2566 479 2597 Unde
497 2569 709 2598 exclamaudi
726 2569 854 2607 signnm
871 2570 1000 2600 sustuli.
1027 2570 1129 2601 West.
1172 2569 1226 2599 Sic
1241 2572 1276 2598 et
1297 2566 1401 2598 Both.
1443 2566 1509 2598 Sed
1534 2576 1598 2597 non
1625 2567 1729 2597 iuter·

282 2615 404 2649 rogant
424 2610 523 2640 Beut.
540 2610 576 2640 Z.
596 2611 686 2641 l’erl.
730 2611 875 2651 ‘Aptius
890 2614 966 2651 erit,
988 2612 1014 2643 si
1043 2621 1198 2651 reponaS,
1222 2609 1306 2642 Min’
1322 2608 1508 2650 quicquam?
1531 2618 1578 2640 sc.
1605 2618 1728 2639 renun-

282 2653 402 2682 tiatum
431 2653 517 2682 cst?
542 2653 636 2683 Bent.
681 2654 840 2693 Sequitur
870 2655 970 2685 Both.
993 2658 1028 2685 et
1056 2654 1090 2684 id
1117 2655 1234 2684 mallet
1260 2653 1349 2684 Peri.
1377 2653 1403 2682 si
1431 2651 1530 2682 codd.
1553 2651 1599 2682 ita
1626 2651 1725 2682 liabe-

284 2699 370 2725 rcnt.
416 2694 639 2725 Assimnzm-ier
655 2695 768 2727 Gueif.
783 2699 899 2728 3.-—2l
927 2698 993 2728 Alii
1010 2698 1130 2737 legunt
1150 2696 1312 2736 suspectio.
1338 2695 1444 2726 lVest.
1489 2693 1630 2733 Suspicio
1659 2694 1725 2726 Ms.

281 2744 315 2766 ct
341 2737 397 2768 l’r.
427 2738 484 2768 lib.
508 2746 570 2767 xv.
597 2738 649 2768 Al.
673 2739 834 2778 suspectio.
862 2740 960 2770 Lind.
1007 2740 1061 2770 Ne
1088 2739 1202 2778 recipe
1225 2739 1374 2777 suspectio
1396 2746 1457 2777 pro
1480 2737 1623 2776 suspicio,
1648 2746 1725 2766 cou-

283 2785 334 2810 tru
363 2789 476 2811 omnes
508 2780 606 2811 codd.
657 2781 744 2812 Nam
777 2792 890 2813 versus
919 2788 971 2814 est
1001 2782 1124 2818 salvus,
1147 2781 1326 2812 dummodo
1355 2789 1416 2821 pro
1442 2779 1529 2810 isloec
1549 2779 1604 2810 tibi
1631 2788 1726 2820 repo-
