1903 3306
347 237 431 280 ‘238
789 241 1045 276 RicARDUs
1079 241 1357 274 nanninus

350 345 463 382 Hanc
482 354 643 382 caesurae
662 340 795 381 sedem
812 340 1038 392 plerumque
1058 338 1098 376 in
1118 337 1298 377 trimetris
1319 342 1476 375 servant
1491 335 1618 386 poe'tae
1634 335 1793 374 comici:

348 414 390 446 ut
411 407 578 446 Noster:

560 488 620 528 Ne
640 488 702 527 cui
723 487 774 526 sit
792 493 965 525 vestrum
988 485 995 538 Ι
1019 484 1171 532 mirum,
1192 497 1280 523 cum
1300 483 1430 535 partes
1446 485 1530 522 seni

560 553 686 592 Poeta
703 551 855 590 dederit
878 550 883 602 Ι
908 549 1009 602 quae
1028 555 1120 587 sunt
1138 546 1468 588 adolescentium:

560 617 606 655 Id
624 615 791 668 primum
809 614 936 653 dicam
961 613 968 666 Ι
992 612 1134 652 deinde
1153 612 1259 664 quod
1279 611 1367 650 veni
1385 610 1544 663 eloquar
1561 624 1570 649 τ

349 710 388 742 et
406 701 537 741 itidem
559 701 688 739 Graeci
702 713 711 739 τ

562 776 612 814 Oc
633 776 704 825 γάρ
721 775 927 825 βλεποντες
950 773 958 824 Ι
981 775 1053 812 τοῖς
1072 775 1217 824 τυφλοις
1236 772 1440 822 ηγούμεθα,

563 840 680 880 Ουτός
700 839 735 878 δ’
754 841 948 878 ακολουθει
971 837 978 890 Ι
1003 838 1094 888 κάμε
1113 835 1399 887 προσβιάέεῖαι.

351 930 395 967 In
430 927 601 967 iambicis
632 924 918 976 trochaicisque
947 922 1177 962 tetrametris
1211 933 1363 960 caesura
1394 919 1623 971 plerumque
1648 919 1692 957 fit
1709 924 1799 970 post

349 992 602 1031 ditrochaeum
623 988 865 1029 secundum:
1452 1006 1464 1028 'e

459 1075 650 1115 Demissis
668 1073 836 1112 humeris
855 1085 942 1110 esse
960 1071 1090 1109 vincto
1114 1069 1120 1122 Ι
1144 1069 1301 1121 pectore
1318 1074 1363 1108 ut
1381 1067 1550 1121 graciiae
1567 1069 1680 1107 sient.

456 1140 581 1179 Video
599 1148 752 1178 sentum
773 1135 992 1189 squalidum
1015 1146 1162 1185 aegrum
1188 1133 1194 1186 Ι
1218 1132 1359 1184 pannis
1373 1133 1570 1184 annisque
1592 1130 1775 1170 obsitum.

404 1226 506 1265 Illud
526 1232 655 1264 autem
679 1223 852 1276 inprimis
881 1220 1123 1263 notandum;
1152 1232 1240 1257 cum
1261 1216 1391 1256 Graeci
1410 1206 1587 1268 magistri
1611 1229 1680 1267 per
1697 1215 1801 1254 διπο-

354 1291 440 1330 δίαν
459 1290 650 1329 trimetros
669 1288 818 1326 iambos
840 1283 1027 1324 scandere
1056 1283 1253 1334 juberent,
1285 1294 1436 1332 semper
1467 1293 1535 1318 eos
1564 1279 1805 1318 intellexisse

355 1355 529 1394 διποδίαν
550 1353 748 1406 ἰαμβικὴν;
779 1351 877 1390 adeo
896 1355 939 1388 ut
958 1348 1014 1387 sic
1034 1346 1270 1385 divideretur
1300 1358 1348 1384 ex
1376 1356 1511 1383 eorum
1542 1343 1691 1383 ratione
1719 1355 1804 1382 ver-

355 1418 498 1458 siculus
515 1431 524 1457 z

567 1480 629 1519 Ne
648 1478 710 1518 cui
732 1479 780 1517 sit
795 1491 842 1517 ve
865 1476 873 1530 Ι
898 1482 1019 1516 strum
1038 1473 1191 1521 mirum,
1209 1486 1278 1512 cur
1295 1471 1426 1525 partes
1446 1471 1532 1511 seni

567 1544 692 1584 Poeta
709 1543 811 1582 dede
835 1542 842 1595 Ι
865 1543 914 1580 rit
932 1539 1033 1592 quae
1053 1546 1146 1578 sunt
1164 1536 1471 1577 adolescentium
1489 1548 1499 1574 :

569 1608 615 1648 Id
633 1607 797 1661 primum
814 1605 853 1644 di
877 1605 884 1658 Ι
908 1617 1009 1651 carn,
1029 1601 1171 1641 deinde
1191 1600 1298 1652 quod
1313 1600 1401 1639 veni
1420 1598 1594 1650 eloquar.

570 1675 623 1712 Οι
643 1674 714 1724 γάρ
733 1670 880 1720 βλεπον
904 1670 909 1721 Ι
934 1684 992 1707 τες
1008 1669 1082 1706 τοῖς
1100 1668 1246 1718 τυφλοις
1265 1664 1473 1714 ηγοΰμεθα,

569 1738 690 1779 Ovi-ds
705 1736 737 1775 δ’
756 1738 891 1774 ακολου
914 1734 921 1786 Ι
945 1736 1001 1772 θει
1020 1731 1115 1783 κάμε
1134 1728 1406 1780 προσβιάέεται
1423 1739 1433 1765 :

361 1827 424 1865 ubi
455 1824 564 1864 vides
594 1824 757 1875 primam
787 1819 985 1873 dipodiam
1004 1818 1043 1856 in
1063 1817 1201 1856 mediis
1221 1816 1423 1855 verborum
1443 1809 1602 1864 syllabis
1621 1808 1808 1855 desinere,

360 1896 560 1940 totamque
580 1900 741 1926 caesurae
760 1885 939 1924 virtutem
958 1894 1003 1920 ac
1034 1881 1198 1932 gratiam
1227 1880 1364 1917 misere
1390 1876 1529 1928 perire.
1586 1875 1716 1918 Quare
1735 1885 1809 1923 ego

354 1954 436 2005 jam
458 1953 610 2003 abipsa
629 1946 920 1989 adolescentia
911 1960 951 1984 m
972 1945 1150 1984 omnibus
1180 1942 1355 1982 iambicis
1385 1945 1525 1992 praeter
1545 1942 1810 1976 tetrametrum

360 2016 646 2060 catalecticum,
663 2013 711 2051 de
726 2025 803 2064 quo
823 2016 960 2064 postea
978 2009 1119 2055 dicam,
1140 2007 1254 2046 aliam
1272 2005 1364 2044 mihi
1383 2001 1601 2049 scansionis
1620 2001 1809 2040 rationem

360 2080 524 2127 institui,
553 2091 620 2132 per
639 2075 809 2117 ὅιποδίαν
828 2075 1003 2114 scilicet
993 2076 1202 2126 -ροχείίκην,
1221 2071 1297 2109 hoc
1316 2069 1462 2108 modo:

574 2163 632 2202 Po
657 2161 663 2216 Ι
688 2161 752 2201 eta
771 2159 921 2199 dederit
945 2159 951 2213 Ι
975 2158 1076 2211 quae
1097 2163 1191 2197 sunt
1210 2153 1545 2196 adolescentium:

362 2250 486 2301 primo
517 2246 712 2299 semipede
743 2245 856 2298 quasi
888 2244 1082 2284 subducto
1102 2250 1142 2282 et
1160 2242 1308 2288 abciso,
1335 2253 1450 2279 versu
1470 2245 1598 2277 autem
1619 2238 1657 2276 in
1677 2236 1813 2289 dacty-

363 2315 443 2352 lum
473 2313 534 2350 vel
565 2311 751 2350 creticum
783 2315 964 2348 exeunte.
1021 2308 1062 2345 Si
1094 2306 1254 2359 quidem
1285 2305 1362 2343 ista
1392 2302 1542 2342 διποδία
1567 2315 1615 2341 ex
1632 2301 1812 2340 trochaeis

365 2377 533 2422 duobus,
561 2375 621 2413 vel
649 2387 727 2412 uno
748 2381 788 2412 et
808 2371 995 2424 spondaeo
1015 2371 1095 2409 sive
1115 2370 1269 2421 epitrito
1291 2367 1464 2406 secundo
1480 2372 1680 2410 constans,
1706 2377 1812 2402 com-

366 2440 538 2486 modare,
569 2437 827 2482 commodavi,
855 2444 894 2475 et
926 2449 1015 2474 cum
1045 2447 1206 2473 caesurae
1235 2431 1367 2470 indole
1387 2430 1594 2472 convenit3
1624 2437 1664 2466 et
1681 2441 1813 2467 verum

366 2503 505 2542 iambei
524 2502 744 2554 rhythmum
763 2501 918 2540 auribus
939 2500 1138 2542 insinuat3
1168 2504 1208 2537 et
1226 2498 1368 2549 poetae,
1398 2494 1491 2532 dum
1511 2505 1645 2531 versus
1664 2492 1737 2529 hos
1757 2491 1815 2529 fa-

367 2568 547 2612 bricatur,
576 2566 767 2616 praecipue
788 2570 959 2602 mentem
989 2569 1181 2614 occupat;
1212 2567 1264 2606 et,
1294 2558 1401 2610 quod
1434 2557 1641 2596 maximum
1672 2561 1746 2601 est,
1774 2554 1814 2591 in

367 2630 473 2668 omni
503 2630 580 2667 fere
611 2627 848 2666 comicorum
878 2633 1086 2665 metrorum
1114 2637 1255 2676 genere
1276 2621 1532 2674 principatum
1551 2619 1720 2660 obtinet;
1751 2631 1813 2655 ve-

370 2706 528 2744 ramque
548 2704 720 2735 causam,
748 2703 816 2728 cur
841 2690 878 2727 in
911 2702 990 2728 una
1019 2688 1221 2728 Comoedia
1250 2692 1307 2725 tot
1335 2696 1514 2724 versuum
1535 2682 1685 2734 species
1704 2681 1813 2719 adhi-

370 2760 546 2802 beantur,
575 2756 656 2795 sola
676 2755 928 2793 demonstrat.
