1903 3306
616 258 822 288 ANDRIAE
856 259 962 288 Ac'r.
988 258 1041 288 11.
1075 258 1142 288 sc,
1176 259 1206 287 1.
1551 251 1636 289 :309

181 356 291 398 Cum
311 356 351 396 is
372 354 480 395 nihil
499 358 760 408 promereat,
781 353 1010 407 postulare.
1030 353 1072 394 id
1095 353 1244 406 gratiae
1267 355 1435 407 apponi
1456 355 1558 394 sibi.

177 424 371 478 Nuptias
391 422 579 475 effugere
599 435 680 475 ego
702 423 811 462 istas
831 423 965 472 malo,
994 434 1127 475 quam
1147 425 1193 461 tu
1215 422 1463 475 adipiscier.

178 491 267 533 CH.
291 490 540 532 Reddidisti
563 490 765 530 animum.
825 490 914 531 ΡΑ.
950 489 994 530 N
998 502 1098 539 unc,
1130 489 1168 528 si
1196 489 1301 542 quid
1323 492 1452 543 potes
1474 494 1547 530 aut
1570 495 1632 538 tu,

347 564 425 599 aut
443 558 514 599 hic
535 557 738 611 Byrrhia,

174 628 348 677 Facite,
370 627 533 679 fingite,
554 625 759 684 invenite,
780 624 948 674 efficite,
970 625 1047 687 quj
1070 626 1196 666 detur
1217 626 1310 666 tibi.

55 694 127 784 -(..
173 695 269 749 Ego
290 695 337 736 id
355 707 498 748 agam,
518 683 793 747 mihifqgissne
815 693 947 734 detur.
1000 693 1089 735 CH.
1110 694 1187 736 Sat
1207 694 1368 735 habeo.
1429 694 1515 734 ΡΑ.
1539 693 1630 733 Da-

341 776 445 803 vum
466 760 649 815 optume
660 754 716 766 'm‘
1572 760 1629 801 35

171 829 331 872 Video.
383 829 536 884 Hujus
558 829 744 870 consilio
768 829 901 869 fretus
924 842 1034 869 sum.
1086 829 1173 870 CH.
1195 828 1258 869 At
1280 834 1324 869 tu
1345 829 1489 869 hercle
1509 828 1627 868 haud

341 899 577 952 quicquam
598 897 721 946 mihi,

170 964 272 1007 Nisi
290 979 360 1016 ea,
380 978 482 1020 quae
502 965 610 1006 nihil
630 978 747 1018 opus
770 969 874 1005 sunt
896 965 1020 1005 scire.
1074 963 1111 1004 F
1114 964 1230 1017 ugin'
1251 964 1383 1006 hinc?
1418 965 1507 1006 BY.
1531 963 1625 1017 Ego

337 1046 458 1083 vero,
479 1047 532 1075 ac
552 1034 722 1074 lubens.

474 1089 546 1101 h·-

165 1143 213 1164 me
227 1134 359 1175 officium
374 1133 499 1173 ingenui
514 1134 647 1165 hominis
662 1145 725 1166 esse
740 1135 848 1174 opinor
860 1143 983 1174 poscere
995 1132 1134 1172 gwtiam
1148 1132 1209 1163 sibi
1224 1131 1343 1170 haberi,
1358 1142 1425 1163 cum
1440 1133 1524 1163 nullo
1545 1131 1623 1163 hanc

160 1178 261 1218 officio
290 1178 504 1217 promeruerit.
550 1178 620 1217 Ego
643 1178 721 1208 istas
736 1178 860 1217 nuptias
874 1177 1014 1217 effugere
1029 1177 1130 1215 magis
1154 1176 1253 1215 cupio,
1269 1185 1359 1215 quam
1379 1179 1414 1206 tu
1429 1185 1480 1206 eas
1494 1177 1623 1215 assequi.

163 1220 232 1251 Cn.
256 1220 416 1250 Recreusti
433 1221 511 1251 mihi
526 1221 664 1251 animum
680 1221 743 1251 tuis
758 1220 870 1251 verbis.
918 1221 986 1251 ΡΑ.
1012 1219 1116 1257 Nunc,
1141 1219 1169 1249 si
1193 1220 1269 1258 quid
1283 1222 1380 1258 potes,
1406 1221 1460 1249 aut
1476 1218 1526 1248 hic
1539 1219 1625 1259 Byr·

159 1261 502 1304 rhia,sacite,fingite‚
528 1264 675 1303 invenite,
700 1264 820 1305 efficite,
849 1266 882 1293 ut
909 1262 1017 1302 quovis
1043 1263 1130 1292 modo
1151 1262 1209 1292 tibi
1225 1271 1305 1292 uxor
1320 1262 1506 1292 Philumena
1521 1262 1624 1294 detur.

164 1305 234 1344 Ego
249 1305 387 1345 studebo,
408 1309 443 1336 ut
460 1317 495 1337 ne
510 1306 588 1337 mihi
603 1307 703 1337 detur.
749 1307 819 1338 CH.
842 1304 963 1348 Sufficit
980 1305 1056 1335 mihi
1071 1306 1152 1344 quod
1167 1305 1226 1335 ais.
1273 1304 1340 1335 ΡΑ.
1364 1305 1490 1335 Davum
1513 1314 1623 1344 oppor-

160 1351 234 1378 tune
258 1349 358 1387 video,
378 1348 466 1386 cujus
479 1349 604 1380 consitio
619 1349 748 1389 confido.
795 1350 863 1381 CH.
889 1351 932 1379 At
949 1354 983 1379 tu
999 1348 1110 1385 hercle,
1125 1347 1280 1388 Byrrhia,
1294 1348 1392 1377 multo
1415 1347 1569 1378 absimilis
1589 1358 1622 1378 es

157 1391 232 1421 huic
250 1391 351 1422 Davo.
398 1392 491 1422 Nihil
506 1393 666 1432 quicquam
681 1392 758 1423 milii
772 1392 864 1430 dicis,
877 1392 937 1422 nisi
952 1402 999 1430 ea,
1014 1401 1082 1431 quoe
1096 1391 1175 1421 scire
1191 1400 1250 1430 me,
1267 1400 1327 1421 non
1342 1394 1415 1421 suut
1430 1390 1536 1421 utilia.
1570 1392 1620 1420 Απ

159 1443 219 1464 non
223 1434 318 1474 fugis
331 1433 426 1467 hinc?
470 1435 539 1466 ΒΥ.
565 1435 633 1474 Ego
649 1445 720 1466 vero
727 1435 836 1475 fugio,
852 1445 887 1465 ac
899 1435 1028 1466 libenter
1043 1435 1175 1475 quidem.

159 1573 261 1605 Bent.
276 1573 407 1605 divisim
423 1513 627 1615 nhquam.
650 1574 829 1606 Per1.-31
845 1575 885 1606 In
903 1575 990 1605 Mss.
1007 1573 1207 1615 quibusdam
1224 1577 1278 1604 est
1294 1577 1470 1604 mereatur:
1494 1572 1527 1603 in
1545 1573 1618 1604 aliis

157 1620 293 1648 mereat.-
317 1627 433 1648 rursus
460 1618 493 1648 in
521 1618 596 1649 aliis
619 1621 840 1658 promereatur.
864 1618 973 1648 West.
1019 1618 1102 1648 Cum
1126 1616 1292 1647 iambicus
1309 1616 1363 1647 hic
1377 1616 1466 1646 inter
1483 1620 1533 1647 tot
1551 1623 1617 1647 tro-

157 1659 292 1692 cliaicos
307 1670 373 1691 non
390 1661 471 1691 satis
489 1660 578 1692 belle
594 1660 746 1700 incedat,
761 1662 850 1701 lege,
866 1664 994 1691 mereat.
1037 1659 1094 1690 Sic
1109 1669 1245 1700 qnoque
1263 1659 1386 1699 legisse
1400 1659 1535 1690 videtur
1552 1660 1615 1689 Do.

153 1702 251 1734 Bent.
298 1704 377 1734 Cum
388 1703 434 1734 nil
449 1707 625 1744 promereat
640 1704 743 1734 Both.
760 1704 817 1745 qni
832 1705 861 1734 is
876 1703 979 1734 delet.
1024 1703 1148 1734 Mereut
1166 1702 1260 1733 Perl.
1290 1701 1441 1733 exhibet.
1485 1703 1617 1735 Prome-

153 1749 224 1776 τεαὶ
240 1745 354 1778 Guelf.
366 1749 400 1777 3.
421 1750 635 1787 promereatur
649 1749 769 1777 2.-—33
784 1747 966 1778 Reddidisti
981 1747 1069 1777 male
1086 1745 1209 1785 incipit
1224 1755 1242 1776 a
1259 1744 1346 1785 pede
1364 1745 1494 1776 cretico
1509 1755 1517 1776 :
1543 1755 1617 1776 cor-

154 1788 226 1827 rige
240 1789 357 1830 itaque
374 1789 549 1829 Redduxti,
565 1790 757 1830 praesertim
773 1799 847 1821 cum
866 1790 946 1820 Pet.
963 1789 1087 1820 habeat
1106 1788 1270 1827 Rectdiaetz',
1293 1792 1330 1818 et
1352 1797 1432 1819 usus
1454 1789 1616 1829 loquendi

152 1832 315 1869 postulet.
358 1832 506 1872 Deinde,
531 1835 566 1864 tu
592 1842 635 1863 ne
661 1832 824 1871 elidatur,
852 1832 996 1864 emenda
1021 1835 1098 1863 tute.
1132 1831 1233 1862 Bent.
1281 1830 1430 1862 Omnino
1458 1832 1615 1872 sequitur

151 1873 257 1906 Both.
280 1884 324 1906 ex
340 1880 442 1916 parte
457 1875 551 1907 Perl.
567 1874 624 1917 qui
645 1875 771 1906 retinet
789 1875 980 1907 Reddidisti.
1025 1875 1134 1906 Notat
1159 1874 1303 1904 Bothius
1318 1885 1326 1905 :
1351 1875 1360 1890 ‘
1376 1874 1494 1905 Nostri
1510 1876 1613 1906 etiam

149 1916 310 1958 Reddisti,
331 1918 352 1948 i.
368 1928 398 1950 e.
417 1918 582 1958 Reddixtz',
608 1919 716 1949 literis
732 1929 748 1949 s
763 1923 833 1949 etx
849 1919 973 1959 passim
990 1916 1166 1949 confusis!
1202 1917 1269 1947 Aut
1288 1920 1322 1946 tu
1339 1926 1415 1947 esse
1439 1917 1471 1947 in
1492 1917 1610 1949 Guelf.

151 1962 182 1990 1.
199 1966 235 1991 et
251 1970 311 2001 pro
326 1961 376 1992 hic
391 1961 425 1991 in
441 1964 472 1992 3.
487 1963 545 1992 iste
561 1966 678 1992 monet
695 1962 871 1994 perh—34
890 1961 957 2002 Eff.
972 1961 1006 1993 J.
1020 1960 1146 2001 ingerit
1161 1962 1206 1990 ut.
1225 1959 1403 1990 Perl.—35
1429 1960 1477 1991 Ut
1492 1962 1501 1976 ‘
1515 1960 1614 1991 mihi’

149 2002 214 2034 sub
226 2003 330 2035 ictum
348 2006 476 2042 veniat,
496 2014 588 2044 pone
604 2005 656 2045 qui
672 2005 759 2035 mihi.
805 2005 994 2036 Bentleius.
1032 2004 1096 2039 Qui
1121 2012 1159 2033 ne
1182 2002 1271 2033 mihi.
1315 2001 1370 2033 Sic
1395 2003 1458 2034 Do.
1482 2004 1611 2043 optime

148 2046 320 2077 collocato
333 2049 344 2064 ⁴
355 2046 422 2079 ne.'
439 2047 536 2078 Both.
566 2047 722 2078 Bentleio
739 2047 874 2078 accedit
890 2048 983 2079 Perl.
1001 2048 1058 2087 qui
1077 2051 1174 2076 notat
1190 2045 1269 2075 mihi
1283 2046 1336 2085 qui
1353 2055 1426 2076 esse
1443 2046 1476 2076 in
1493 2046 1611 2078 Guelf.

149 2091 268 2121 1.--36
293 2089 392 2121 Bodl.
409 2089 507 2128 cujus.
553 2091 703 2121 Praestat
717 2095 830 2121 autem
847 2091 927 2121 lect.
944 2090 1094 2129 vulgata,
1113 2087 1228 2125 Hujus.
1254 2089 1362 2119 West.
1385 2089 1441 2129 qui
1460 2095 1558 2120 notat
1575 2091 1610 2120 in

146 2130 240 2163 Add.
263 2134 273 2150 ‘
287 2132 331 2164 G.
346 2142 423 2163 cum
443 2133 516 2164 EA.
531 2133 642 2172 cujus!
688 2133 786 2173 Cujus
800 2133 884 2164 dant
899 2134 960 2164 ΒΓ.
979 2133 1017 2164 Ζ.
1034 2131 1135 2163 Both.
1164 2131 1254 2162 Pon-1.
1279 2131 1336 2171 qui
1357 2137 1492 2162 monet:
1518 2133 1526 2148 ⁶
1546 2133 1609 2162 Cu-

140 2173 204 2212 jus,
227 2175 282 2206 Ita
298 2176 399 2207 Bent.
427 2176 507 2207 Par.
534 2176 642 2216 quujus
668 2175 843 2216 antique:’
869 2181 903 2206 et
923 2175 964 2206 ad
991 2184 1107 2206 vocem
1131 2175 1139 2190 ‘
1155 2173 1335 2214 quicquam
1350 2174 1369 2204 ε’
1395 2175 1403 2191 ‘
1419 2174 1492 2205 GC.
1508 2174 1608 2212 sacis.

147 2217 327 2249 Glossema
341 2218 432 2249 olet!
459 2218 554 2259 Sapis
570 2224 645 2259 post
665 2220 674 2236 ‘
688 2218 787 2249 mihi'
811 2219 844 2249 in
862 2217 976 2250 Guelf.
992 2220 1107 2249 3.—-37
1126 2217 1230 2247 Forte
1247 2218 1375 2247 rectius
1390 2218 1474 2248 sciri.
1502 2218 1607 2249 West.

145 2259 242 2292 Unus
258 2270 277 2291 e
292 2262 428 2301 nostris,
442 2271 516 2302 opus
531 2265 588 2292 est.
633 2261 734 2292 Certe
751 2262 950 2292 alterutrum
967 2261 1147 2301 legendum
1170 2264 1235 2296 est,
1259 2265 1319 2290 aut
1345 2270 1420 2300 opus
1445 2263 1490 2290 est
1515 2261 1607 2299 scire,

143 2307 204 2333 aut
216 2313 290 2344 opus
306 2308 379 2335 sunt
392 2304 478 2336 sciri.
494 2304 672 2336 Posterius
691 2305 816 2344 placet.
834 2305 928 2336 Bent.
960 2305 1027 2335 Gu.
1043 2307 1074 2334 2.
1092 2303 1180 2332 hand
1197 2303 1283 2332 male
1298 2312 1365 2342 quw
1382 2303 1506 2333 minime
1522 2313 1606 2343 opus.

143 2345 296 2378 Botliius.
339 2346 435 2378 Sciri.
458 2347 514 2378 Ita
532 2348 633 2378 Bent.
651 2348 726 2388 Rip.
742 2348 831 2379 Perl.
855 2348 911 2389 qui
928 2357 1004 2378 cuin
1022 2347 1121 2378 Both.
1139 2346 1171 2375 iil
1200 2347 1341 2385 accipit.
1387 2345 1418 2376 A
1439 2347 1554 2378 Guclt'.
1573 2350 1605 2378 3.

143 2387 266 2421 absunt
284 2390 390 2421 verba
407 2390 483 2421 Nisi
499 2413 508 2422 .
523 2413 531 2421 .
545 2414 552 2422 .
567 2391 658 2422 scire.

802 2456 944 2487 NOTAE

184 2522 227 2551 34
252 2518 386 2562 Efficite,
413 2518 466 2560 qui
498 2520 591 2551 detur
620 2518 696 2559 tibi]
732 2519 741 2537 ‘
761 2519 843 2552 Qui’
898 2529 974 2560 quae
1009 2519 1042 2549 in
1081 2517 1251 2559 principio
1285 2517 1402 2548 retulit
1432 2518 1602 2557 Byrrliia:

139 2581 215 2613 pro,
238 2577 289 2603 ut.
309 2572 425 2603 Plaut.
457 2572 601 2611 ‘Valeo‚
623 2576 659 2602 et
676 2571 775 2602 venio
800 2572 842 2602 ad
898 2576 907 2589 ‘
926 2571 994 2603 CH.
1020 2572 1178 2602 Daturne
1213 2570 1269 2600 illa
1295 2569 1395 2600 hodie
1422 2570 1602 2611 Pamphilo

137 2623 247 2654 minus
263 2622 447 2661 valentem,
464 2626 500 2653 et
515 2622 633 2653 melius
650 2622 707 2662 qui
729 2622 844 2654 valeat
896 2622 1060 2662 nuptum?
1109 2621 1178 2652 ΒΥ.
1208 2621 1265 2651 Sic
1304 2626 1367 2652 est.
1423 2621 1491 2651 CH.
1532 2622 1600 2654 Qui

139 2672 240 2705 fero.’
275 2672 373 2704 Idem
390 2673 504 2704 multis
517 2673 601 2704 locis
615 2672 699 2704 aliis.
896 2672 983 2703 scis?
1028 2672 1097 2703 ΒΥ.
1140 2670 1241 2711 Apud
1272 2669 1381 2702 forum
1416 2671 1516 2702 inodo
1556 2672 1598 2703 de

180 2727 223 2756 36
246 2724 345 2755 Haud
371 2723 533 2765 quicquam
559 2723 653 2764 mihi]
686 2723 840 2764 Ellipsis.
895 2723 993 2753 Davo
1018 2720 1156 2753 audivi.’
1195 2722 1281 2754 Quae
1315 2721 1417 2752 verba
1447 2723 1600 2754 meminit

139 2775 381 2816 Subintellige‚
396 2775 492 2807 dicis,
895 2774 959 2804 hoc
977 2773 1051 2804 loco
1065 2771 1229 2806 Charinus
1248 2781 1282 2803 se
1300 2782 1364 2804 non
1379 2773 1528 2803 libenter
1544 2784 1597 2804 aur

180 2828 221 2857 37
248 2826 322 2858 Nisi
348 2824 399 2865 ea]
434 2825 588 2865 Scilicet,
620 2829 764 2867 propter
790 2834 841 2865 ea,
895 2823 1034 2855 divisse.
