1903 3306
325 207 410 248 120
946 214 1166 244 RUFiNus

325 310 497 348 trimetro
517 309 640 359 magis
663 309 893 354 subsistunt,
919 307 1117 353 collocari,
1139 315 1178 344 et
1194 309 1389 359 praecipue
1411 310 1515 361 apud
1535 311 1718 351 Plautum
1739 321 1778 352 et

332 373 512 412 Naevium
534 380 572 412 et
602 373 820 410 Afranium.
888 371 990 408 Nam
1028 370 1065 408 hi
1099 371 1262 410 maxime
1295 386 1341 411 ex
1380 374 1559 413 omnibus
1598 378 1778 415 membris

327 449 506 476 versuum
524 450 533 480 ;
561 436 657 475 colis
672 438 720 474 ab
738 436 796 474 bis
811 435 999 487 separatis
1012 436 1171 474 licenter
1188 436 1247 473 usi
1269 436 1509 487 reperiuntur
1522 439 1560 475 in
1576 439 1778 479 clausulis.

328 501 436 539 Idem
456 502 680 539 Victorinus
698 500 734 538 in
756 500 831 538 alio
847 500 935 537 loco
956 498 1004 536 de
1025 499 1152 536 iambo
1174 498 1228 536 sic
1249 499 1364 538 dicit:
1388 501 1631 551 Improbatur
1652 510 1779 542 autem

329 565 431 616 apud
455 566 638 616 tragicos,
664 577 798 603 versus
818 577 864 602 ex
894 564 1073 601 omnibus
1105 563 1243 600 iambis
1275 565 1537 614 compositus3
1578 579 1669 604 nam
1701 580 1780 618 quo

329 629 379 667 sit
405 629 579 680 amplior,
599 636 638 667 et
656 642 726 679 par
745 627 906 679 tragicae
938 627 1131 678 dignitati,
1152 628 1403 679 interponunt
1421 629 1663 680 frequentius
1684 630 1780 669 locis

331 692 522 730 duntaxat
558 693 770 744 imparibus
807 692 950 743 pedum
984 691 1265 743 dactylicorum
1300 705 1427 730 moras
1460 700 1500 731 et
1537 694 1781 745 spondaeum.

332 756 509 794 Similiter
530 757 634 807 apud
654 756 823 794 comicos
841 756 968 794 laxius
988 756 1156 807 spatium
1176 755 1311 793 datum
1330 763 1416 794 est:
1446 769 1536 794 nam
1549 763 1588 795 et
1606 757 1662 794 illi
1682 758 1783 805 loca,

332 832 419 870 quae
450 820 601 871 proprie
636 820 828 858 debentur
858 820 1011 866 iambis,
1045 819 1242 870 spondaeis
1263 826 1472 871 occupant,
1491 820 1727 872 dactyloque
1746 829 1787 860 et

333 891 534 934 anapaesto
554 884 650 921 locis
671 883 836 934 adaeque
857 883 1090 934 disparibus.
1148 883 1219 930 Ita,
1241 882 1333 921 dum
1352 883 1622 934 quotidianum
1642 898 1787 925 sermo-

335 960 425 985 nem
445 947 583 986 imitari
603 948 792 994 nituntur,
814 954 937 985 metra
957 947 1106 994 vitiant,
1141 947 1285 994 studio,
1316 961 1394 986 non
1421 948 1610 999 imperitia
1628 962 1636 986 :
1681 949 1787 1000 quod

333 1011 573 1062 frequentius
594 1011 697 1063 apud
719 1017 875 1050 nostros
910 1024 1025 1063 quam
1060 1011 1163 1064 apud
1194 1012 1356 1050 Graecos
1388 1012 1575 1050 invenies.
1633 1011 1790 1051 Genera

335 1081 464 1112 autem
478 1075 630 1113 iambici
652 1076 762 1114 metri
782 1081 873 1113 sunt
895 1074 998 1113 duo:
1030 1087 1119 1112 nam
1139 1074 1246 1113 exiis
1259 1076 1335 1113 alia
1353 1075 1517 1126 integra,
1538 1075 1613 1114 alia
1629 1076 1788 1123 clauda,

336 1151 423 1189 quae
445 1145 630 1177 scazonta
659 1153 726 1177 seu
761 1139 980 1177 choliamba
1007 1147 1162 1185 vocant,
1192 1147 1307 1178 sunt:
1335 1152 1499 1190 quorum
1533 1139 1788 1179 differentiam

334 1202 549 1253 penultima
567 1217 702 1242 versus
724 1204 877 1254 syllaba
895 1204 1190 1242 demonstrabit.
1232 1203 1349 1249 Nam,
1373 1203 1405 1241 si
1426 1204 1550 1241 brevis
1571 1204 1790 1255 contigerit,

338 1266 408 1303 erit
438 1274 582 1305 rectum
613 1276 652 1306 et
681 1268 873 1316 integrum
905 1268 1125 1314 iambicum,
1147 1268 1221 1306 ita:
1269 1268 1426 1318 Vigoris
1457 1267 1557 1305 udde
1590 1271 1787 1305 concitum

339 1329 499 1367 celerem
521 1330 671 1382 pedem.
730 1331 798 1368 Sin
828 1344 918 1368 vero
948 1330 1081 1382 longa,
1118 1331 1297 1369 delumbe
1330 1338 1369 1369 et
1401 1331 1598 1377 claudum,
1632 1338 1674 1369 ut
1707 1338 1790 1369 est:

339 1394 521 1432 Novitfite
541 1394 681 1433 ductas
702 1403 779 1434 non
801 1401 859 1433 est
890 1399 1036 1434 inscius
1057 1396 1168 1446 legis.
1227 1395 1277 1432 Le
1297 1395 1428 1445 longa,
1459 1408 1547 1446 quae
1574 1395 1789 1446 penultima

340 1458 541 1508 reperitur,
580 1465 743 1496 metrum
775 1459 1008 1509 corrumpit:
1049 1459 1166 1510 hujus
1201 1467 1371 1509 repertor
1397 1459 1619 1510 Hipponax.
1676 1459 1793 1504 Nam,

340 1534 408 1571 pro
425 1522 552 1559 iambo
571 1522 740 1560 inductis
761 1521 942 1561 trochaeis
962 1530 1099 1560 contra
1118 1523 1242 1573 legem
1265 1523 1423 1559 trimetri
1444 1522 1610 1567 iambici,
1627 1529 1790 1561 metrum

341 1586 549 1632 innovavit,
570 1586 674 1637 quod
697 1586 860 1638 adaeque
880 1600 927 1624 ex
949 1586 1138 1637 spondaeo
1155 1587 1359 1636 contingit.

586 1935 671 1977 VE
681 1935 831 1977 RSUS
866 1934 1096 1976 RUFINI
1128 1933 1551 1976 GRAMMATICI

505 2053 569 2083 DE
590 2050 767 2083 METRIS
791 2049 1017 2081 TERENTII
1043 2050 1098 2080 ET
1120 2049 1294 2082 PLAUTI
1319 2050 1379 2081 ET
1402 2048 1638 2082 ALIORUM.

456 2168 680 2205 Aonoscrr
701 2173 875 2211 metrum,
894 2172 1097 2217 servatque
1116 2165 1319 2203 Terentius
1341 2174 1476 2212 artem,

458 2232 557 2269 Nam
577 2230 759 2281 prologos
780 2230 950 2267 trimetro
971 2229 1107 2267 didicit
1133 2243 1361 2280 componere
1384 2243 1510 2275 versu,

457 2295 745 2345 Scenarumque
765 2300 875 2330 actus
895 2293 1038 2343 primos
1061 2293 1159 2343 pede
1181 2293 1328 2331 claudit
1348 2294 1498 2331 eodem.

460 2359 512 2396 Ut
532 2364 624 2395 sunt
642 2358 681 2394 hi
700 2369 832 2395 versus
853 2357 1001 2407 prologi
1017 2370 1026 2394 :

454 2421 577 2458 Poeta
597 2426 684 2458 cum
703 2425 867 2471 primum
885 2423 1054 2457 {nimum
1075 2420 1124 2457 ud
1145 2419 1393 2458 scribendum
1415 2420 1576 2471 appulit,

458 2484 496 2521 id
518 2485 593 2521 sibl
612 2488 741 2534 negoti
759 2483 907 2521 credidi
928 2483 1053 2522 solum
1075 2484 1156 2521 duri

458 2547 609 2598 Popi‘sso
627 2553 670 2584 ut
690 2547 884 2597 placerent
903 2553 1000 2597 qufis
1020 2548 1176 2586 fecisset
1196 2547 1380 2584 Fabulas.

462 2612 542 2650 Vos
560 2616 669 2649 istaec
687 2616 787 2649 intro
808 2612 971 2658 auferte,
993 2614 1116 2657 obite:
1149 2613 1261 2650 Sosia

464 2674 651 2712 adesdum
671 2680 804 2724 paucis
824 2682 860 2712 te
881 2676 982 2713 volo.
1039 2677 1194 2714 Dictum
1214 2680 1320 2727 puta.

464 2740 723 2777 Tetrametros
740 2741 913 2789 sequitur
932 2753 1045 2790 quem
1066 2742 1230 2778 finxerat
1249 2739 1314 2776 ille
1334 2737 1511 2775 Boiscust
