1903 3306
334 203 420 246 372
839 217 881 247 P.
913 217 1156 247 TERENTH
1190 215 1305 248 Arm

335 308 585 360 Quemnam
619 309 690 351 hic
722 311 903 353 laudat?
967 313 1061 353 DA.
1092 311 1249 353 Omnis
1281 324 1350 354 res
1382 315 1450 354 est
1474 312 1571 367 jam
1590 313 1635 355 in
1655 313 1795 376 vado.

504 377 572 418 S1.
605 376 747 418 Cesso
771 379 969 432 alloqui?

334 444 427 484 DA.
459 443 609 485 Herus
630 449 724 485 est:
758 445 865 498 quid
887 446 1044 498 agam?
1095 445 1162 486 S1.
1195 447 1233 487 Ο
1258 447 1394 497 salve,
1416 449 1533 490 bone
1555 449 1637 492 vir.
1697 449 1791 490 DA.

504 512 642 552 Ehem
662 512 807 553 Simo!
839 525 865 552 o
885 517 1039 553 noster
1059 512 1244 555 Chreme
1263 515 1272 555 !
1763 517 1793 557 5

333 577 494 620 Omnia
514 584 732 633 apparata
747 579 839 632 jam
859 584 959 620 sunt
979 580 1117 621 intus.
1180 581 1249 623 SI.
1281 582 1458 624 Curasti
1480 584 1632 636 probe.

338 646 429 687 DA.
460 646 553 688 Ubi
571 647 713 696 voles,
737 660 925 688 arcesse.
984 648 1052 689 Sl.
1086 648 1207 690 Bene
1227 663 1362 691 sane:
1385 651 1444 717 ἐξ
1475 651 1697 693 enimvero
1721 650 1792 692 hic

505 727 622 755 nunc
644 714 784 756 abest.

335 781 481 824 Etiam
500 785 546 822 tu
565 782 652 823 hoc
672 782 953 835 respondes?
987 782 1094 835 quid
1127 783 1226 858 istic
1253 784 1337 825 tibi
1358 784 1524 837 negotii
1545 783 1600 826 ’st
1619 785 1638 825 ’ἱ
1698 785 1790 826 ΒΑ.

508 847 698 890 Mihin'?

335 916 404 957 Sl.
438 916 521 958 Ita.
578 917 672 958 DA.
705 917 906 959 Mihine'?
940 918 1009 959 S1.
1039 918 1144 959 Tibi
1165 931 1279 970 ergo.
1341 919 1434 960 DA.
1465 918 1608 960 Modo
1629 919 1792 961 introii.

508 984 575 1025 S1.
608 984 753 1036 Quasi
774 999 871 1039 ego,
896 999 1029 1040 quam
1051 986 1230 1036 dudum,
1250 1000 1409 1039 rogem.
1679 995 1727 1051 4

337 1106 407 1137 DA.
433 1106 544 1137 Omnis
558 1116 607 1137 res
621 1108 805 1147 nostrajam
820 1107 854 1138 in
868 1110 936 1138 tuto
951 1107 1055 1148 posita
1076 1112 1132 1140 est.
1175 1107 1225 1138 Sr.
1251 1107 1338 1142 Quid
1350 1117 1430 1138 cesso
1445 1107 1524 1138 hunc
1539 1105 1676 1147 alioqui?
1719 1108 1791 1139 DA.

338 1148 447 1179 Herus
462 1149 512 1180 hic
528 1152 594 1180 est:
625 1150 698 1189 quid
714 1160 806 1188 agam
819 1148 835 1181 12
879 1151 929 1182 Sx.
958 1152 986 1180 Ο
1003 1151 1096 1189 salve,
1117 1151 1190 1181 bone
1206 1150 1254 1180 vir
1265 1149 1280 1180 !
1326 1150 1397 1181 DA.
1426 1150 1519 1189 Hem,
1536 1149 1633 1189 Simo,
1657 1161 1674 1181 o
1690 1154 1793 1181 noster

341 1191 514 1223 Chremes!
534 1193 658 1223 salvete.
709 1193 824 1223 Omnia
841 1193 913 1232 jam
937 1195 977 1224 acl
1000 1194 1124 1233 nuptias
1150 1196 1300 1233 apparata
1322 1196 1394 1223 sunt
1409 1192 1493 1223 intus
1507 1193 1541 1223 in
1564 1193 1651 1223 domo
1676 1196 1792 1224 nostra.

336 1234 387 1265 St.
414 1235 542 1265 Curasti
557 1238 639 1265 recte
655 1238 690 1266 tu
704 1236 837 1275 quidem.
883 1236 955 1267 DA.
985 1235 1047 1267 Ubi
1067 1237 1158 1274 ¹voles,
1175 1236 1283 1277 filium
1297 1235 1411 1266 accersi
1419 1235 1504 1273 jube.
1548 1234 1596 1265 S1.
1620 1235 1707 1266 Bene
1721 1245 1794 1266 sane

334 1276 415 1307 dicis
424 1287 434 1307 .·
447 1277 481 1308 id
491 1277 573 1308 enim
585 1281 667 1308 certe
679 1288 760 1308 nunc
771 1288 864 1309 unum
876 1279 1069 1310 desideratur
1080 1280 1119 1309 ad
1131 1279 1344 1309 solennitatem
1355 1278 1544 1317 nuptiarum.
1566 1278 1618 1308 An
1628 1287 1687 1308 non
1699 1278 1794 1309 etiam

335 1321 371 1349 tu
386 1320 426 1349 ad
449 1320 494 1357 id,
511 1321 589 1360 quod
611 1330 726 1360 quoero,
740 1319 928 1361 respondes?
954 1321 1039 1357 Quid
1063 1321 1121 1351 tibi
1134 1321 1253 1360 negotii
1268 1324 1313 1351 est
1335 1321 1368 1351 in
1394 1322 1482 1350 domo
1509 1318 1675 1360 Glycerii?
1720 1321 1792 1351 DA.

337 1361 450 1394 Mihi?
502 1363 553 1394 Sl.
576 1363 642 1394 Ita.
690 1364 762 1394 DA.
787 1362 941 1395 Mutine?
986 1364 1037 1394 S1.
1064 1364 1146 1401 Tibi,
1170 1366 1307 1404 inquam.
1367 1363 1434 1394 DA.
1458 1362 1553 1393 Modo
1578 1363 1611 1392 in
1635 1362 1690 1393 has
1712 1364 1795 1394 oedes

336 1404 480 1436 introivi.
525 1406 576 1437 S1.
603 1406 703 1441 Quasi
726 1417 745 1437 a
760 1409 791 1437 te
814 1416 963 1447 quaeram,
988 1416 1077 1447 quam
1091 1408 1205 1438 dudum
1229 1406 1419 1438 introiveris.
1460 1405 1532 1437 DA.
1554 1405 1650 1436 Modo
1666 1405 1794 1437 introivi

948 1491 964 1502 e
970 1491 984 1502 e
990 1491 1184 1502 eeeeaeeaeeoe

336 1552 380 1583 al.
404 1553 456 1589 ad,
481 1553 521 1583 ai.
549 1556 678 1593 tempus.
702 1553 859 1585 perh—5
887 1555 951 1587 Gu.
978 1558 994 1585 l
1022 1555 1105 1594 Eho,
1130 1558 1233 1585 noster
1258 1554 1315 1585 Ch.
1339 1552 1442 1584 Both.
1467 1551 1523 1593 qui
1549 1551 1608 1583 dat
1632 1551 1715 1582 Hem
1730 1560 1793 1591 pro

337 1595 446 1627 Ehem.
467 1596 476 1612 ‘
491 1596 603 1627 Guelf.
621 1599 648 1627 1.
673 1597 781 1629 Ehem.
805 1598 929 1638 Script.
952 1598 1003 1628 Eh
1019 1598 1108 1629 hem.’
1133 1598 1293 1629 Perl.-—6
1316 1597 1357 1628 R.
1380 1595 1418 1626 τὸ
1432 1595 1503 1634 jam
1521 1595 1628 1626 deest.
1651 1595 1793 1625 Lind.-—-

336 1640 355 1669 7
379 1638 482 1668 Varie
499 1643 610 1670 autem
635 1639 710 1670 haee
738 1640 907 1680 leguntur.
932 1640 1030 1672 Leid.
1057 1650 1155 1678 unns,
1180 1640 1207 1671 is
1234 1640 1386 1672 enimvero
1410 1639 1482 1670 hino
1508 1647 1588 1668 nunc
1609 1637 1706 1668 abest.
1731 1636 1792 1668 Tr.

337 1681 444 1711 Bene:
468 1681 518 1712 hic
533 1682 684 1713 enimvero
700 1682 771 1713 hinc
785 1693 863 1713 nunc
878 1683 974 1715 abest.
1020 1683 1071 1714 M.
1098 1684 1132 1714 id
1157 1684 1310 1715 enimvero
1326 1682 1399 1713 hinc
1412 1691 1491 1712 nunc
1506 1680 1604 1712 abest.
1649 1679 1794 1710 Videtur

337 1722 555 1763 praeferenda
581 1725 698 1764 lectio,
720 1734 820 1765 quam
843 1726 947 1756 edidi.
977 1727 1078 1759 W'est.
1123 1727 1163 1757 Id
1179 1726 1291 1757 enimv.
1317 1725 1388 1756 hinc
1412 1733 1473 1755 non
1495 1722 1580 1754 abest
1604 1722 1647 1754 G.
1693 1722 1744 1753 Id.
1759 1722 1794 1752 in

336 1766 420 1797 Adel.
467 1768 590 1798 Omnes
608 1766 680 1799 fere
698 1768 718 1798 1.
736 1777 762 1797 s.
778 1772 813 1798 et
828 1769 891 1798 Do.
904 1768 1033 1800 habent
1050 1769 1122 1799 hinc
1132 1779 1213 1799 nunc
1227 1769 1327 1799 abest.-
1343 1768 1424 1798 item
1442 1767 1526 1805 Eug.
1550 1765 1609 1796 Fa.
1650 1764 1734 1795 Tres
1751 1774 1794 1794 ex

338 1808 476 1844 nostris,
499 1810 526 1840 is
547 1811 721 1841 enimvero:
747 1820 830 1841 unus
859 1811 910 1841 hic
933 1821 1024 1842 nunc.
1069 1812 1221 1842 Frustra.
1247 1811 1343 1842 Rent.
1388 1810 1423 1840 Is
1449 1809 1603 1840 enimvero
1630 1807 1672 1838 R.
1700 1806 1796 1838 Lind.

338 1851 405 1882 Hic
422 1851 496 1882 GC.
519 1852 589 1883 sine
608 1853 716 1893 apice.
763 1853 855 1884 Hinc
871 1863 941 1885 var.
958 1855 991 1884 in
1018 1853 1096 1885 edd.
1118 1854 1179 1893 hic,
1200 1854 1280 1884 hinc.
1305 1852 1397 1884 Peri.
1441 1852 1475 1882 Is
1498 1860 1558 1890 pro
1580 1850 1615 1881 id
1630 1848 1745 1881 Guelf.
1763 1852 1791 1880 1.

336 1895 466 1925 Accerse
482 1895 541 1927 ΒΓ.
559 1896 725 1927 Bent.-8
750 1897 910 1936 Responde
926 1897 976 1927 M.
993 1899 1036 1928 G.
1060 1897 1220 1937 Responde
1235 1896 1313 1927 mihi
1330 1895 1411 1926 EM.
1440 1895 1535 1924 West.
1572 1893 1638 1924 Do.
1652 1892 1662 1909 ‘
1677 1892 1790 1923 Etiam

337 1940 374 1967 tu
390 1937 452 1968 hoc
472 1939 681 1978 respondes?
704 1940 828 1977 Deest,
845 1938 992 1970 Annon.’
1038 1939 1105 1971 Qui
1122 1941 1184 1970 hoc
1208 1938 1397 1974 annotavit.
1413 1936 1498 1977 legit
1517 1936 1687 1976 respondes.
1733 1934 1793 1966 Se-

338 1980 475 2019 quitur:
493 1982 501 1998 ‘
515 1985 523 1996 ⁴
538 1981 674 2018 Etiam,’
688 1985 746 2012 aut
764 1982 957 2013 adhortatio
971 1986 1034 2020 est,
1045 1986 1103 2013 aut
1116 1980 1333 2021 conjunctio?
1365 1980 1433 2013 Qui
1448 1979 1525 2018 hoc,
1539 1978 1624 2018 legit
1635 1978 1795 2017 responde,

335 2027 373 2053 ut
388 2023 493 2053 nostri
510 2024 647 2055 codices
667 2029 905 2063 praeterunum
922 2025 1084 2056 universi.
1098 2025 1195 2055 Bent.
1232 2024 1404 2064 Responde,
1418 2022 1492 2063 quid
1508 2022 1569 2052 Br.
1586 2020 1672 2055 GM.
1689 2020 1793 2050 Bent.

336 2065 504 2096 Rom-9
528 2066 627 2097 CCC.
650 2067 790 2097 introivi.
840 2068 940 2107 Lege,
964 2066 1075 2098 Mihi?
1101 2067 1171 2097 Tibi
1194 2076 1278 2106 ergo.
1323 2066 1418 2096 Modo
1434 2074 1500 2103 ego
1526 2063 1665 2094 introivi.
1689 2063 1792 2093 Bent.

339 2107 441 2142 Quam
455 2110 571 2140 dudum
585 2109 618 2140 id
633 2119 739 2148 rogem
751 2111 792 2141 V.
811 2109 850 2141 C.
875 2110 970 2141 Lind.
1011 2110 1112 2145 Quam
1127 2111 1261 2141 dudam:
1276 2108 1310 2141 J.
1324 2113 1359 2140 et
1375 2107 1449 2139 cod.
1464 2107 1615 2138 Venetus
1634 2109 1675 2137 te.
1700 2105 1793 2136 Peri.

998 2194 1030 2226 N
1035 2193 1138 2226 OTAE

380 2259 399 2287 4
428 2256 537 2288 Omnis
557 2268 607 2289 res
623 2262 668 2289 est
683 2258 753 2296 jam
775 2259 808 2290 in
823 2259 915 2299 vado]
939 2259 1038 2291 Vada
1136 2259 1175 2290 Id
1194 2258 1347 2290 enimvero
1361 2256 1434 2288 him:
1446 2264 1527 2287 nunc
1539 2253 1641 2294 abest]
1663 2252 1734 2284 Alii
1745 2253 1793 2284 le-

337 2312 417 2337 sunt
432 2306 608 2338 fluminum
633 2309 707 2339 loca
732 2309 838 2340 minus
856 2309 1038 2350 profunda,
1093 2314 1189 2351 gunt,
1213 2310 1272 2341 hic.
1309 2308 1345 2340 Si
1372 2307 1447 2339 haec
1469 2306 1574 2338 lectio
1600 2305 1711 2336 locum
1736 2303 1793 2335 ha-

336 2357 370 2387 in
393 2357 512 2397 quibus
530 2358 744 2398 periclitandi
765 2360 875 2390 nullus
892 2365 944 2392 est
968 2370 1037 2392 me·
1093 2361 1163 2402 bet,
1198 2360 1276 2391 talis
1309 2359 1377 2391 erit
1405 2367 1540 2390 sensus:
1579 2357 1669 2389 Nam
1698 2358 1792 2386 certe

339 2411 405 2437 tus.
443 2406 668 2438 Proverbium
685 2412 737 2439 est
754 2408 950 2449 significans
966 2420 1037 2442 rem
1092 2415 1278 2453 propterea
1316 2409 1382 2448 hic,
1418 2417 1543 2449 nempe
1582 2405 1794 2447 Pamphilus,

338 2464 436 2490 extra
449 2461 636 2500 periculum
649 2469 735 2501 esse,
750 2461 852 2502 quale
863 2461 1036 2492 estistud:
1092 2462 1203 2500 abest,
1225 2461 1304 2503 quia
1331 2459 1492 2491 abhorret
1518 2467 1538 2489 a
1562 2457 1704 2499 nuptiiS,
1726 2464 1791 2487 nec

338 2510 380 2542 In
396 2515 495 2550 portu
510 2511 643 2551 navigo.
1092 2514 1165 2544 vult
1181 2522 1237 2543 eas
1255 2510 1386 2552 perfici.

381 2565 399 2591 5
428 2564 457 2592 Ο
483 2563 575 2598 salve,
601 2562 675 2594 bone
700 2563 763 2603 vir]
790 2562 925 2594 Ironica
950 2562 1036 2594 salu·
1135 2565 1154 2593 8
1179 2562 1287 2593 Etiam
1302 2564 1335 2592 tu
1352 2561 1406 2592 hoc
1420 2557 1596 2600 respondes]
1624 2557 1736 2588 Etiam
1753 2559 1791 2587 tu

339 2613 438 2644 tatio.
1090 2613 1163 2643 haec
1191 2611 1295 2643 verba
1322 2610 1530 2652 respondere
1557 2607 1685 2640 audes?
1704 2607 1792 2638 soili-

381 2667 401 2694 6
426 2664 553 2694 Curasti
585 2662 692 2704 probe]
730 2663 945 2705 Approbatio
971 2663 1036 2695 iro·
1091 2666 1167 2695 eet:
1191 2662 1201 2679 ‘
1218 2661 1342 2693 Omma
1361 2662 1435 2702 jam
1457 2663 1625 2701 apparata
1647 2661 1726 2689 sunt
1741 2658 1790 2689 in-

339 2714 413 2745 nica
429 2714 506 2744 irati
521 2714 676 2745 Simonis.
1091 2719 1156 2745 tus.
1189 2712 1254 2744 Ubi
1270 2712 1374 2751 voles,
1389 2718 1527 2742 accerse
1539 2720 1546 2740 :
1559 2711 1566 2725 ’
1581 2713 1617 2739 tu
1634 2708 1691 2749 qui
1706 2716 1790 2749 nup-

381 2769 399 2797 7
424 2766 510 2797 Bene
522 2765 608 2806 saue]
629 2763 792 2797 Persistit
804 2764 837 2796 in
855 2764 972 2796 ironia.
1091 2763 1157 2796 tias
1172 2763 1259 2795 dolis
1276 2762 1341 2794 tuis
1354 2760 1497 2802 impedis
1510 2762 1546 2791 et
1561 2758 1757 2791 disturbas?
