1903 3306
343 244 427 287 180
748 255 1031 286 JoAcfflMth
1065 254 1391 287 cAMERARms

344 358 356 377 ‘
372 355 460 392 Jam
479 351 517 390 hi
538 350 620 389 am'
651 356 710 388 est
743 349 908 395 iambus,
935 348 996 386 vel
1028 347 1157 386 soluta
1184 348 1352 388 dictione
1381 349 1523 398 ‘Jam‚’
1551 350 1613 390 vel
1640 337 1793 390 retenta

343 418 456 456 litera
476 430 526 454 m.

451 501 558 544 Quot
574 497 705 550 pondo
724 496 880 534 tedesse
899 508 1036 534 censes
1056 496 1217 543 nudum,
1239 510 1317 535 non
1337 497 1489 548 aedepol
1510 499 1605 538 scio.

451 563 522 601 Ille
542 575 657 613 opere
676 561 769 598 foris
789 559 973 597 faciundo
993 560 1121 597 lassus
1143 567 1262 598 noctu
1283 560 1450 599 advenit.

452 627 687 675 Quanquam
708 623 826 660 invita
846 630 883 660 te
904 623 1057 669 carebo,
1079 623 1246 661 animum
1267 637 1339 674 ego
1360 624 1543 663 inducam
1563 632 1710 664 tamen.

451 689 506 726 Te
525 688 605 725 heri
624 700 683 724 me
703 685 858 731 vidisse,
879 685 942 735 qui
962 685 1036 723 hac
1052 692 1170 723 noctu
1191 686 1230 723 in
1251 694 1402 737 portum
1419 687 1573 726 advecti
1593 702 1740 727 sumus.

452 751 738 802 Blepharonem
758 756 801 786 ut
820 762 859 786 re
881 749 1012 786 divina
1031 749 1136 787 facta
1156 753 1304 788 mecum
1327 751 1531 802 prandeat.

454 814 580 852 Nimis
599 813 701 850 bella
720 825 760 850 es
782 818 897 862 atque
918 812 1108 859 amabilis,
1135 819 1173 850 et
1195 813 1226 850 si
1245 813 1319 851 hoc
1341 821 1446 852 esset
1465 827 1592 852 meum
1611 814 1742 853 hodie.

349 905 426 951 Qui
443 917 578 943 versus
598 916 732 942 omnes
754 902 932 953 διαιρέσει
954 903 1139 954 explicari
1171 911 1367 955 poterunt.
1426 906 1651 944 Contractio
1681 907 1798 958 sylla-

346 972 484 1008 barum
511 968 676 1006 crebrior
706 973 779 1004 est.
834 966 885 1004 Et
913 973 1085 1016 apparet,
1114 967 1235 1005 fuisse
1270 967 1444 1019 linguam
1479 969 1654 1007 Latinam
1673 970 1798 1022 magis

348 1039 478 1085 aptam
499 1031 548 1070 ad
567 1043 683 1068 voces
703 1029 916 1081 cogendaS,
953 1043 1069 1080 quam
1101 1030 1390 1070 distrahendas.
1449 1032 1536 1070 Hoc
1566 1032 1661 1070 illud
1682 1033 1800 1071 etiam

346 1097 506 1142 indicat,
535 1094 641 1146 quod
675 1094 806 1132 retulit
836 1094 972 1131 Cicero
1006 1094 1071 1132 lib.
1109 1107 1159 1132 11.
1195 1095 1244 1133 de
1279 1095 1553 1134 Divinatione:
1583 1096 1712 1134 ‘Cum
1741 1097 1799 1135 M.

351 1161 517 1198 Crassus
537 1156 746 1197 exercitum
767 1156 978 1194 Brundusii
998 1158 1226 1208 imponeret,
1255 1158 1413 1208 quidam
1446 1159 1485 1196 in
1518 1165 1633 1209 portu
1652 1160 1799 1198 caricas

350 1225 489 1262 Cauno
527 1223 711 1261 advectas
741 1220 930 1267 vendens,
958 1221 1154 1267 Cauneas,
1185 1221 1420 1260 clamitabat.
1492 1222 1708 1269 Dicamus,'
1741 1223 1800 1261 in-

351 1288 435 1339 quit
455 1288 605 1331 Cicero,
636 1290 645 1306 ‘
666 1286 697 1323 si
725 1285 866 1336 placet,
894 1285 1079 1322 monitum
1107 1286 1155 1322 ab
1176 1298 1222 1323 eo
1244 1286 1443 1332 Crassum,
1463 1292 1616 1324 caveret
1634 1299 1682 1323 ne
1701 1285 1809 1324 iret.'

351 1351 538 1390 Sonuisse
564 1350 666 1387 enim
698 1357 858 1399 apparet
889 1347 1000 1394 illud,
1030 1351 1039 1369 ‘
1058 1347 1255 1393 eauneas,'
1284 1355 1528 1386 contractum
1561 1347 1650 1395 hoc,
1679 1353 1689 1370 ⁸
1707 1361 1800 1388 cave

350 1430 399 1455 ne
419 1415 511 1453 eas!
567 1414 664 1451 Haec
698 1412 919 1449 indicantur
950 1411 1171 1448 nominibus
1204 1413 1426 1464 συναλοιφῆς
1445 1418 1484 1449 et
1503 1413 1800 1464 ἑπισυναλοιφῆς.

353 1477 602 1530 Synaloephe,
635 1490 723 1528 quae
753 1483 792 1513 et
822 1479 1030 1525 συναίρεσις
1047 1475 1198 1525 proprie
1218 1480 1390 1520 vocatur,
1421 1486 1509 1529 cuqm
1529 1475 1618 1513 duae
1639 1475 1801 1527 syllabae

351 1542 391 1580 in
411 1554 528 1579 unam
547 1539 668 1579 veluti
686 1538 900 1578 confluunt.
960 1538 1012 1575 Ut
1031 1537 1197 1575 Phaeton
1219 1537 1492 1586 δισσύλλαβον,
1512 1551 1582 1589 pro
1601 1539 1802 1590 trisyllabo

352 1606 529 1644 Phaeton
548 1618 557 1642 :

513 1680 613 1717 Cum
632 1685 670 1716 te
690 1677 884 1728 dejectum
905 1675 1053 1714 crudeli
1072 1674 1244 1722 fulmine,
1264 1675 1472 1715 Phaethon.

354 1766 456 1804 Nam
476 1778 498 1803 a
518 1772 556 1803 et
575 1778 595 1802 e
615 1764 749 1814 lingua
768 1762 905 1801 Latina
924 1762 1211 1812 diphthongum
1232 1762 1392 1799 faciunt.
1437 1760 1605 1809 Deinde,
1626 1761 1803 1813 proinde,

355 1827 618 1876 δισσυλλάβως
638 1828 787 1864 Lucret.
843 1824 1018 1863 Tandem
1050 1825 1225 1863 coierunt
1259 1824 1526 1875 τρισυλλάβως.
1581 1825 1700 1872 Nihil,
1721 1825 1774 1862 nil
1793 1839 1803 1863 z

353 1893 461 1939 mihi,
483 1892 557 1929 mi:
587 1890 712 1936 mehe,
743 1902 830 1927 me:
862 1889 893 1925 si
921 1888 993 1934 vis,
1024 1886 1099 1926 κατ’
1125 1889 1293 1936 ἔκθλιψιν
1312 1901 1335 1925 u
1358 1900 1426 1938 pro
1447 1895 1702 1935 consonante,
1723 1889 1801 1932 sis:

353 1956 418 1994 ille
439 1963 478 1994 et
498 1955 622 2000 terris,
655 1953 748 1991 illet.
807 1952 1046 2002 Sceptroque
1079 1950 1229 1988 innisus
1262 1952 1455 1989 eburneo:
1485 1952 1644 1990 eburno.
1700 1951 1804 1990 Pen-

358 2020 452 2059 dent
471 2019 603 2070 lychni
622 2016 868 2067 laquearibus
889 2014 1014 2052 aureis
1032 2027 1040 2052 ε
1070 2012 1330 2061 δισσυλλάβως
1347 2028 1356 2052 ε

516 2102 629 2140 Libra
650 2100 726 2138 diei
746 2100 948 2149 noctisque
967 2111 1080 2150 pares
1100 2098 1166 2135 ubi
1185 2098 1319 2136 feeerit
1337 2097 1468 2136 horas.

358 2189 459 2233 Diei,
479 2187 552 2233 vel,
573 2187 650 2232 die,
672 2186 823 2223 duabus
844 2184 1018 2235 syllabis.
1074 2183 1168 2220 Tale
1189 2189 1241 2229 et,
1261 2183 1328 2229 rei,
1349 2188 1619 2237 συνῃρημένως.

413 2252 477 2289 Sic
510 2250 587 2295 Dii,
619 2250 669 2286 Di
698 2255 815 2286 sunt:
845 2254 884 2285 et
913 2247 968 2294 iit,
1001 2247 1057 2285 it:
1087 2246 1283 2297 periimuS,
1313 2247 1509 2298 perimus:
1541 2249 1806 2300 ἐπισυναλοιφὴ

359 2321 488 2352 autem
516 2312 671 2363 longius
702 2318 821 2362 patet,
852 2323 952 2356 curn,
987 2309 1293 2360 qualescumque
1324 2310 1481 2348 vocales
1512 2311 1806 2358 contrahuntur,

360 2378 486 2428 deque
506 2376 656 2414 duabus
677 2375 834 2426 syllabis
855 2386 933 2411 una
958 2374 1025 2411 fit:
1056 2372 1161 2423 quod
1193 2385 1297 2423 saepe
1331 2373 1442 2411 nobis
1476 2373 1631 2411 mirifice
1661 2373 1807 2412 factum

360 2441 511 2478 videtur
528 2440 567 2476 in
586 2440 723 2490 lingua
742 2439 882 2476 Graeca
901 2444 940 2476 et
960 2437 1109 2483 Latina,
1139 2449 1226 2475 cum
1246 2437 1284 2474 in
1306 2449 1376 2474 sua
1395 2437 1476 2474 fieri
1505 2449 1617 2475 nemo
1636 2437 1807 2484 miretur,

361 2503 453 2554 quia
482 2504 607 2540 minus
637 2502 869 2540 considerat.
927 2499 1151 2538 Secundum
1183 2509 1310 2538 autem
1330 2499 1567 2538 diversarum
1586 2500 1806 2551 linguarum

361 2573 538 2604 naturam
554 2565 756 2603 diversitas
777 2565 814 2601 in
834 2564 895 2601 his
912 2570 983 2601 est.
1023 2563 1101 2600 Sed
1118 2563 1295 2613 exempla
1312 2564 1607 2616 ἐπισυναλοιφῆε,
1624 2563 1672 2601 ad
1689 2575 1807 2614 quam

363 2629 518 2679 quidem
539 2635 577 2665 et
594 2629 757 2677 ἕκθλιψις
778 2635 815 2665 et
836 2629 1025 2673 συνίέησις
1045 2626 1259 2672 referenda,
1278 2627 1363 2665 haec
1385 2634 1500 2665 sunt:
1530 2626 1616 2674 fuit,
1635 2639 1713 2665 una
1732 2625 1809 2677 syl-

362 2693 463 2731 laba.
520 2692 671 2730 Lucret.
691 2692 759 2729 lib.
782 2704 821 2729 v,

736 2765 786 2802 Et
806 2765 977 2803 ambiens
999 2765 1120 2802 multa
1141 2763 1318 2814 perussit.
