1903 3306
275 216 362 259 450
779 227 818 256 P.
851 224 1097 256 TERENTH
1132 225 1251 256 AFRI

282 323 352 365 Ne
374 321 703 378 comparandus
724 323 796 364 hic
819 320 997 376 quidem
1021 320 1077 362 ad
1099 320 1222 362 illum
1244 322 1334 361 est:
1356 319 1428 360 ille
1448 323 1543 361 erat

226 441 231 450 ι
281 391 492 433 Honesta.
512 392 626 432 facie
647 395 691 432 et
711 390 904 431 liberali.
965 389 1056 431 PH.
1089 389 1163 429 Ita
1183 387 1310 429 visus
1335 390 1403 428 est
1689 387 1744 427 15

282 459 478 510 Dudum,
500 460 604 514 quia
623 459 750 500 varia
771 463 894 500 veste
914 460 1158 499 exornatus
1178 456 1286 497 fuit:

281 527 415 568 Nunc
436 540 489 568 eo
510 527 593 568 tibi
613 526 786 568 videtur
806 526 974 576 foedus,
996 525 1104 579 quia
1123 524 1245 566 illam
1266 536 1354 565 non
1373 522 1524 564 habet.

282 595 373 636 ΡΥ.
403 595 540 645 Tace,
561 596 748 635 obsecro
766 607 777 645 ;
803 594 934 647 quasi
954 605 1058 635 vero
1079 592 1264 646 paulum
1283 590 1495 632 intersiet.

282 663 356 705 Ad
378 677 460 705 nos
483 663 704 704 deductus
724 661 856 702 hodie
876 666 946 702 est
966 660 1341 710 adolescentulus,

284 731 430 782 Quem
448 736 494 773 tu
517 744 619 773 vero
640 731 788 771 videre
808 730 964 780 velles,
988 729 1212 771 Phaedria.
1690 725 1748 768 20

284 800 378 842 Hic
399 806 468 842 est
490 804 631 851 vetus,
654 801 813 850 vietus,
835 803 1090 841 veternosus
1108 810 1257 847 senex,

283 943 353 974 dem
368 943 540 973 nullomodo
556 942 614 981 illi,
627 950 715 982 quem
730 942 770 972 ad
785 949 840 971 nos
855 939 981 976 misisti,
996 943 1039 970 est
1056 939 1291 979 comparandus.
1330 938 1390 969 Ille
1406 941 1474 969 erat
1485 936 1623 976 eleganti
1629 935 1752 975 forma,

285 990 315 1016 et
323 986 411 1024 facie
426 986 561 1025 ingenuo
577 985 698 1016 homine
710 984 818 1023 digna.
850 983 923 1014 Pu.
951 983 1035 1013 Talis
1049 982 1135 1012 vobis
1149 982 1204 1013 diu
1219 981 1378 1022 apparuit,
1392 982 1464 1021 quia
1479 984 1561 1011 veste
1575 979 1752 1011 versicolori

285 1032 454 1060 exornatus
461 1028 528 1067 suit
539 1040 549 1059 .-
572 1038 653 1058 nunc
670 1027 728 1058 tibi
740 1027 865 1057 videtur
879 1026 983 1066 turpis
996 1029 1026 1056 et
1042 1024 1282 1064 deformiS,quz'a
1293 1024 1350 1055 illa
1360 1034 1419 1054 non
1436 1023 1565 1054 indutus
1579 1026 1635 1054 est.
1680 1022 1751 1053 ΡΥ.

289 1072 378 1111 Tace,
390 1081 509 1111 precor,
520 1071 608 1111 quasi
621 1071 712 1111 paulo
723 1071 807 1101 inter
815 1079 846 1100 se
861 1068 1024 1109 differant.
1051 1068 1104 1099 Ad
1115 1078 1169 1098 nos
1178 1068 1268 1098 hodie
1279 1068 1427 1098 deductus
1441 1069 1485 1098 est
1494 1066 1754 1104 adolescentulum

285 1115 354 1145 visu.
364 1115 587 1155 pulcherrimus
604 1117 634 1144 et
643 1114 855 1152 gratissimus,
869 1122 958 1153 quem
970 1120 1092 1151 semper
1105 1113 1243 1151 spectare
1257 1110 1360 1142 venes.
1405 1109 1571 1140 Phaeclria:
1585 1109 1635 1139 hic
1644 1111 1690 1139 est
1699 1117 1755 1139 ru-

283 1168 379 1196 gosus
397 1168 503 1198 senex,
517 1158 664 1189 incurvus
678 1160 708 1188 et
717 1155 885 1198 flat-cidus,
903 1158 1029 1186 veterno
1041 1154 1195 1195 laborans,
1208 1155 1306 1185 colore
1322 1152 1472 1184 subliuida
1484 1155 1515 1184 et
1525 1151 1663 1192 subrufo,
1672 1151 1753 1182 sicut

903 1263 1143 1277 eeeeeeeeeeee

288 1346 418 1379 inative
435 1345 614 1387 subdatur,
637 1346 733 1375 alium
757 1344 850 1375 habui
871 1345 1034 1376 neminem.
1060 1343 1122 1375 Fa.
1167 1342 1304 1374 Praeter
1330 1341 1429 1373 Bem.
1451 1340 1556 1372 etiam
1573 1349 1616 1371 ex
1632 1340 1756 1372 nostris

291 1390 495 1421 veterrimus
520 1388 675 1428 Namque.
723 1388 844 1427 Recte,
866 1392 906 1419 ut
931 1393 967 1419 et
992 1387 1080 1419 vidit
1108 1386 1158 1417 vir
1187 1385 1320 1416 doctus.
1352 1385 1448 1416 Bent.
1494 1384 1637 1424 Namque
1659 1384 1756 1415 alium

291 1433 394 1465 Both.
441 1433 527 1463 Nam
550 1432 646 1463 alium
671 1441 761 1472 quem
788 1431 891 1463 Both.
916 1431 1011 1463 Perl.
1059 1431 1158 1466 Quem
1173 1428 1329 1460 mitterem
1345 1425 1464 1459 Guelf.
1479 1429 1510 1458 3.
1531 1426 1585 1458 Ah
1609 1426 1758 1458 Both.—

292 1480 332 1508 14
356 1475 527 1507 Defendit
543 1475 629 1505 lianc
646 1476 727 1505 lect.
745 1475 786 1505 ad
812 1474 905 1505 Flor.
928 1483 968 1506 11.
984 1477 1016 1505 5.
1040 1476 1071 1504 3.
1096 1472 1272 1504 Dukerus.
1319 1469 1456 1502 In·aliis
1472 1473 1524 1501 est
1541 1470 1608 1501 Nec
1623 1469 1758 1510 quidem.

290 1521 400 1551 W'est.
446 1518 563 1560 Aliqui
581 1519 673 1558 libri,
689 1517 780 1548 inter
796 1527 880 1558 quos
897 1517 1097 1556 Bembinus,
1120 1517 1186 1547 Nec
1209 1514 1357 1546 habent:
1380 1513 1471 1555 quod
1496 1513 1602 1553 magis
1622 1512 1759 1545 videtur

291 1572 431 1603 negare.
455 1563 512 1593 Fa.
558 1561 652 1592 Male
681 1561 740 1592 Fa.
765 1561 832 1591 Nec
849 1560 981 1592 edidit:
1005 1559 1113 1591 nostri
1135 1568 1249 1590 omnes
1278 1557 1339 1588 Ne.
1385 1557 1437 1588 Ne
1452 1556 1558 1587 etiam
1574 1555 1706 1588 Nonius
1722 1561 1760 1587 et

292 1607 353 1638 Pr.
368 1606 421 1637 hic
437 1605 574 1636 habent.
609 1604 772 1636 Ceterum
792 1604 849 1634 Pr.
867 1614 899 1644 p.
914 1606 1010 1634 1012.
1032 1602 1137 1634 falsus
1153 1599 1316 1632 memoria
1328 1603 1394 1636 est,
1411 1609 1499 1635 cum,
1524 1600 1534 1617 ⁶
1546 1597 1623 1630 Au’
1651 1599 1761 1639 expli-

292 1659 389 1689 cans,
410 1648 489 1679 hinc
512 1648 610 1686 citat,
629 1648 680 1678 Ne
703 1646 906 1685 conferendus
922 1647 971 1677 hic
986 1647 1107 1687 quidem
1122 1655 1191 1676 cum
1205 1644 1259 1675 illo
1273 1646 1343 1680 θείς
1366 1643 1415 1674 sic
1441 1643 1532 1673 enim
1559 1642 1607 1673 ibi
1630 1641 1761 1683 Scripti

295 1703 439 1734 quoque.
484 1690 554 1722 Sed
574 1690 702 1721 Nonius
718 1690 792 1730 ipso
813 1690 927 1730 verbo,
943 1690 1165 1730 Comparare,
1187 1694 1225 1718 ut
1242 1686 1333 1717 nulla
1354 1685 1446 1717 fraus
1472 1695 1492 1717 a
1516 1684 1662 1716 librariis
1684 1694 1760 1716 esse

292 1737 415 1777 possit,
443 1735 494 1766 Ne
518 1734 742 1774 comparandus
769 1733 884 1764 habet.
929 1733 992 1763 Vir
1019 1733 1142 1763 doctus
1169 1736 1274 1770 negat
1295 1727 1538 1770 ‘comparare’
1568 1729 1632 1759 hoc
1659 1737 1760 1759 sensu

293 1778 386 1820 apud
410 1778 570 1809 Nostrum
588 1777 666 1807 alibi
683 1776 838 1807 inveniri.
886 1776 977 1809 Quid
995 1775 1110 1816 itaque
1127 1774 1209 1805 illud
1227 1773 1349 1813 supra?
1372 1781 1414 1803 u.
1428 1774 1460 1803 3.
1483 1773 1492 1789 ‘
1507 1771 1617 1802 Immo
1631 1771 1660 1801 si
1676 1771 1761 1801 scias

294 1822 384 1863 quod
410 1821 535 1851 donum
559 1820 660 1859 dono,
683 1819 760 1850 huic
776 1823 897 1849 contra
913 1816 1116 1859 comparet.'
1141 1817 1236 1848 Bent.
1283 1815 1374 1846 Edd.
1394 1814 1550 1856 quaedam
1568 1813 1688 1845 vitiose
1704 1814 1763 1845 ha-

294 1866 377 1896 bent
394 1864 461 1895 Nec
476 1864 607 1904 quidem.
631 1863 673 1894 R.
689 1863 733 1893 D.
781 1863 847 1893 Nec
872 1862 911 1893 Z.
939 1862 1016 1902 Bip.
1044 1860 1256 1899 Conferendus
1282 1857 1532 1890 Guelf.1.—17
1559 1858 1606 1888 Eo
1622 1857 1708 1887 Mss.
1726 1861 1762 1888 et

294 1908 380 1939 editi
399 1906 535 1948 quidam
549 1916 615 1936 non
628 1911 828 1946 agnoscunt.
858 1905 960 1937 West.
1008 1905 1085 1935 Non
1104 1907 1217 1942 potest
1238 1901 1292 1932 hic
1309 1910 1427 1932 versus
1444 1905 1547 1937 stare,
1564 1899 1627 1930 nisi
1645 1899 1764 1931 demta

295 1951 463 1992 particula
479 1960 524 1990 eo,
541 1959 616 1991 quae
630 1959 693 1980 nec
711 1949 742 1978 in
761 1948 856 1979 Rem.
873 1952 939 1979 est.
966 1948 1024 1979 Fa.
1071 1947 1118 1977 Eo
1134 1946 1193 1976 tibi
1208 1944 1352 1977 Codices
1369 1943 1522 1984 plerique
1539 1952 1668 1974 omnes.
1714 1943 1763 1973 Eo

297 1995 404 2035 ejecit
432 1993 593 2032 Faernus,
616 1991 683 2023 fide
707 1991 876 2029 Bembini,
903 1995 1008 2031 atque
1032 1990 1082 2021 ita
1097 1990 1183 2021 citat
1208 1988 1340 2020 Nonius
1356 1995 1392 2018 v.
1418 1986 1565 2025 Foedus3
1587 1990 1623 2016 et
1645 1985 1694 2017 sic
1717 1985 1764 2017 ibi

296 2038 406 2069 codex
424 2036 638 2067 veterrimus.
683 2035 812 2066 Contra
826 2034 965 2065 Servius
981 2032 1024 2064 ad
1038 2033 1113 2064 AEn.
1129 2041 1184 2062 111.
1197 2033 1274 2062 216.
1321 2031 1414 2062 Nunc
1429 2030 1487 2061 heu
1501 2029 1626 2065 videtur
1638 2029 1742 2067 soedus
1755 2040 1765 2060 .-

296 2082 355 2112 ubi
382 2080 564 2120 legendum
583 2084 636 2109 est
652 2088 685 2109 eo
703 2087 764 2118 pro
781 2078 850 2108 heu.
899 2077 955 2108 Sic
976 2081 1013 2107 et
1039 2076 1106 2107 duo
1121 2073 1279 2106 Terentii
1295 2072 1432 2105 codices
1449 2083 1492 2103 ex
1507 2073 1634 2103 nostris
1653 2075 1765 2103 vetus-

296 2124 431 2162 tissimi,
450 2123 543 2154 Nunc
559 2131 591 2152 eo
604 2121 739 2160 videtur,
755 2120 865 2161 ejecto
881 2120 937 2150 illo
954 2119 1023 2151 tibi.
1063 2119 1184 2151 Placet
1199 2119 1274 2148 hoc.
1297 2117 1396 2148 Bent.
1418 2115 1475 2156 qui
1491 2115 1552 2147 tibi
1567 2115 1672 2146 delet.
1717 2115 1765 2145 Eo

299 2168 418 2198 delent
435 2165 474 2196 Z.
492 2166 572 2205 Bip.
589 2170 624 2195 et
642 2165 734 2195 Peri.
758 2163 813 2204 qui
831 2168 927 2194 notat
952 2163 984 2193 id
1007 2161 1133 2193 habere
1156 2159 1274 2193 Guelf.
1290 2162 1323 2190 2.
1366 2160 1491 2190 Totum
1515 2168 1650 2189 versum
1672 2157 1766 2189 delet

299 2210 490 2241 Boia-19
517 2209 575 2238 Est
598 2207 728 2238 omittit
749 2208 888 2238 Z.-·20.
906 2208 944 2236 21
974 2206 1074 2241 Quem
1088 2208 1123 2235 tu
1137 2214 1208 2235 vero
1223 2203 1341 2243 vicl-ere]
1366 2202 1467 2233 Muta
1482 2201 1663 2233 verborum
1680 2200 1768 2232 ordi-

299 2264 390 2291 nem,
408 2256 444 2283 nt
461 2257 514 2282 est
531 2251 565 2283 in
581 2260 612 2282 o.
630 2250 651 2280 l.
669 2260 694 2281 s.
713 2256 747 2280 et
762 2250 914 2285 Donato,
932 2249 1032 2284 Quem
1046 2252 1080 2278 tu
1095 2248 1200 2279 videre
1214 2256 1300 2284 vero,
1326 2248 1364 2276 ut
1379 2245 1462 2276 etin
1479 2245 1638 2286 sequenti
1655 2252 1766 2281 versu,

298 2298 410 2330 vietus,
426 2300 522 2326 velus.
548 2294 606 2325 Fa.
651 2294 707 2324 Ita
724 2292 831 2323 nostri
848 2301 986 2329 omnes;
1010 2290 1116 2322 videre
1131 2300 1225 2327 vero,·
1250 2293 1286 2319 et
1300 2289 1413 2327 vietus,
1437 2291 1536 2319 vetus.
1559 2288 1661 2318 Bent.
1712 2287 1765 2318 Vi-

299 2343 371 2371 dere
386 2348 457 2370 vero
480 2338 519 2369 Z.
538 2338 615 2378 Bip.
633 2337 736 2368 Bent.
751 2336 845 2367 Pei-1.
896 2335 1010 2367 Videre
1026 2335 1119 2365 velles
1132 2342 1202 2364 vero
1218 2332 1320 2363 Both.
1370 2331 1490 2372 Vietus,
1503 2334 1590 2362 vetus
1606 2330 1646 2361 Z.
1664 2328 1766 2361 Bent.

967 2439 998 2470 N
1006 2437 1109 2469 OTAE

345 2518 385 2547 21
415 2514 537 2554 Vietus]
562 2514 603 2546 Id
627 2519 694 2555 est,
721 2514 914 2555 languidus,
935 2514 1008 2545 sine
1064 2512 1270 2554 phlegmate,
1298 2509 1354 2542 vel
1384 2514 1456 2542 atra
1486 2509 1567 2551 bile,
1593 2512 1710 2541 natum
1734 2511 1768 2542 in

303 2567 348 2598 vi.
387 2567 450 2598 Vel
467 2565 625 2604 inflexus,
640 2567 820 2604 incurvus;
846 2574 922 2595 nam
939 2564 1007 2595 vie·
1063 2564 1257 2605 posteriore
1271 2567 1370 2603 parte
1390 2561 1539 2602 cerebri,
1560 2561 1770 2601 inexpugna-

304 2628 353 2658 re,
374 2618 484 2659 inquit
509 2618 632 2658 Varro,
656 2621 708 2648 est
735 2617 888 2656 vincire3
917 2614 1008 2647 unde
1063 2615 1166 2647 bilem
1202 2624 1299 2656 paene
1344 2611 1535 2644 dormiendi
1583 2610 1770 2643 necessita-

303 2669 441 2699 vimina.
1064 2670 1134 2697 tem
1166 2665 1342 2705 inducens,
1379 2671 1603 2704 magnamque
1633 2661 1771 2694 oblivio-

354 2718 555 2758 Veternosus]
580 2719 765 2758 veternus,
782 2727 881 2759 quem
897 2716 1010 2757 λήθαρ-
1066 2725 1157 2748 nem.

304 2781 363 2808 ’γον
389 2769 503 2801 Graeci
524 2769 655 2807 dicunt,
686 2772 737 2799 est
765 2773 944 2809 apostema
971 2777 1013 2798 ex
