1903 3306
291 229 376 271 :332
786 243 825 271 P.
860 241 1098 273 TERENTM
1134 239 1247 271 Arm

291 337 357 378 Si.
390 335 520 377 Unde
552 335 598 376 id
629 335 750 377 scis?
811 337 905 379 DA.
937 336 1117 385 Audivi,
1140 341 1182 376 et
1205 335 1359 376 credo:
1400 335 1533 376 multa
1556 349 1739 378 concur-

461 409 558 446 runt
574 405 716 453 simul,

292 471 382 522 Qui
418 472 713 526 conjecturam
744 472 855 513 hanc
881 484 994 513 nunc
1024 472 1172 512 facio:
1204 471 1298 525 jam
1319 471 1508 525 primum
1527 471 1623 513 haec
1644 485 1692 514 se
1714 486 1739 514 e

327 549 329 551 ’
385 553 399 556 “
461 540 695 593 Pamphilo

291 606 536 647 Gravidam
572 607 688 648 dixit
719 619 843 648 esse:
888 607 1115 648 inventum
1146 606 1198 647 'st
1227 606 1414 648 falsum:
1456 620 1590 657 nunc,
1612 613 1737 661 post-

460 687 590 728 quam
614 675 734 715 videt

290 741 483 795 Nuptias
503 742 622 782 domi
644 742 867 796 apparari,
887 741 1023 782 missa
1043 748 1113 782 est
1132 743 1293 783 ancilla
1312 742 1436 783 illico

290 808 584 851 Obstetricem
619 812 879 852 arcessitum
917 810 974 851 ad
1005 823 1117 860 eam,
1150 815 1194 852 et
1214 823 1397 864 puerum
1418 813 1466 851 ut
1486 810 1657 851 afferret
1678 811 1738 851 si-

461 879 565 919 mul.
1678 877 1735 928 35

291 944 397 985 Hoc
422 946 507 986 nisi
528 946 591 995 fit,
614 959 796 1000 puerum
818 951 869 986 ut
891 950 938 987 tu
959 945 1126 995 videas,
1147 946 1259 986 nihil
1278 949 1503 987 moventur
1523 945 1708 999 nuptiae.

289 1012 357 1052 S1.
397 1011 517 1063 Quid
539 1014 630 1054 ais!
669 1027 767 1054 cum
788 1014 1073 1055 intellexeras

289 1079 342 1119 Id
365 1081 541 1122 consilii
563 1094 739 1134 capere,
761 1095 839 1123 cur
857 1094 944 1123 non
965 1082 1080 1123 dixti
1100 1082 1324 1136 extemplo
1347 1081 1584 1136 Pamphilo
1604 1082 1623 1122 ¹!

287 1236 351 1256 sam
379 1235 441 1256 esse
466 1227 543 1256 colo.
588 1225 636 1256 Sx.
663 1225 751 1256 Unde
776 1230 810 1256 tu
837 1226 896 1256 scis
922 1225 1000 1256 hanc
1027 1225 1208 1266 Glycerium
1230 1223 1414 1265 peperisse?
1458 1224 1531 1255 DA.
1554 1224 1683 1261 Audivi,
1705 1228 1737 1255 et

286 1270 386 1300 oredo.
432 1268 536 1298 Multa
560 1271 756 1306 concurrunt,
771 1269 850 1299 unde
865 1268 944 1298 hanc
965 1268 1172 1306 conjecturam
1186 1278 1266 1299 nunc
1273 1267 1361 1306 facio
1371 1278 1381 1298 .·
1396 1268 1466 1306 jam
1478 1268 1611 1307 primum
1627 1268 1692 1298 hoec
1705 1277 1738 1298 se

286 1312 369 1342 dixit
382 1311 547 1349 gravidam
562 1320 625 1341 esse
640 1321 679 1342 ex
696 1311 869 1351 Pamphilo.
914 1311 985 1342 Hac
1001 1310 1120 1348 salsum
1143 1322 1206 1342 esse
1228 1314 1413 1351 compertum
1433 1315 1490 1342 est.
1535 1311 1640 1349 Nunc,
1655 1314 1740 1350 post-

286 1364 376 1394 quam
397 1354 483 1384 videt
509 1354 634 1393 nuptias
653 1354 800 1394 apparari
813 1354 908 1391 domi,
927 1355 1037 1384 statim
1061 1354 1173 1384 ancilla
1187 1354 1279 1384 missa
1295 1357 1341 1384 est
1355 1353 1393 1384 ab
1407 1354 1463 1384 illa
1480 1353 1637 1393 Glycerio,
1650 1362 1739 1384 vom-

286 1401 351 1427 tam
366 1397 557 1426 obstetricem
572 1397 611 1426 ad
628 1397 736 1436 ipsam,
759 1399 794 1427 ut
815 1396 908 1427 simul
933 1396 1063 1437 afferret
1085 1397 1215 1436 aliquem
1237 1406 1366 1436 puerum
1379 1396 1622 1437 supposititium.
1667 1395 1738 1427 Hoc

284 1439 428 1480 mirificet,
452 1443 482 1470 et
507 1449 632 1479 puerum
656 1441 787 1469 allatum
811 1440 926 1479 videas,
948 1439 987 1469 ab
1010 1440 1073 1470 illis
1095 1439 1216 1469 turbari
1238 1444 1389 1479 nequeunt
1403 1439 1531 1479 nuptioe.
1576 1439 1627 1469 St.
1652 1438 1738 1473 Quid

285 1483 331 1513 ais
343 1481 359 1513 s‘
385 1483 549 1522 Postquam
562 1483 760 1513 intellexeras
778 1492 829 1513 eas
844 1483 875 1513 ia
891 1481 1010 1513 consilii
1025 1492 1144 1523 capere,
1160 1492 1215 1512 cur
1225 1492 1285 1513 non
1302 1482 1332 1512 id
1352 1482 1434 1513 illico
1452 1481 1614 1522 Pamphilo
1626 1490 1738 1512 rennn-

893 1594 1128 1605 eeeeeeeeeeee

285 1682 379 1713 delet
409 1681 595 1713 Boin—31
629 1683 736 1714 Multa
759 1686 944 1713 concurrunt
969 1682 1072 1714 simul.
1119 1681 1206 1713 Haec
1232 1682 1362 1713 Simoni
1387 1682 1508 1714 tribuit
1534 1682 1635 1714 Bodl.
1659 1693 1737 1715 cum

285 1725 385 1756 editis
402 1724 613 1766 quibusdam.
643 1726 743 1756 IVest.
791 1725 882 1755 Hinc
899 1734 1005 1765 usqne
1020 1725 1062 1755 ad
1080 1734 1128 1756 vs.
1142 1727 1194 1757 36.
1211 1725 1243 1756 ἰη
1261 1726 1301 1757 G.
1321 1725 1400 1756 EM.
1425 1726 1494 1757 ET.
1517 1725 1608 1757 Simo
1630 1727 1737 1768 loqui-

285 1773 351 1798 tur.
378 1768 428 1798 Id.
444 1768 478 1798 in
494 1768 575 1798 Add.
620 1767 723 1799 Bent.
747 1767 836 1798 Dae.
858 1768 1009 1808 Sandby,
1032 1773 1067 1798 et
1092 1769 1150 1799 alii
1175 1768 1289 1807 verba,
1311 1770 1319 1786 ‘
1335 1768 1441 1799 muita
1465 1774 1671 1800 concurrunt
1688 1792 1736 1803 ...

284 1816 462 1841 moventur
478 1810 630 1850 nuptiae,’
655 1812 809 1842 tribuunt
824 1810 941 1841 Davo:
967 1817 1072 1841 recte.
1116 1812 1216 1850 Nam,
1238 1821 1314 1852 quae
1338 1811 1392 1842 hic
1419 1811 1589 1849 dicuntur,
1609 1811 1739 1843 Simoni

284 1863 349 1884 non
366 1853 583 1892 conveniunt,
607 1858 641 1884 et
658 1864 676 1884 a
692 1858 854 1885 contextu
871 1853 1065 1884 abhorrent.
1090 1853 1188 1884 Zeun.
1234 1854 1388 1885 Plusculi
1405 1854 1491 1885 Mss.
1506 1855 1515 1871 ‘
1528 1853 1656 1890 muita.’
1669 1856 1736 1885 ὅτε.

283 1896 428 1927 Simonis
460 1905 610 1936 personae
640 1897 843 1932 attribuunt,
864 1900 900 1927 at
921 1896 1030 1927 West.
1056 1897 1135 1927 Par.
1164 1898 1266 1928 Bent.
1289 1897 1523 1928 continuatam
1548 1897 1737 1928 orationem

284 1939 382 1969 Davo
406 1939 501 1970 dant.
548 1939 670 1969 Probe.
695 1940 782 1970 Perl.
826 1939 886 1969 ΒΓ.
914 1944 949 1969 et
977 1939 1013 1969 Z.
1037 1938 1121 1969 dant
1146 1940 1258 1970 aliter.
1302 1939 1413 1970 Bruns
1439 1944 1554 1972 notat:
1578 1940 1737 1970 ‘Nomen

283 1982 292 1997 ‘
306 1981 415 2013 Simo’
431 1982 592 2017 deletum,
608 1983 671 2022 [sc.
689 1992 731 2012 ex
746 1979 821 2020 Br.]
844 1987 880 2012 ut
897 1985 931 2012 et
950 1982 1049 2022 paulo
1067 1985 1144 2021 post
1158 1983 1167 1998 ‘
1181 1981 1320 2013 Davus!
1336 1981 1431 2012 ’-32
1457 1982 1542 2013 Mss.
1556 1981 1627 2020 jam
1647 1982 1739 2022 prius

284 2025 359 2055 hoec.
383 2025 481 2055 Lind.
525 2025 583 2055 Sic
600 2025 657 2056 ΒΓ.
675 2025 731 2065 qui
748 2025 808 2055 dat
823 2033 838 2054 e
851 2024 985 2064 Pamph.
1003 2034 1079 2055 eum
1097 2025 1190 2055 Perl.
1218 2026 1275 2065 qui
1303 2029 1420 2056 notat:
1443 2024 1452 2040 ‘
1467 2025 1584 2066 Vetus·
1603 2025 1736 2065 Interp.

285 2069 293 2084 ‘
310 2067 387 2106 Vel,
404 2066 603 2105 Quomod03
628 2068 694 2106 vel,
717 2068 786 2098 Per
802 2070 900 2107 quan*
945 2066 1030 2097 Inde
1044 2068 1145 2099 lectio
1161 2066 1193 2099 J.
1209 2068 1373 2108 probatur
1389 2067 1470 2103 Quis
1484 2076 1559 2108 pro,
1584 2067 1738 2101 Quibus.'

284 2112 368 2140 ——33
393 2111 471 2141 Esse
486 2115 563 2150 post
578 2111 587 2126 ‘
601 2114 653 2141 est
665 2109 673 2122 ’
691 2109 806 2141 Guelf.
824 2112 942 2141 3.-34
967 2109 1051 2141 GM.
1071 2115 1148 2150 post
1164 2110 1174 2127 ‘
1189 2109 1322 2151 appar-3
1345 2110 1379 2141 in
1395 2119 1502 2150 marg.
1519 2120 1538 2140 α
1553 2120 1610 2142 me.
1647 2110 1734 2143 Qnae

284 2153 389 2183 lectio
403 2163 481 2193 pars
499 2157 612 2183 textus
629 2162 670 2183 an
688 2153 798 2188 glossa
820 2153 864 2184 sit
884 2152 1012 2184 neseio.
1037 2153 1206 2184 Pera—35
1229 2152 1358 2194 Afferat
1373 2152 1488 2184 Guelf.
1504 2155 1625 2184 2.—-36
1647 2152 1737 2184 Haec

285 2205 398 2226 rursus
418 2196 517 2226 Davo
534 2195 654 2226 tribuit
672 2195 771 2226 Bodl.
788 2195 846 2226 sed
861 2200 895 2226 et
911 2196 1062 2226 nonnulli
1078 2205 1119 2225 ex
1134 2195 1315 2235 impressis.
1345 2195 1445 2226 VVest.
1491 2197 1595 2236 Lege,
1616 2195 1689 2227 Hoc
1702 2196 1737 2227 ni

276 2238 332 2278 fit,
355 2242 389 2269 tu
402 2248 528 2278 puerum
543 2242 576 2268 ut
593 2238 707 2269 videas.
731 2238 830 2268 Bam.
872 2238 1033 2279 Sequitur
1051 2238 1235 2269 Rom—37
1258 2239 1308 2270 Ut
1334 2239 1380 2269 sit
1406 2238 1550 2269 dimeter
1575 2238 1736 2269 iambicus

285 2283 506 2320 mutaremus,
530 2281 616 2318 lege,
642 2281 726 2316 Quia
740 2278 813 2311 ais?
835 2280 887 2311 ubi
902 2281 1110 2311 intellexeras.
1136 2281 1326 2313 Bent.——38
1352 2280 1451 2312 Bodl.
1469 2281 1507 2312 Id
1532 2290 1640 2320 capere
1665 2290 1736 2312 con—

285 2323 408 2354 silium:
432 2324 511 2354 edit.
538 2326 633 2355 1469.
656 2323 727 2355 Hoc
752 2323 911 2354 consilium
934 2333 1051 2361 capere.
1075 2324 1181 2354 West.
1225 2324 1311 2354 Cum
1337 2323 1491 2354 Terentii
1518 2333 1591 2354 aevo
1614 2327 1651 2355 et
1676 2323 1736 2354 diu

287 2372 363 2405 post
395 2366 502 2397 consili
529 2366 698 2406 dicerent,
732 2365 810 2405 lego
835 2366 887 2396 bic
912 2366 1083 2397 consilium.
1128 2366 1182 2397 Sic
1206 2366 1333 2396 habent
1360 2375 1475 2397 omnes
1503 2365 1609 2397 nostri
1633 2366 1735 2398 codd.

286 2414 415 2448 praeter
437 2418 550 2438 unum.
577 2409 674 2439 Bent.
722 2408 892 2439 Consilium
919 2409 1001 2439 dant
1031 2409 1090 2439 ΒΓ.
1117 2408 1209 2440 Peri.
1256 2409 1312 2440 Sic
1342 2414 1440 2440 notat
1463 2409 1625 2441 Bothius:
1647 2408 1735 2440 ‘Vv.

286 2454 362 2482 488.
378 2455 410 2482 9.
435 2451 587 2482 Priorem
601 2452 632 2482 h.
649 2460 805 2482 versuum
825 2452 925 2491 vulgo
939 2452 1063 2482 finiunt
1079 2451 1180 2482 verbo
1193 2452 1201 2468 ‘
1217 2451 1382 2483 intellex.'
1425 2451 1492 2482 Sed
1507 2450 1686 2482 manifesta
1700 2451 1733 2482 iu

285 2493 337 2524 his
353 2494 562 2525 senariorum
576 2493 683 2524 forma
700 2493 916 2524 iambicornm
931 2504 939 2525 z
964 2493 1062 2524 modo
1080 2503 1139 2533 pro
1154 2494 1201 2524 ais
1216 2503 1360 2535 reponas
1374 2494 1462 2534 aisti,
1477 2493 1566 2535 qnod
1582 2494 1736 2535 agnoscit

287 2536 431 2567 Probus.
478 2537 578 2567 Bent.
594 2535 647 2566 ubi
664 2536 734 2566 sine
758 2537 984 2567 auctoritate:
1010 2537 1099 2567 idem
1123 2537 1295 2576 consilium,
1320 2541 1358 2568 ut
1385 2537 1497 2577 plnres
1524 2537 1607 2568 Mss.
1629 2536 1734 2567 etiam

288 2581 393 2610 nostri
409 2579 430 2609 :'
454 2584 489 2610 et
506 2579 554 2610 sic
571 2579 676 2619 legit:
703 2578 787 2614 Quid
802 2579 896 2609 aisti?
920 2589 987 2610 cum
1002 2580 1061 2610 int.
1075 2580 1108 2609 id
1122 2580 1230 2610 consili
1244 2580 1373 2620 Capere,
1385 2589 1440 2611 cur
1453 2589 1515 2610 non
1530 2582 1595 2611 ext.
1609 2578 1676 2611 dix.
1691 2579 1733 2610 P.

933 2671 1076 2703 NOTAE

331 2747 370 2777 32
397 2745 459 2780 Qui
474 2744 678 2784 conjecturam
700 2745 777 2776 hanc
791 2755 870 2776 nunc
879 2745 981 2786 facio]
1037 2745 1192 2777 omnibus
1209 2745 1341 2777 casibus
1360 2744 1507 2786 ponitur,
1523 2744 1613 2785 apud
1630 2744 1732 2779 Plau-

289 2797 298 2813 ‘
315 2795 405 2835 Qui(
432 2805 506 2836 pro,
533 2794 718 2836 quomodo;
744 2795 831 2826 unde
861 2800 895 2826 et
923 2804 982 2834 pro
1038 2802 1105 2829 tum
1125 2802 1223 2838 atque
1241 2797 1322 2828 aiios
1339 2797 1502 2829 Comicos.
