1903 3306
502 233 564 263 DE
596 231 781 262 Marius
814 230 1169 261 TERENTIANJS.
1464 222 1549 264 237

701 366 939 403 CAESURA.

149 455 277 492 Omne
293 465 470 491 versuum
495 465 617 502 genus
639 465 747 489 suam
766 452 886 489 habet
902 463 1089 489 caesuram
1112 451 1193 489 sive
1213 452 1454 499 incisionem,
1471 467 1548 503 qua

100 519 258 555 verbum
276 516 514 562 terminatur,
543 522 583 554 et
610 529 684 553 vox
712 515 750 552 in
772 515 936 552 decursu
960 515 1116 565 paulurn
1137 516 1417 566 interquiescit.
1477 518 1548 554 Illa

101 579 179 618 fere
199 592 349 618 caesura
365 579 554 616 Romanis
574 578 731 629 placuit,
752 591 839 629 quae
861 577 899 614 in
919 578 1044 628 priore
1065 578 1166 616 tertii
1187 578 1298 630 pedis
1321 579 1470 631 syllaba
1485 581 1546 618 fit:

103 649 146 680 ut
164 643 203 680 in
222 642 376 682 heroico
390 655 403 679 t

258 717 377 754 Arma
393 716 593 768 virumque
613 728 712 754 cano
737 715 742 768 Ι
768 716 892 766 Trojae
913 716 976 766 qui
996 716 1140 767 primus
1162 718 1210 755 ab
1231 717 1307 755 oris

253 779 406 816 Italiam
424 779 505 817 fato
530 778 535 831 Ι
561 780 747 830 profugus
770 780 989 830 Lavinaque
1009 781 1114 818 venit

259 842 418 888 Littora,
438 842 601 879 multum
618 843 682 880 ille
700 849 739 880 et
763 842 768 894 Ι
793 843 902 880 terris
917 843 1088 894 jactatus
1109 851 1146 882 et
1167 845 1246 883 alto

258 905 308 942 Vi
327 919 518 956 superum,
540 919 654 943 saevae
680 905 686 958 Ι
711 918 917 944 memorem
938 907 1103 945 Junonis
1125 909 1173 946 ob
1192 909 1299 947 iram.

98 990 222 1028 Varro
253 990 410 1042 quidem
443 991 547 1043 apud
581 992 750 1030 Gellium
784 1006 921 1030 xvnl.
947 994 1006 1030 15.
1042 993 1174 1031 scribit
1198 994 1423 1033 observasse
1446 1009 1485 1034 se
1507 997 1545 1034 in

98 1067 211 1092 versu
229 1054 468 1102 hexametro,
497 1056 602 1106 quod
623 1056 844 1094 omnimodo
863 1056 1021 1106 quintus
1053 1057 1219 1109 semipes
1248 1058 1304 1108 (id
1337 1065 1408 1104 est,
1443 1060 1546 1109 prior

98 1117 211 1168 pedis
238 1118 339 1156 tertii
368 1119 534 1170 syllaba)
564 1120 722 1157 verbum
752 1120 891 1157 finiret.
948 1119 1103 1167 Mirum,
1138 1120 1243 1172 quod
1273 1123 1546 1160 ‘omnimodo'

98 1180 251 1228 dixerit,
266 1194 354 1219 cum
374 1182 575 1219 Lucretius
589 1182 668 1233 jam
686 1188 768 1220 tum
787 1182 988 1220 variaverit
1003 1195 1012 1220 :

257 1255 476 1293 Reddenda
494 1255 533 1292 in
552 1256 649 1294 ratio
674 1255 680 1308 Ι
704 1270 753 1295 ne
773 1269 925 1304 vocare,
946 1264 984 1295 et
1003 1258 1151 1296 semina
1170 1271 1316 1298 rerum:

97 1324 137 1356 et
155 1318 333 1357 Catullus
351 1333 360 1357 ε

256 1382 399 1420 Omnia
415 1382 534 1421 fanda
552 1384 668 1422 nefan
693 1383 698 1436 Ι
725 1384 776 1422 da
793 1386 897 1424 malo
917 1386 1106 1437 permissa
1124 1387 1265 1426 furore.

95 1443 241 1483 Postea
265 1446 409 1496 saepius
429 1445 612 1496 Virgilius
630 1460 639 1484 ε

256 1508 435 1560 Lyrnessi
455 1509 593 1548 domus
614 1510 650 1547 al
675 1510 681 1560 Ι
704 1516 758 1557 ta,
779 1511 863 1549 solo
885 1511 1074 1551 Laurente
1095 1515 1328 1565 sepulcrum.

96 1571 288 1610 Homerus
309 1578 437 1609 autem
457 1572 546 1609 olim
569 1573 798 1624 saepissime,

253 1646 478 1696 Οὖλομένην
495 1651 518 1693 ἢ
537 1648 586 1698 μῦ
611 1645 617 1700 Ι
637 1651 684 1697 ρι’
701 1648 873 1700 Ἀχαιοῖς
892 1650 1002 1699 ἄλγε’
1023 1652 1162 1698 ἔθηκεν.

94 1719 187 1757 Non
215 1723 226 1742 ‘
244 1720 465 1758 omnimodo
479 1721 488 1735 '
515 1722 632 1772 igitur
653 1722 798 1760 dictum
819 1726 1012 1774 oportuit3
1045 1726 1114 1764 sed
1144 1731 1154 1747 ‘
1172 1727 1424 1779 plerumque.’

145 1783 191 1821 In
211 1784 406 1836 Sapphico
427 1784 598 1823 similiter
618 1786 783 1824 Romani
805 1788 940 1837 quinto
961 1788 1037 1827 fere
1058 1790 1254 1841 semipede
1272 1804 1280 1829 ε

250 1858 460 1896 Pindarum
481 1859 657 1910 quisquis
681 1859 688 1912 Ι
714 1860 847 1899 studet
865 1862 1052 1911 aemulari,

245 1922 352 1968 Jule,
370 1923 507 1960 ceratis
532 1922 538 1973 Ι
563 1936 636 1973 ope
658 1923 847 1962 Daedalea

249 1985 394 2023 Nititur
412 1987 550 2037 pennis
575 1985 581 2039 Ι
606 1987 728 2024 vitreo
744 1987 906 2026 daturus

631 2051 801 2089 Nomina
819 2058 954 2103 ponto.

142 2126 188 2163 In
207 2124 364 2164 Alcaico
382 2138 392 2164 t
423 2125 609 2164 Doctrina
630 2126 699 2164 sed
720 2127 796 2165 vim
823 2127 827 2178 Ι
853 2135 1051 2178 promovet
1070 2130 1239 2177 insitam,

527 2189 716 2239 Rectique
737 2191 862 2228 cultus
889 2190 894 2242 Ι
918 2200 1077 2242 pectora
1096 2195 1290 2234 roborant.

143 2261 189 2298 In
208 2261 428 2300 Phalaecio:
458 2262 596 2300 Multis
616 2263 681 2301 ille
699 2265 812 2302 bonis
837 2265 843 2317 Ι
867 2267 1004 2305 flebilis
1024 2269 1189 2308 occidit:

564 2327 671 2365 Nulli
688 2328 848 2367 flebilior
872 2331 877 2381 Ι
902 2343 1017 2381 quam
1037 2333 1117 2379 tibi,
1134 2333 1283 2385 virgili.

86 2398 155 2437 Sic
174 2405 213 2438 et
231 2399 269 2437 in
289 2398 416 2437 iambo
437 2400 605 2438 trimetro
623 2412 632 2438 :

298 2475 387 2512 Jam
401 2473 483 2524 jam
504 2475 651 2513 efficaci
676 2475 682 2526 Ι
707 2476 758 2515 do
777 2490 912 2516 manus
934 2480 1132 2519 scientiae:

299 2537 471 2588 Supplex
489 2546 529 2576 et
547 2551 613 2576 oro
638 2539 643 2590 Ι
668 2554 787 2591 regna
807 2555 874 2592 per
893 2542 1152 2595 Proserpinae,

297 2599 374 2637 Per
393 2607 431 2637 et
452 2601 590 2638 Dianae
615 2602 621 2653 Ι
647 2617 722 2641 non
743 2605 935 2642 movenda
955 2607 1123 2654 numina,

298 2663 374 2701 Per
392 2671 507 2716 atque
526 2665 643 2704 libros
669 2667 675 2719 Ι
699 2669 907 2706 carminum
927 2669 1135 2710 valentium

295 2726 434 2766 Refixa
452 2729 549 2767 coelo
573 2729 581 2782 Ι
606 2729 794 2770 devocare
814 2732 954 2771 sidera.
