1903 3306
351 232 435 273 210
840 240 1147 272 FaAumsoUs
1181 241 1318 272 HARE

352 347 430 384 ωε,
451 345 510 377 est
531 339 672 377 Plauto
693 339 889 389 frequens,
904 337 974 375 sed
987 337 1092 387 apud
1111 337 1335 375 Terentium
1348 341 1557 388 nusquam.
1594 333 1678 375 Nec
1692 334 1808 377 'omit-

352 402 512 439 tendum
535 409 596 440 est
614 402 717 453 apud
738 401 961 439 Terentium
981 400 1104 437 Andr.
1128 413 1189 437 ιν.
1215 402 1250 438 1.
1269 402 1331 438 14.
1348 414 1470 438 unum
1487 414 1573 438 esse
1591 401 1810 452 exemplum

351 466 538 504 trochaici
569 466 781 504 tetrametri
810 463 1152 516 brachycatalecti,
1172 464 1235 501 cui
1256 464 1407 502 scilicet
1425 464 1576 516 integer
1602 477 1670 516 pes
1693 465 1807 503 deest

353 529 402 567 ad
426 537 690 567 tetrametrum
707 528 996 580 complendum.

485 614 564 644 Non
583 618 819 645 verentur-T:
843 612 913 644 illic
931 611 986 643 ubi
1003 611 1084 642 nihil
1097 615 1107 649 ll
1119 621 1202 653 opus
1219 614 1300 652 est-,
1324 610 1370 643 ibi
1387 616 1604 644 vezrentur.

352 686 425 724 His
446 686 495 724 de
516 686 714 724 trochaico
736 699 877 737 genere
898 685 1026 732 dictis,
1056 685 1094 723 in
1125 698 1202 736 quo
1228 685 1350 724 lector
1371 687 1517 724 nullam
1539 686 1810 725 difficultatem

352 751 495 788 sentiet
514 751 579 802 qui
596 750 683 787 haec
703 749 882 801 exempla
901 750 1020 801 probe
1052 743 1173 796 tenet,
1202 750 1276 787 nisi
1311 763 1399 800 quae
1421 763 1469 787 ex
1488 750 1657 787 licentiis
1677 750 1810 797 oritur,

352 814 541 865 siquidem
575 814 734 851 metrice
764 813 893 864 legere
923 812 1103 863 expedite
1134 819 1265 863 queat,
1294 813 1448 850 omissis
1481 812 1601 851 literis
1634 826 1723 864 quae
1743 826 1811 864 per

353 878 622 930 synaloepham
643 877 862 922 eliduntur;
894 884 1051 915 transeo
1072 876 1122 915 ad
1149 876 1357 914 iambicum
1378 889 1517 927 genus,
1546 889 1624 927 quo
1643 876 1809 915 maxime

351 942 498 980 Comici
519 948 667 980 veteres
688 947 864 987 utuntur,
884 947 927 978 ut
946 940 1114 978 sermoni
1135 946 1174 978 et
1193 940 1308 978 rebus
1329 940 1490 991 agendis
1511 939 1683 978 omnium
1703 953 1811 978 com-

351 1006 590 1044 modissimo.
648 1006 709 1044 De
730 1005 803 1043 hoc
827 1011 957 1043 autem
979 1017 1119 1056 genere
1140 1004 1344 1042 sciendum
1364 1010 1438 1051 est,
1467 1002 1574 1054 quod
1593 1003 1633 1041 in
1652 1002 1810 1055 paribus

350 1070 446 1108 locis
468 1069 607 1120 pedem
627 1069 735 1107 illum
756 1068 940 1120 postulet,
971 1067 1076 1105 unde
1110 1067 1184 1118 ipsi
1216 1080 1357 1105 nomen
1378 1073 1453 1105 est.
1510 1067 1640 1117 Atque
1669 1066 1744 1105 hoc
1764 1079 1812 1104 ex

350 1134 436 1184 ipsa
454 1146 589 1172 versus
609 1132 762 1170 iambici
782 1139 921 1170 natura
940 1131 1109 1183 profluit,
1138 1143 1228 1168 cum
1249 1144 1272 1168 a
1291 1130 1490 1169 trochaico
1510 1130 1717 1176 derivetur,
1745 1129 1812 1181 qui

350 1197 539 1235 iambicus
569 1197 624 1243 fit,
655 1196 687 1233 si
712 1195 900 1246 principio
922 1195 1112 1247 syllabam
1133 1194 1191 1232 vel
1214 1194 1452 1245 semipedem
1473 1207 1673 1245 apponas3
1704 1191 1812 1244 quod

349 1262 562 1312 cogitatum
584 1261 656 1298 etsi
676 1260 870 1298 neminem
890 1260 1023 1310 fugere
1055 1258 1259 1309 potuisset,
1290 1258 1323 1295 si
1355 1257 1404 1296 de
1437 1257 1635 1296 trochaico
1670 1269 1810 1307 genere

349 1325 403 1363 rei
425 1325 593 1362 metricae
614 1324 821 1375 scriptores
840 1324 1005 1374 primum
1033 1334 1147 1372 agere
1178 1321 1403 1373 coepissent,
1433 1321 1564 1358 nescio
1596 1328 1726 1358 tamen
1761 1332 1812 1358 an

350 1389 531 1439 cuiquam
551 1388 590 1425 in
625 1393 795 1425 mentem
817 1386 964 1424 venerit
983 1391 1073 1422 ante
1095 1384 1260 1422 doctiss.
1282 1383 1504 1422 Bentleium
1525 1391 1715 1422 nostrum.
1771 1384 1811 1421 Is

350 1457 454 1489 certe
476 1450 620 1502 primus
641 1449 681 1487 id
706 1462 768 1487 me
802 1447 1038 1486 summonuit
1068 1454 1159 1485 ante
1190 1459 1314 1485 annos
1334 1448 1570 1497 complures,
1589 1459 1691 1492 cum,
1711 1447 1810 1486 inter

347 1515 453 1552 vario
474 1526 650 1552 sermone
670 1511 1017 1557 confabulandum,
1041 1511 1089 1548 de
1109 1511 1280 1549 Terentii
1299 1511 1474 1549 versibus
1496 1511 1594 1550 forte
1615 1512 1734 1554 verba
1753 1511 1814 1549 fa-

351 1584 468 1623 ceret⁷
496 1590 624 1628 pauca
657 1576 827 1628 quidem,
858 1575 928 1613 sed
958 1589 1046 1626 quae
1075 1575 1224 1613 homini
1253 1588 1332 1614 non
1365 1587 1525 1627 prorsus
1547 1577 1696 1628 ἀμούσῳ
1717 1574 1812 1613 satis

351 1649 496 1680 essent.
553 1642 640 1679 Hoc
662 1647 790 1679 autem
810 1647 925 1691 pacto
947 1639 1099 1691 syllaba
1117 1638 1263 1685 brevis,
1291 1651 1380 1689 quae
1411 1639 1450 1676 in
1479 1637 1678 1676 trochaico
1698 1651 1813 1676 versu

352 1704 526 1744 secunda
546 1704 630 1751 fuit,
660 1705 697 1742 in
732 1704 897 1747 iambico
918 1704 1068 1742 tertiam
1091 1703 1225 1741 sedem
1247 1702 1478 1754 occupabit;
1508 1701 1535 1739 i.
1558 1714 1593 1740 e.
1616 1701 1812 1740 secundus

352 1782 422 1821 pes
443 1769 515 1807 erit
532 1769 696 1816 iambus,
727 1778 843 1819 atque
862 1769 916 1806 ita
942 1781 1054 1819 porro
1088 1768 1126 1805 in
1158 1767 1298 1805 ceteris
1318 1766 1477 1818 paribus
1497 1766 1608 1804 locis.
1666 1765 1746 1804 Sed
1766 1779 1814 1804 ea

352 1839 501 1871 veteres
523 1832 670 1870 Comici
692 1833 752 1870 usi
773 1838 864 1870 sunt
893 1831 1063 1878 licentia,
1092 1837 1137 1869 ut
1164 1832 1203 1869 in
1231 1831 1336 1868 omni
1357 1830 1452 1869 sede
1471 1836 1614 1881 praeter
1633 1829 1812 1867 ultimam

353 1897 583 1948 spondaeum
604 1897 665 1934 vel
686 1896 873 1947 spondaeo
893 1908 1024 1947 parem
1045 1894 1272 1945 reciperent,
1303 1893 1408 1931 unde
1439 1894 1614 1944 exsurgit
1644 1905 1722 1930 non
1741 1892 1814 1930 mi-

353 1975 423 1999 nor
446 1968 653 1999 metrorum
686 1961 725 1997 in
754 1960 829 1998 hoc
850 1972 989 2010 genere
1009 1958 1226 2009 congeries,
1256 1970 1372 2008 quam
1392 1970 1481 2008 quae
1503 1969 1627 2008 genus
1645 1956 1813 1994 trochai-

351 2040 439 2065 cum
473 2024 715 2075 ingreditur:
757 2023 826 2062 sed
860 2023 908 2060 ab
944 2023 1017 2061 hac
1054 2035 1155 2060 nova
1189 2021 1335 2072 pedum
1369 2021 1676 2073 compositorum
1710 2019 1812 2057 mole

350 2091 472 2127 lector
505 2088 745 2134 liberabitur,
775 2100 861 2125 cum
896 2087 1118 2137 perspiciet,
1157 2084 1356 2136 quomodo
1390 2098 1524 2123 versus
1563 2084 1751 2122 iambicus
1791 2095 1814 2120 a

351 2153 549 2191 trochaico
580 2152 809 2190 deducatur.
865 2151 1068 2189 Trochaici
1100 2150 1310 2189 tetrametri
1343 2148 1563 2188 catalectici
1594 2146 1813 2198 exemplum

351 2217 425 2255 hoc
445 2222 527 2254 erat
546 2228 555 2253 τ

524 2289 1092 2322 Phormi-onemzphormi-onem
1107 2296 1117 2328 γι
1131 2285 1602 2321 Phormi·onem=Phormio.

350 2368 517 2417 Appone
539 2366 730 2417 syllabam
750 2365 954 2417 principio,
975 2371 1014 2404 et
1041 2379 1089 2404 ex
1108 2365 1182 2404 hoc
1202 2377 1317 2403 versu
1337 2363 1404 2402 fiet
1422 2361 1609 2400 iambicus
1630 2365 1812 2398 tetrame-

351 2437 409 2468 ter
430 2430 669 2468 acatalectus
688 2443 696 2467 :

524 2514 615 2545 Proh
634 2514 883 2554 Phormionem,
907 2512 1159 2553 Phormionem,
1181 2512 1434 2553 Phormionem,
1457 2509 1638 2542 Phormio:

353 2589 458 2641 quod
480 2590 516 2627 in
540 2597 661 2627 metra
682 2589 847 2627 iambica
867 2590 1092 2627 distinctum
1112 2588 1215 2627 hanc
1234 2588 1398 2626 formam
1415 2585 1576 2624 induet:

437 2675 528 2706 Proh
545 2674 835 2704 Phormio-:nem
852 2673 1149 2705 Phor-mioznem
1166 2671 1463 2704 Phor-iiiioznem
1483 2668 1682 2701 Phor-mio:

352 2763 430 2801 quo
463 2749 558 2786 nihil
589 2749 856 2791 invenustius;
900 2749 958 2786 sin
989 2748 1194 2799 syllabam,
1225 2759 1343 2797 quam
1374 2743 1563 2796 principio
1585 2741 1809 2787 addideras,

354 2813 503 2864 virgula
525 2814 703 2864 apposita
733 2826 755 2850 a
776 2812 1028 2863 sequentibus
1051 2810 1273 2856 abscindas,
1307 2815 1443 2856 metra,
1476 2821 1566 2859 quae
1587 2812 1810 2859 supersunt,
