1903 3306
580 232 787 264 ANDRIAE
821 231 927 262 ΑοΤ.
961 230 992 260 1.
1025 228 1094 259 se.
1127 229 1172 257 v.
1517 218 1601 258 ‘297

152 334 274 375 Huic
296 331 513 386 pariundi,
535 332 668 382 atque
689 327 754 369 illi
771 327 815 367 in
835 325 935 367 aliis
954 324 1102 379 potius
1124 322 1341 376 peccandi
1363 322 1523 363 locum.

150 402 239 443 Sed
269 399 478 454 quidnam
508 395 796 449 Pamphilum
818 392 1114 435 exanimatum
1131 389 1291 431 video?
1322 402 1473 430 vereor
1494 390 1601 443 quid

318 458 435 508 siet?

148 533 382 588 Opperiar,
427 538 476 574 ut
513 531 650 574 sciam
687 543 820 581 nunc,
865 527 1074 582 quidnam
1111 526 1208 567 haec
1245 524 1375 565 turba
1404 523 1598 566 tristitiae

317 601 482 642 afferat.

145 708 264 739 precor,
278 698 360 730 vires
382 698 529 739 Glycerio
554 698 595 729 ad
609 694 753 734 feliciter
776 694 971 735 pariendum,
993 696 1083 732 atque
1098 691 1258 722 obstetrici
1279 689 1399 721 Lesbiae
1414 690 1601 720 imlustriam

145 744 347 781 opportunam
363 740 397 772 in
412 742 562 772 educendo
575 742 688 781 partu:
703 742 739 768 ut
753 738 787 768 in
799 738 871 768 aliis
887 736 1064 767 mulieribus
1078 734 1269 765 sublevandis
1282 733 1385 772 potius
1400 736 1494 763 erret.
1539 732 1601 762 Sed

145 784 290 823 quidnam
303 784 391 815 video
403 784 601 823 Pamphilum
611 779 847 813 exanimatum?
869 780 982 810 Vereor
993 778 1066 819 quid
1082 778 1136 809 hoc
1147 777 1200 807 sit.
1245 775 1435 816 Expectabo,
1446 779 1479 805 ul
1492 774 1599 813 sciam,

144 826 290 867 quidnam
305 826 445 858 tristitiae
460 826 526 857 haec
536 823 730 866 perturbatio
747 822 795 853 illi
809 822 936 863 afferat.

750 916 770 927 O
775 915 994 928 “o-mete

143 988 163 1016 8
181 983 221 1015 In
232 984 283 1015 M.
294 994 362 1016 non
379 985 505 1024 legitur
515 994 605 1017 nunc.
620 985 676 1016 Tr.
691 992 772 1014 nunc
787 982 896 1022 quidni
909 984 1082 1021 corrupte.
1094 980 1251 1011 Donatus
1263 977 1431 1018 legitnum
1442 976 1600 1017 quidnam,

142 1027 294 1067 dicitque
311 1038 318 1058 ε
344 1027 518 1058 Comicum
532 1033 598 1067 est,
613 1026 917 1058 etTerentianum.
963 1025 1033 1065 [Sic
1051 1023 1108 1053 inf.
1125 1032 1163 1054 11.
1182 1025 1212 1053 1.
1224 1024 1277 1052 25.
1294 1021 1353 1052 sed
1372 1020 1440 1051 ET.
1466 1024 1502 1049 et
1516 1019 1598 1050 EM.

141 1070 237 1100 sciam
252 1070 408 1109 quidnam.
434 1070 535 1101 West.
551 1071 585 1101 in
602 1070 711 1110 Add.]
754 1069 846 1099 Vere
875 1067 970 1098 illud.
1014 1065 1131 1107 Atque
1155 1065 1205 1096 ita
1228 1063 1398 1095 recensuit
1425 1061 1598 1093 Heinsius.

143 1113 239 1143 Nunc
255 1113 380 1143 nullam
398 1113 462 1143 vim
479 1113 604 1144 habere
617 1113 690 1154 quis
708 1122 772 1143 non
789 1110 907 1141 videt?
930 1111 986 1141 Ita
1001 1115 1115 1140 tamen
1133 1113 1167 1139 et
1183 1107 1285 1138 Bodl.
1303 1106 1400 1136 West.
1423 1105 1493 1135 Pro
1505 1114 1598 1143 nunc,

141 1155 286 1194 quidnam
302 1155 455 1185 Donatus
477 1161 513 1186 et
542 1166 626 1186 nnus
649 1155 724 1187 eod.
750 1154 831 1193 legit
848 1163 923 1184 mim
939 1153 1097 1193 quidnam,
1113 1154 1219 1182 recte.
1255 1148 1406 1187 Deinde,
1422 1157 1498 1178 cnm
1515 1156 1598 1177 non-

142 1199 222 1227 dum
249 1198 382 1228 turbam
406 1199 515 1239 Mysis
529 1199 669 1230 vidisset
695 1199 810 1237 ullam,
837 1202 956 1228 cetera
980 1194 1123 1226 restitue
1146 1194 1207 1231 ita,
1237 1192 1301 1223 hoec
1325 1191 1424 1222 turba>
1450 1189 1596 1220 tristitia.

141 1240 244 1270 Bent.
272 1250 371 1280 quem
397 1242 551 1282 seqnitur
575 1242 676 1273 Both.
698 1242 782 1272 Num
809 1240 956 1280 quidnam
980 1237 1153 1278 accipiunt
1180 1236 1282 1267 R.D.
1329 1234 1438 1265 Turbae
1461 1232 1598 1264 tristitia

141 1282 270 1323 accipit
286 1283 377 1315 Perl.
400 1289 436 1315 et
454 1284 539 1315 bene
557 1289 797 1316 transmutatas
815 1284 874 1314 iias
891 1281 1146 1311 terminationes
1162 1283 1296 1311 censet.

566 1570 768 1613 ACTUS
801 1569 844 1612 Ι.
873 1564 1082 1610 SCENA
1116 1565 1171 1609 V.

596 1698 900 1733 PAMPHILUS·
962 1697 1130 1728 MYSlS.

139 1784 227 1826 PA.
271 1781 572 1825 Hoccmss’st
603 1781 842 1821 humanum
872 1778 1040 1819 factum
1079 1779 1156 1817 aut
1190 1775 1444 1830 inceptum!
1488 1775 1592 1816 hoc-

309 1853 405 1893 cine
416 1850 473 1892 'st
493 1849 686 1891 officium
706 1847 844 1902 patris
861 1846 870 1887 !

138 1920 241 1962 ΜΥ.
273 1919 393 1971 Quid
428 1917 670 1968 illudssest‘?
730 1916 822 1956 PA.
867 1914 985 1955 Proh
1021 1913 1171 1955 Deum
1203 1913 1336 1964 atque
1367 1910 1591 1952 hominum

305 1987 437 2028 fidem
455 1986 465 2027 !
497 1984 604 2039 quid
627 1988 711 2034 est,
733 1983 771 2024 si
790 1996 876 2023 non
896 1982 993 2022 haec
1011 1978 1345 2022 contumelia’st
1362 1980 1380 2019 'i

177 2104 245 2136 ΡΑ.
266 2102 319 2135 An
333 2103 387 2134 hoc
401 2102 537 2140 sactum,
551 2104 606 2132 aut
622 2101 776 2140 inceptum
791 2102 896 2129 contra
911 2098 1031 2138 filium,
1053 2098 1219 2128 humanum
1240 2092 1312 2127 est?
1333 2104 1373 2124 αη
1390 2093 1445 2124 hoc
1458 2094 1590 2135 qfficium

135 2150 180 2178 est
208 2147 332 2188 patris?
375 2146 451 2177 MY.
477 2145 563 2181 Quid
588 2144 666 2175 illud
695 2141 768 2174 est?
813 2144 878 2173 ΡΑ.
902 2142 988 2172 Deos
1014 2141 1206 2180 hominesque
1232 2136 1350 2171 testor!
1385 2136 1414 2167 si
1438 2136 1495 2167 Ιιοσ
1517 2147 1590 2168 con-

737 2225 955 2239 eeeeeeeeeee

178 2302 193 2330 1
221 2298 276 2329 Ob
293 2298 372 2329 lect.
401 2307 421 2328 a
447 2297 583 2328 Donato
612 2295 808 2333 indicatam,
834 2298 871 2324 et
894 2301 1011 2323 sensus
1040 2288 1247 2330 elegantiam
1277 2289 1368 2328 lege,
1384 2285 1523 2318 Hoccz'ne
1539 2287 1586 2315 est

126 2342 219 2380 factu
243 2342 408 2372 humanum
432 2343 487 2370 aut
507 2336 660 2379 inceptu?
678 2339 781 2368 Bent.
827 2334 1164 2373 ALsactu—inceptu,
1188 2332 1286 2362 male.
1314 2332 1398 2362 Perl.
1444 2327 1585 2360 Haecine

125 2385 250 2422 sactum
263 2387 310 2415 est
325 2384 356 2414 h.
370 2386 423 2414 aut
439 2384 461 2414 i.
477 2383 599 2413 hoccine
614 2381 670 2422 ⁰ff·
685 2381 786 2421 patris
801 2379 871 2409 vult
889 2378 1042 2409 Gov.—2
1061 2375 1183 2406 Leidd.
1195 2379 1359 2416 quatuor:
1381 2373 1466 2408 Quid
1481 2375 1539 2409 est,
1555 2371 1584 2401 si

132 2428 198 2457 lzoec
219 2437 279 2457 non
291 2426 474 2457 contumelia
489 2426 528 2455 ’st
539 2423 555 2456 ‚⁹
579 2423 695 2464 Atque
710 2423 758 2454 ita
774 2421 983 2452 recentiores
995 2419 1187 2450 ediderunt.
1233 2418 1281 2448 M.
1299 2417 1372 2457 quid
1394 2419 1453 2453 est,
1478 2415 1505 2446 si
1517 2415 1583 2445 lioec

131 2469 314 2500 contumelia
328 2478 386 2499 non
401 2471 447 2498 est
462 2466 478 2499 :2
501 2467 670 2508 quomodo
687 2471 721 2497 et
737 2463 958 2496 vetustissimi
973 2462 1215 2502 impressorum
1232 2459 1389 2490 codicum
1405 2459 1583 2488 exhibent.

130 2512 178 2543 Et
192 2515 339 2543 testatur
351 2510 496 2550 Parens,
510 2511 558 2540 ita
575 2519 647 2540 esse
665 2509 696 2539 in
720 2518 787 2539 uno
812 2507 899 2538 Pan.
945 2505 981 2536 Si
997 2505 1100 2544 legas,
1116 2507 1154 2534 ut
1171 2507 1223 2532 est
1239 2502 1272 2532 in
1289 2502 1338 2532 M.
1353 2507 1497 2532 metrum
1509 2500 1581 2541 qui-

132 2554 210 2586 dem
227 2553 372 2593 laborat,
400 2552 459 2584 sed
481 2562 595 2583 sensus
618 2553 685 2582 erit
709 2549 965 2590 ἐμφατικώτερος,
982 2558 1014 2587 q.
1033 2547 1067 2578 d.
1113 2545 1203 2578 Quid
1231 2549 1285 2575 est
1316 2544 1533 2582 contumelia,
1552 2543 1582 2574 si

130 2597 203 2628 haec
216 2596 419 2628 contumeiia
430 2605 494 2626 non
511 2595 583 2626 est?
606 2593 726 2625 Leidd.
742 2602 826 2624 unus
842 2604 848 2621 :
869 2592 952 2627 Quid
966 2591 1044 2620 illud
1057 2592 1100 2620 est
1114 2587 1128 2620 Ζ)
1144 2587 1231 2619 Proh
1247 2586 1465 2627 Deumfidem,
1481 2587 1555 2625 quid
1566 2585 1582 2618 ,Ψ

128 2640 156 2670 si
177 2639 243 2670 haec
265 2650 326 2670 non
346 2638 528 2670 contumelia
557 2636 633 2670 est?
656 2638 764 2668 West.
811 2636 904 2665 Mur.
935 2633 1026 2665 tollit
1042 2633 1154 2673 fidem.
1204 2630 1273 2661 ET.
1296 2635 1333 2660 et
1365 2630 1445 2660 EM.
1476 2629 1581 2660 Deum

122 2682 220 2722 fidem
235 2685 326 2723 atque
341 2682 506 2713 hominum.
531 2680 576 2712 G.
611 2680 674 2711 Pro
688 2680 794 2710 Deum
809 2678 921 2719 fidem,
937 2676 1011 2717 quid
1026 2679 1083 2707 est.
1119 2673 1172 2705 Id.
1191 2674 1224 2704 in
1247 2672 1336 2703 Add.
1381 2671 1471 2702 Illud
1489 2675 1580 2711 atque

130 2724 286 2756 hominum
310 2735 330 2755 a
355 2723 476 2755 codice
501 2723 668 2764 primariae
696 2727 785 2753 notae
804 2721 914 2755 abest,
938 2728 1002 2750 nec
1029 2718 1061 2748 in
1086 2717 1184 2749 codd.
1210 2715 1284 2747 aliis
1314 2720 1446 2746 certum
1474 2714 1579 2745 habet

130 2767 253 2800 locum.
298 2767 382 2800 Dele
398 2767 516 2808 igitur,
531 2764 721 2807 praesertim
747 2774 822 2796 cum
853 2764 902 2795 ita
929 2762 962 2793 in
980 2770 1078 2793 versu
1098 2763 1148 2792 11.
1165 2758 1295 2790 oriatur
1319 2759 1577 2789 incrementum.
