1903 3306
570 216 633 246 DE
668 216 852 246 niss'rffls
887 215 1098 245 comicis.
1472 202 1557 246 233

116 313 292 353 omnibus
313 311 471 364 syllabis
492 310 529 347 in
548 311 688 361 quibus
711 309 940 361 synaloepha
958 308 1019 346 vel
1040 307 1239 358 ecthlipsis
1261 307 1490 358 negligitur3
1518 315 1558 345 et

115 389 394 427 nonnunquam
423 375 471 412 iis
502 375 617 413 etiam
650 374 809 425 syllabis
829 386 991 424 quarum
1019 371 1215 422 quantitas
1249 371 1376 408 minus
1401 372 1558 421 cognita

115 447 175 477 est
192 452 201 477 :
230 452 253 477 o
273 440 388 477 etiam
407 438 522 476 finale
541 439 756 483 verborum,
789 444 831 474 ut
849 449 1052 488 puerorum
1073 433 1297 485 praejudicio
1323 440 1557 479 occurratur,

114 503 180 553 qui
199 502 423 554 plerumque
441 515 510 553 pro
531 508 707 550 correpto
725 500 867 537 habere
887 500 1026 545 solent,
1045 511 1134 535 cum
1153 497 1191 533 in
1211 496 1251 533 id
1272 503 1456 534 accentus
1478 510 1558 534 me-

113 566 232 604 tricus
252 565 370 612 cadit,
400 572 563 603 accentu
594 564 712 614 longo
742 564 872 601 notavi
892 576 901 600 ε
930 562 996 600 ubi
1023 575 1112 599 vero
1134 560 1173 597 in
1194 573 1288 598 voce
1310 560 1439 611 aliqua
1456 561 1557 598 binae

115 627 277 679 syllabae
296 628 335 665 in
355 640 472 665 unam
501 626 794 671 contrahuntur,
816 626 855 663 id
875 626 994 663 literis
1016 624 1179 674 margini
1200 623 1386 675 appositis
1409 636 1558 674 semper

114 691 281 730 ostendi.
336 691 400 728 Ad
427 691 527 737 haec,
561 703 649 728 cum
669 703 773 741 saepe
793 691 860 727 fiat
880 698 922 727 ut
943 696 1106 727 metrum
1128 701 1196 725 seu
1217 686 1360 725 διποὸία
1379 687 1417 724 in
1438 686 1557 738 pedes

113 754 275 793 diversis
295 754 419 792 modis
437 753 578 792 resolvi
598 754 734 804 possit,
754 767 774 791 e
794 754 932 804 quibus
964 753 1029 790 ille
1058 752 1261 802 eligendus
1290 751 1355 801 qui
1375 751 1557 802 legitimae

113 818 416 870 pronuntiationi
434 817 589 855 minime
608 817 739 862 officit,
761 829 1018 866 numerosque
1047 815 1202 852 minime
1222 828 1384 852 sonoros
1404 814 1556 857 reddit;

114 881 305 933 ejusmodi
331 887 454 920 metra
472 881 546 920 hac
566 889 659 918 nota
684 902 700 908 -
726 880 763 917 in
783 880 904 932 pedes
925 893 1015 917 suos
1038 879 1208 917 distinxi.
1266 878 1370 915 Nihil
1392 878 1558 929 denique

112 945 298 984 omissum
319 952 392 992 est,
425 945 530 996 quod
565 944 785 995 excogitare
820 944 942 994 potui,
973 950 1015 981 ut
1046 943 1156 981 metri
1176 943 1397 980 Terentiani
1417 942 1559 980 intelli-

114 1009 245 1059 gentia
264 1009 446 1047 facillima
464 1008 703 1054 redderetur,
724 1015 763 1046 et
783 1008 830 1046 ad
853 1009 1020 1046 tironum
1049 1014 1205 1058 captum
1228 1020 1386 1058 prorsus
1407 1019 1560 1045 accom-

114 1072 283 1112 modata.
340 1073 440 1111 Cum
457 1086 547 1111 vero
566 1085 701 1111 versus
721 1073 856 1110 comici
889 1072 940 1110 ad
968 1073 1079 1110 tibias
1110 1077 1351 1117 canerentur,
1382 1078 1560 1121 superest

114 1143 158 1174 ut
175 1137 224 1175 de
242 1137 289 1175 iis
308 1150 437 1188 pauca
453 1137 632 1188 quaedam
664 1137 803 1182 dicam,
824 1150 912 1187 quae
934 1136 1027 1173 satis
1050 1135 1128 1173 sint
1147 1135 1196 1172 ad
1217 1134 1472 1186 intelligenda
1491 1134 1559 1172 illa.

113 1213 201 1251 quae
220 1201 260 1239 in
277 1202 511 1240 Fabularum
525 1201 661 1239 harum
679 1200 800 1238 titulis
821 1200 1025 1237 habentur.

167 1265 228 1303 De
246 1265 306 1303 his
325 1265 437 1304 multi
457 1265 580 1303 multa
599 1272 638 1303 et
657 1265 771 1302 valde
792 1264 965 1307 diversa;
997 1276 1084 1314 quae
1101 1276 1150 1301 ne
1170 1274 1368 1301 recensere
1389 1260 1560 1312 quidem,

112 1328 255 1367 nedum
274 1336 453 1367 excutere
472 1329 534 1366 vel
562 1329 681 1367 otium
708 1336 768 1367 est
796 1329 857 1366 vel
887 1329 1052 1366 animus.
1109 1327 1277 1364 Constat
1300 1326 1403 1377 apud
1424 1339 1559 1364 omnes

112 1392 243 1444 primis
262 1392 499 1443 temporibus
521 1392 634 1430 tibias
656 1405 703 1430 ex
724 1392 914 1430 arundine
934 1392 1077 1435 fuisse3
1108 1404 1192 1429 eam
1213 1404 1316 1436 vero,
1338 1404 1426 1441 quae
1456 1390 1560 1428 radi-

115 1469 199 1493 cem
219 1463 498 1500 antecesserat,
516 1456 627 1494 laevae
647 1456 753 1493 tibiae
788 1455 1018 1499 convenire;
1051 1468 1138 1505 quae
1169 1467 1370 1499 cacumen,
1399 1453 1559 1500 dextrae,

112 1520 236 1570 inquit
255 1519 403 1557 Plinius
432 1520 458 1557 1.
476 1515 577 1557 xm.
609 1532 643 1557 c.
667 1520 730 1556 36.
762 1532 809 1556 ex
839 1518 1124 1570 Theophrasto,
1151 1518 1262 1569 cujus
1295 1519 1412 1556 verba
1440 1524 1558 1557 sunt:

111 1584 192 1629 Τὴν
220 1585 291 1634 μὲν
322 1584 408 1634 πρὸς
440 1587 484 1636 τῇ
515 1584 602 1636 ῥίέῃ
635 1584 832 1633 ἀριστερὰν
864 1581 972 1629 εἶναι,
1005 1586 1072 1629 τὴν
1091 1581 1131 1620 δὲ
1152 1583 1238 1631 πρὸς
1257 1583 1339 1620 τοὺς
1358 1581 1558 1630 βλαστοὺς,

112 1647 258 1694 δεξιάνε
288 1661 336 1685 ex
360 1648 422 1685 his
453 1654 582 1685 autem
611 1647 786 1685 dextram
821 1647 1032 1697 graviorem
1067 1659 1206 1684 sonum
1225 1645 1395 1684 edidisse
1416 1647 1559 1697 saepius

114 1724 137 1749 a
157 1711 314 1750 Donato
334 1712 479 1750 dictum
503 1719 584 1755 est;
606 1711 712 1762 quod
733 1711 795 1749 isti
814 1711 917 1750 tibiae
945 1712 1190 1757 convenisse,
1219 1724 1307 1761 quae
1337 1711 1560 1762 angustiore

112 1781 216 1814 esset
239 1775 439 1823 foramine,
465 1776 636 1815 ostendit
667 1776 721 1813 vir
755 1776 904 1814 clariss.
943 1777 1054 1814 Isaac
1072 1776 1237 1813 Vossius
1256 1775 1560 1826 in'elegantissi-

113 1852 176 1877 mo
195 1839 343 1878 Libello
364 1840 412 1878 de
427 1840 584 1878 Viribus
604 1840 791 1891 Rhythmi
810 1854 848 1891 p.
873 1842 961 1878 111.
982 1854 1029 1879 ex
1045 1840 1118 1878 hoc
1140 1839 1281 1876 AEliani
1298 1840 1398 1885 loco,
1413 1839 1479 1889 qui
1491 1851 1559 1876 ex-

112 1909 171 1941 tat
197 1903 302 1954 apud
321 1904 577 1956 Porphyrium
598 1905 638 1941 in
659 1905 982 1956 Hypomnematis
1003 1904 1053 1942 ad
1073 1902 1311 1941 Harmonica
1329 1902 1530 1940 Ptolemaei
1550 1917 1560 1941 :

112 1967 194 2005 Εὰν
223 1967 328 2020 λάβῃ
357 1985 408 2007 τις
439 1967 502 2006 δύο
535 1967 682 2014 αὒλούς,
715 1974 788 2006 τοῖς
818 1970 890 2020 μὲν
921 1971 1075 2020 μήκεσιν
1097 1968 1212 2013 ἴσους,
1231 1973 1309 2005 ταῖς
1329 1965 1371 2004 δὲ
1390 1967 1559 2017 εὺρὺτησι

112 2037 185 2069 τῶν
202 2034 347 2070 κοιλιῶν
365 2031 614 2084 διαφέροντας,
650 2034 813 2081 καθάπερ
842 2034 996 2083 ἔχουσιν
1025 2032 1059 2069 οἱ
1087 2031 1236 2081 Φρύγιοι
1264 2031 1350 2080 πρὸς
1377 2029 1458 2068 τούς
1475 2031 1562 2068 Ἑλ-

111 2096 294 2143 ληνικοῦς,
325 2097 471 2147 εὑρήσει
507 2099 773 2146 παραπλησίως
801 2096 841 2133 τὸ
880 2098 1105 2145 εὒρυκοίλιον
1143 2095 1309 2144 ὀξύτερον
1344 2098 1561 2144 προϊέμενον

112 2161 283 2211 φθόγγον
307 2165 370 2199 τοῦ
402 2163 658 2198 στενοκοιλίου.
713 2159 934 2209 Θεωροῦμέν
965 2163 1011 2207 γέ
1038 2175 1092 2197 τοι
1119 2159 1200 2197 τοὺς
1218 2158 1392 2207 Φρυγίους
1412 2157 1560 2197 στενοὺς

112 2230 191 2261 ταῖς
210 2227 361 2262 κοιλίαις
392 2225 512 2269 ὄντας,
548 2226 607 2261 καὶ
638 2226 764 2274 πολλῷ
797 2222 1018 2273 βαρυτέρους
1050 2224 1166 2276 ᾔχους
1184 2221 1467 2271 προβάλλοντας
1486 2229 1559 2261 τῶν

106 2286 350 2333 Ἑλληνικῶν.

167 2351 225 2389 Ea
244 2365 333 2403 quae
353 2351 402 2390 de
422 2352 542 2390 Tibiis
561 2352 600 2390 in
621 2351 743 2390 titulis
765 2351 871 2391 dicta
902 2358 1007 2400 sunt,
1035 2351 1149 2402 juxta
1179 2349 1397 2388 fabularum
1424 2347 1560 2387 seriem

113 2413 169 2453 sic
189 2427 231 2453 se
249 2414 418 2454 habent:

325 2511 343 2548 1
801 2514 826 2548 2
1298 2512 1320 2548 3

1157 2574 1258 2612 Acta
1275 2574 1440 2625 primum

165 2636 282 2674 Tibiis
300 2637 456 2688 paribus
666 2638 782 2676 Tibiis
803 2638 955 2677 duabus
1114 2637 1233 2675 Tibiis
1253 2638 1478 2689 imparibus,

113 2697 255 2739 dextris
275 2708 314 2740 et
333 2701 510 2740 sinistris.
729 2702 891 2742 dextris.
1066 2702 1206 2741 deinde
1226 2701 1378 2740 duabus
1399 2700 1559 2740 dextris,
