1976 3296
726 237 998 267 PRAEFATm.
1525 229 1580 269 25

135 330 413 382 denbrogius,
435 328 512 382 qui
530 327 700 370 Faerno
722 331 936 371 successit
957 344 995 371 a.
1019 330 1143 372 1602.
1166 331 1364 384 inprimis
1382 344 1492 373 usus
1514 339 1580 375 est

133 398 286 439 codice
311 396 398 437 Ms.
420 396 702 438 bibliothecae
724 398 853 450 regiae
876 399 1156 447 Parisiensis,
1189 412 1361 451 magnae
1390 400 1579 453 antiqui-

133 467 234 506 tatis
252 469 296 505 et
315 464 540 513 bonitatis,
567 464 612 504 in
635 478 724 517 quo
744 464 937 506 Terentii
967 466 1113 518 imago
1142 467 1321 519 antiqua
1341 479 1474 507 manu
1505 467 1579 508 de-

130 533 254 585 picta
282 536 391 572 erat.
453 531 535 572 Est
563 532 746 573 fortasse
778 533 922 573 codex
957 533 1084 574 7899.
1116 534 1161 574 in
1193 533 1335 574 Catal.
1366 534 1579 574 Biblioth.

133 597 243 651 Reg.
267 598 505 639 Parisiens.
527 598 641 639 Mss.
665 599 862 641 Latinor.
895 600 947 641 T.
984 613 1046 641 lv,
1083 602 1158 641 ubi
1181 601 1345 642 Saeculi
1379 613 1451 643 IX.
1482 616 1579 642 esse

131 665 307 715 dicitur,
330 670 373 706 et
392 665 572 707 scholiis
592 667 843 717 instructus,
860 668 914 708 de
936 669 1096 721 quibus
1118 669 1225 709 nihil
1246 670 1364 723 apud
1388 670 1578 710 Linden-

129 733 341 785 brogium.
402 733 528 774 Idem
547 734 621 774 ille
641 734 741 774 aliis
768 735 889 775 libris
917 736 1092 789 scriptis
1114 750 1240 777 usum
1261 750 1307 777 se
1325 750 1421 777 esse
1445 741 1579 778 testa-

127 804 211 851 tur,
235 802 312 856 qui
333 807 479 842 tamen
502 814 655 854 parum
671 801 951 855 profuerant3
984 816 1086 844 nam
1117 808 1158 845 et
1179 805 1440 845 recentiores
1457 810 1580 847 erant

129 873 175 908 et
194 868 353 910 leviter
371 869 616 910 variabant.
681 869 945 910 Franciscus
977 870 1099 911 Hare
1130 871 1254 912 1714.
1285 871 1482 913 adhibuit
1502 886 1578 913 su-

129 935 395 989 pellectilem
431 949 487 976 ex
519 935 725 976 tredecim
765 936 995 978 codicibus
1027 937 1300 991 Anglicanis,
1336 939 1380 979 in
1417 940 1578 993 quibus

128 1003 278 1056 plures
319 1003 515 1044 melioris
543 1007 659 1044 notae
692 1007 827 1055 erant,
860 1017 886 1045 a
918 1004 1065 1047 Nicol.
1125 1005 1296 1059 Clagett
1335 1007 1577 1049 collectam.

129 1069 236 1110 Vid.
259 1069 517 1111 Praefation.
549 1071 733 1112 editioni
763 1072 978 1125 praemiss.
1001 1086 1103 1126 pag.
1126 1084 1271 1114 XXIV.
1330 1073 1580 1117 Westerho-

127 1136 202 1178 vio
223 1137 281 1178 ad
313 1137 615 1179 adornandam
636 1151 760 1180 suam
782 1139 1020 1181 editionem
1042 1140 1165 1182 1726.
1186 1142 1378 1195 quinque
1401 1143 1578 1183 codices

124 1204 362 1246 Leidenses
375 1209 537 1258 praesto
557 1210 681 1247 erant
699 1212 864 1260 praeter
885 1208 1015 1257 alios,
1038 1222 1152 1263 quos
1183 1210 1363 1251 adducit
1387 1211 1428 1250 in
1452 1210 1574 1251 Prae-

125 1271 203 1314 fat.
262 1273 489 1314 Bentleius
511 1274 693 1315 editioni
713 1288 806 1316 suae
824 1274 1032 1317 Cantabr.
1054 1282 1094 1318 et
1116 1277 1300 1318 Londin.
1322 1278 1447 1318 1726.
1468 1277 1576 1318 Am-

126 1339 228 1382 stel.
248 1340 372 1381 1727.
395 1341 595 1395 repetitae
623 1342 790 1396 Lipsiae
822 1344 946 1386 1791.
967 1345 1141 1386 brevem
1166 1346 1380 1399 praemisit
1408 1346 1575 1387 Praefa-

126 1406 302 1457 tionem,
324 1421 424 1461 quae
444 1412 587 1450 narrat
606 1409 820 1462 plurimos
852 1424 900 1452 se
932 1412 1112 1454 codices
1140 1414 1325 1467 scriptos
1349 1413 1577 1455 Cantabri-

125 1474 295 1525 gienses
334 1481 380 1516 et
413 1476 715 1518 Londinenses
748 1479 803 1520 ad
838 1479 1075 1521 editionem
1107 1481 1220 1522 hanc
1259 1482 1501 1522 contulisse
1532 1484 1576 1522 et

124 1543 344 1595 exegisse,
376 1547 418 1584 et
446 1545 489 1584 in
512 1544 645 1585 Notis
680 1547 939 1587 nominatim
971 1549 1239 1601 appellasse.
1301 1549 1377 1589 Uti
1409 1562 1574 1599 omneS,

122 1623 233 1663 quos
255 1611 467 1652 hactenus
487 1612 683 1662 lau'davi,
703 1614 895 1655 editores
917 1615 1107 1666 codices,
1135 1630 1246 1670 quos
1267 1617 1573 1667 adhibuerunt,

122 1679 378 1720 brevissime
398 1680 647 1721 indicarunt
667 1686 710 1722 et
730 1683 1023 1736 appellarunt,
1043 1698 1133 1725 non
1149 1685 1489 1738 descripserunt,
1512 1687 1574 1727 ita

123 1746 253 1787 etiam
288 1749 560 1801 nuperrimus
594 1748 788 1790 Terentii
828 1750 983 1800 editor,
1023 1752 1401 1804 ingeniosissimus
1433 1753 1576 1794 Bothe

122 1812 249 1854 1806.
267 1814 417 1856 labore
438 1820 642 1858 accurate
663 1817 846 1859 codices
867 1832 975 1860 suos
1008 1819 1282 1860 describendi
1313 1821 1573 1874 supersedit.

122 1879 256 1931 Quod
278 1882 335 1923 ad
355 1882 509 1924 horum
530 1898 661 1926 unum
689 1887 853 1937 attinet,
885 1900 1044 1941 nempe
1078 1888 1271 1929 codicem
1293 1889 1395 1929 olim
1414 1889 1572 1930 acade-

120 1950 222 1990 miae
260 1949 650 2004 Helmstadiensis,
682 1955 823 1995 otium
852 1955 942 2009 ipsi
972 1956 1135 1997 fecerat
1163 1956 1206 1997 J.
1232 1956 1396 1998 Facius
1419 1958 1462 1997 in
1483 1958 1572 1999 col-

119 2017 279 2059 latione
307 2019 437 2073 hujus
473 2020 642 2062 codicis
673 2022 834 2064 inserta
863 2023 915 2064 T.
951 2023 1003 2066 C.
1028 2024 1226 2066 Harlesii
1248 2023 1415 2079 Opusc.
1445 2025 1572 2066 Varii

120 2082 300 2137 Argum.
323 2086 457 2129 Halae
478 2088 606 2130 1773.
627 2103 671 2143 p.
693 2089 934 2132 214—386.

177 2151 489 2196 Consideranti
519 2155 624 2196 mihi
654 2157 803 2197 horum
839 2157 1043 2198 codicum
1066 2160 1312 2213 catalogum
1340 2161 1572 2214 probabile

119 2223 199 2270 est,
221 2221 388 2262 nullum
409 2222 571 2275 glossis
595 2224 668 2264 vel
682 2224 863 2266 scholiis
883 2226 1142 2267 instructum
1165 2240 1279 2277 esse,
1296 2229 1400 2282 quia
1416 2228 1570 2272 horum

119 2301 207 2329 non
226 2301 438 2343 expressa
456 2291 620 2332 mentio
637 2291 755 2333 facta
772 2297 852 2334 est.
911 2292 1080 2334 Verum
1098 2295 1318 2336 enimvero
1333 2296 1450 2336 idem
1471 2296 1570 2338 aliis

119 2356 351 2398 codicibus
399 2359 573 2399 evenire
611 2361 770 2412 potuit,
813 2360 930 2413 quod
971 2362 1120 2403 codici
1161 2362 1392 2412 BembinO,
1437 2377 1568 2417 quem

120 2423 318 2466 Faernus
331 2426 528 2468 omnium
542 2427 892 2481 antiquissimum
910 2433 955 2469 et
970 2429 1380 2482 praestantissimum
1393 2431 1566 2481 habuit,

116 2491 288 2532 factum
309 2497 390 2533 est.
450 2493 582 2543 Nam,
597 2495 677 2536 etsi
698 2493 926 2536 Victorius
955 2497 998 2537 in
1017 2497 1281 2538 Praefatione
1311 2498 1365 2538 de
1385 2499 1567 2540 scholiis

118 2558 222 2600 huic
243 2559 386 2601 codici
409 2561 614 2614 ascriptis
639 2561 746 2602 nihil
780 2563 997 2613 admonet,
1028 2568 1192 2605 certum
1223 2569 1369 2606 tamen
1400 2573 1471 2608 est
1503 2567 1567 2609 ibi

116 2627 288 2679 reperiri
318 2640 374 2668 ex
404 2628 518 2681 ipsis
552 2629 687 2670 Notis
724 2629 896 2681 Fa'elrni,
928 2631 1003 2684 qui
1038 2631 1094 2672 ad
1117 2631 1361 2674 Heautont.
1383 2633 1502 2674 Prol.
1523 2636 1564 2676 4.

120 2693 182 2735 ait
211 2696 223 2715 ‘
246 2695 290 2734 in
311 2695 424 2735 libro
447 2696 679 2747 Bembino,
708 2702 757 2740 ut
776 2711 853 2752 per
873 2711 1022 2740 omnes
1042 2699 1152 2740 alias
1184 2699 1458 2750 Comoedias,
1490 2714 1565 2742 an-

116 2761 366 2815 tiquissima
385 2776 519 2804 manu
540 2764 807 2818 glossemata
826 2778 883 2807 ex
905 2766 1086 2808 Donato
1105 2767 1149 2808 in
1164 2767 1354 2820 margine
1374 2770 1563 2823 ascripta
