1903 3306
319 217 404 258 444
813 230 850 259 Ρ.
885 229 1124 260 TERENTH
1159 230 1275 260 Arm

719 385 923 428 ACTUS
958 386 1047 426 ΙΙΙ.
1108 385 1315 427 SCENA
1346 385 1383 426 1.

644 519 856 550 THRASO.
916 520 1135 550 GNATHO·
1194 520 1450 550 PARMENO.

320 599 410 640 ΤΗ.
443 597 660 638 MAGNAS
683 610 786 637 vero
808 610 936 649 agere
957 598 1122 650 gratias
1142 597 1280 638 Thais
1302 598 1403 638 mihi
1419 599 1438 638 ’ἱ

321 666 416 707 GN.
458 665 695 718 Ingenteis.
753 664 846 706 TH.
892 663 993 704 Ain'
1028 665 1106 705 tu?
1148 665 1252 706 laeta
1270 663 1357 704 ’sti
1418 663 1512 705 GN.
1545 661 1648 704 Non
1677 666 1769 703 tam

489 734 590 786 ipso
610 731 787 785 quidem

320 802 469 850 Dono,
489 813 624 854 quam
647 801 726 840 abs
749 805 792 840 te
815 799 965 840 datum
986 812 1108 840 esse:
1137 799 1184 839 id
1205 812 1307 839 vero
1330 799 1447 839 serio

318 867 593 921 Triumphat.
652 867 740 907 ΡΛ.
773 867 878 907 Huc
899 867 1094 920 proviso,
1117 871 1182 916 ut,
1198 867 1272 907 ubi
1291 871 1469 920 tempus
1489 865 1588 914 siet,

322 936 579 976 Deducam:
613 935 692 976 sed
713 948 864 975 eccum
885 935 1088 976 militem!
1119 935 1208 976 ΤΗ.
1241 934 1324 975 Est
1344 935 1464 974 istuc
1482 933 1637 974 datum
1739 931 1768 971 5

321 1002 548 1051 Profecto,
569 1006 621 1041 ut
641 1004 763 1053 grata
782 1001 887 1041 mihi
910 1002 1012 1051 sint,
1034 1014 1135 1055 quae
1157 1001 1286 1051 facio,
1307 1001 1466 1042 omnia.

317 1068 411 1111 GN.
443 1068 629 1109 Advorti
649 1069 792 1109 hercle
823 1069 1028 1110 animum.
1087 1069 1182 1110 ΤΗ.
1213 1068 1302 1110 Vel
1322 1083 1400 1110 rex
1421 1080 1595 1122 semper
1614 1077 1769 1107 maxu-

489 1149 585 1177 mas

319 1203 435 1244 Mihi
458 1204 632 1256 agebat,
654 1202 866 1257 quicquid
886 1204 1074 1244 feceram
1093 1217 1104 1255 3
1135 1204 1234 1244 aliis
1256 1216 1347 1243 non
1369 1202 1489 1244 item.

318 1270 411 1312 GN.
444 1270 615 1311 Labore
636 1270 782 1311 alieno
804 1283 1002 1323 magnam
1025 1275 1195 1324 partam
1213 1270 1396 1322 gloriam

317 1339 480 1380 Verbis
503 1351 622 1392 saepe
642 1339 687 1379 in
710 1351 759 1378 se
782 1342 1065 1388 transmovet,
1090 1338 1164 1391 qui
1181 1338 1311 1378 habet
1331 1337 1486 1387 salem,
1713 1336 1770 1376 10

319 1405 454 1457 Quod
475 1406 519 1445 in
540 1409 580 1446 te
602 1410 686 1446 est.
747 1405 840 1448 ΤΗ.
875 1406 1043 1447 Habes.
1105 1405 1199 1448 GN.
1241 1404 1344 1445 Rex
1365 1407 1406 1445 te
1428 1416 1531 1457 ergo
1551 1403 1597 1444 in
1617 1402 1769 1444 oculis.

487 1472 578 1513 ΤΗ.
611 1473 804 1514 Scilicet.

358 1595 426 1626 ΤΗ.
452 1595 588 1633 Magnas
617 1605 686 1626 vero
708 1595 833 1633 gratias
863 1595 956 1625 Thais
982 1595 1052 1633 agit
1074 1592 1174 1626 mihi?
1219 1593 1289 1625 GN.
1313 1594 1470 1632 Ingentes.
1512 1592 1580 1623 Ta.
1608 1591 1712 1628 Itane,
1735 1594 1772 1622 ut

316 1637 386 1668 ais?
409 1638 535 1668 Loetane
560 1638 614 1668 illa
636 1641 704 1668 est?
748 1637 816 1668 GN.
843 1638 916 1668 Non
939 1641 1001 1668 tam
1024 1637 1086 1677 ipso
1101 1637 1222 1678 quidem
1235 1638 1312 1667 dono
1328 1638 1463 1673 ematur,
1477 1645 1566 1676 quam
1580 1635 1659 1674 quod
1674 1634 1727 1664 abs
1742 1636 1772 1664 te

315 1680 450 1721 accepit:
474 1680 510 1709 oh
532 1681 564 1710 id
578 1690 648 1711 vero
673 1681 815 1711 exultans
835 1690 906 1711 vere
929 1680 1107 1720 triumphat.
1153 1680 1221 1709 ΡΑ.
1247 1680 1319 1710 Huc
1339 1679 1496 1719 provisum
1520 1677 1607 1708 renio
1628 1676 1772 1717 temporis

315 1724 583 1762 opportunitatem,
607 1726 643 1753 ut
663 1724 808 1753 deducam
825 1723 975 1763 mancipia
1000 1724 1040 1752 ad
1065 1722 1220 1753 Thaidem.
1267 1722 1328 1752 Sed
1349 1731 1415 1752 ecce
1429 1721 1557 1751 militem
1574 1719 1770 1750 Thrasonem.

317 1764 388 1795 ΤΗ.
417 1767 475 1795 Est
488 1766 568 1796 istud
581 1765 714 1805 profecto
730 1765 805 1795 mihi
819 1776 838 1795 a
854 1766 929 1796 Diis
943 1775 1124 1803 concessam,
1136 1769 1169 1795 ut
1182 1764 1296 1804 omnia,
1311 1775 1377 1804 (ματ
1380 1764 1482 1802 facio,
1496 1763 1576 1803 apud
1590 1762 1667 1793 alios
1681 1761 1772 1791 mein

314 1808 420 1845 gratia
432 1812 557 1848 ponant.
603 1808 673 1838 GN.
702 1808 763 1838 Per
783 1808 960 1846 Herculem,
973 1808 1056 1839 istud
1068 1807 1221 1848 perspexi.
1266 1808 1336 1837 ΤΗ.
1361 1807 1469 1836 Etiam
1492 1806 1563 1836 Rex
1588 1813 1704 1845 semper
1725 1804 1772 1834 in-

313 1854 423 1889 gentes
435 1851 512 1880 mihi
526 1851 638 1889 agebat
650 1850 772 1889 gratias
784 1861 840 1890 pro
855 1861 900 1889 eo,
916 1852 1120 1890 quodcumque
1139 1859 1295 1888 gesseram
1307 1859 1317 1885 ;
1340 1849 1412 1879 aliis
1426 1859 1485 1879 non
1499 1847 1652 1878 similiter.
1698 1845 1768 1876 GN.

317 1892 407 1933 Soepe
417 1893 551 1932 gloriam
565 1893 694 1923 aliorum
710 1893 809 1923 labore
824 1893 985 1933 quoesitmn
1010 1893 1110 1923 verbis
1132 1894 1165 1922 in
1191 1901 1222 1922 se
1245 1891 1394 1930 transfert
1417 1891 1446 1921 is
1464 1891 1517 1930 qui
1540 1890 1630 1921 habet
1643 1890 1771 1929 leporem

316 1938 407 1975 atque
429 1936 647 1976 whanitatem,
674 1936 774 1976 qualis
797 1936 830 1966 in
853 1939 882 1966 te
897 1939 953 1966 est.
998 1936 1068 1966 ΤΗ.
1093 1933 1263 1973 Intelligis.
1308 1934 1377 1965 GN.
1403 1934 1474 1964 Rex
1489 1942 1562 1972 ergo
1576 1930 1770 1963 teinoculis.

925 2028 1160 2041 “oeneeaeeeo

359 2098 379 2127 2
396 2096 478 2126 Var.
498 2095 668 2135 scriptura
687 2094 855 2134 Ingenteis,
883 2094 1033 2133 Ingentis.
1057 2094 1151 2124 Perl.
1176 2093 1234 2133 qui
1261 2092 1322 2124 dat
1339 2092 1498 2131 Ingentes,
1521 2101 1596 2123 cum
1618 2090 1770 2122 aliis.—3

320 2139 422 2174 Quam
437 2139 515 2178 quod
530 2138 583 2167 abs
599 2142 628 2168 te
642 2139 748 2168 datam
764 2141 808 2167 est
827 2138 901 2168 Pal.
918 2140 949 2168 2.
977 2138 1125 2167 Peri—4
1151 2137 1222 2167 Fiet
1238 2136 1360 2166 Biz—5
1385 2135 1482 2165 Istuc.
1514 2134 1550 2166 J.
1567 2139 1602 2165 et
1614 2134 1769 2164 Venetus

317 2180 393 2212 cod.
410 2182 497 2211 mihi.
523 2181 678 2211 Fert—o
701 2179 954 2218 Bod1.[etBr.]
981 2180 1025 2209 Ut
1047 2183 1143 2217 grata
1164 2179 1239 2214 sint,
1261 2187 1326 2217 quoe
1353 2177 1431 2207 mihi
1448 2176 1537 2213 ‚facio
1562 2175 1674 2207 omnia.
1718 2175 1769 2206 M.

319 2224 464 2262 Profecto
480 2222 518 2253 ab
530 2223 603 2261 fato
619 2222 707 2252 mihi.
753 2223 937 2262 Eleganter
953 2227 1064 2252 autem
1081 2223 1090 2238 ‘
1105 2222 1220 2251 datum
1232 2219 1241 2233 ’
1257 2220 1458 2260 simpliciter
1473 2219 1612 2256 dicitnr,
1634 2217 1722 2259 quod
1749 2227 1770 2248 a

317 2271 439 2296 natura
458 2274 655 2296 concessum
673 2269 738 2295 est.
768 2265 867 2296 lVest.
913 2265 1060 2302 Profecto
1088 2264 1164 2294 mihi
1189 2267 1221 2293 ut
1245 2266 1340 2301 grata
1366 2261 1431 2292 sint
1458 2271 1526 2301 quoe
1539 2260 1628 2298 facio
1650 2259 1768 2299 omnia]

317 2308 395 2339 Alia
412 2307 589 2338 verborum
607 2307 785 2338 collocatio
803 2308 835 2337 in
853 2317 882 2338 0.
899 2307 919 2337 l.
936 2317 963 2337 S.
988 2313 1023 2337 et
1042 2306 1174 2336 Donato
1192 2305 1375 2342 invenitur,
1398 2305 1461 2334 hoc
1487 2303 1599 2341 modo,
1625 2302 1769 2340 Profecto

316 2354 459 2389 utgrata
476 2350 552 2380 mihi
567 2351 630 2380 sint
657 2359 724 2388 quoe
741 2350 829 2387 facio
856 2350 968 2380 omnia.
993 2349 1051 2380 Fa.
1097 2347 1225 2379 Eodem
1251 2347 1369 2377 ordine
1394 2346 1511 2376 nostri.
1534 2346 1629 2377 Bent.
1673 2345 1768 2375 Male

318 2393 374 2423 alii
393 2402 508 2423 vocem
524 2391 642 2422 ‘milii'
660 2393 836 2422 retrahunt
862 2392 903 2422 ad
929 2393 937 2409 ‘
952 2390 1092 2421 datum!
1116 2391 1193 2430 Bip.
1240 2388 1386 2426 Profecto
1412 2388 1501 2426 mihi,
1523 2391 1558 2418 ut
1585 2387 1649 2418 sint
1671 2390 1770 2426 grata

316 2445 384 2474 (μα’
400 2435 454 2465 ed.
470 2435 660 2474 Πειρη-7
686 2435 757 2465 Rex
772 2436 820 2464 vel
833 2443 951 2473 semper
969 2434 1066 2464 Both.
1111 2434 1147 2464 S.
1170 2432 1246 2463 mihi
1266 2431 1417 2462 maximas
1431 2430 1554 2469 Agebat
1570 2430 1694 2461 Br.—8
1718 2429 1767 2459 M.

319 2477 404 2508 Mihi
423 2477 548 2516 gratias
572 2477 694 2515 agebat.
740 2476 832 2516 Gny.
853 2477 945 2507 delet
967 2475 1005 2506 τὸ
1021 2475 1116 2506 Mihi.
1140 2476 1248 2506 West.
1291 2472 1392 2512 Mihi]
1415 2473 1491 2504 GC.
1513 2472 1646 2511 gratias.
1682 2471 1765 2502 GM.

314 2523 434 2558 grates.
460 2520 651 2550 Fert—10.
670 2522 707 2549 ll
735 2518 823 2553 Quod
839 2519 869 2548 in
885 2523 916 2549 te
931 2522 975 2548 est
992 2517 1095 2555 edidi,
1119 2521 1229 2548 motus
1256 2519 1462 2547 anctoritate
1485 2515 1623 2553 Donati,
1647 2512 1770 2552 Servii,

318 2562 424 2599 Festi,
441 2560 595 2600 Acronis,
612 2561 792 2600 Prisciani,
808 2561 910 2592 Nonii
928 2560 1095 2598 Marcelli,
1117 2560 1174 2590 sed
1202 2565 1236 2589 et
1262 2559 1490 2598 plusculorum
1520 2557 1601 2587 Mas.
1626 2561 1661 2586 et
1677 2555 1766 2586 Edd.

318 2609 470 2635 veterum
487 2610 563 2644 post
585 2613 638 2635 an.
658 2606 751 2634 1469.
796 2603 877 2643 Alii,
901 2604 964 2639 Qui
978 2603 1011 2633 in
1028 2606 1058 2634 te
1074 2605 1130 2634 est.
1176 2603 1270 2635 Quos
1288 2599 1415 2631 refellit
1431 2600 1474 2630 G.
1491 2599 1527 2630 F.
1556 2598 1658 2631 West.
1702 2597 1767 2633 Qui

974 2697 1115 2729 NOTAE

463 2763 499 2793 11
527 2760 597 2792 Rea:
610 2763 639 2791 te
654 2769 726 2800 ergo
743 2761 775 2791 z'n
789 2760 899 2802 oculis]
921 2760 961 2792 ld
978 2766 1041 2802 est,
1063 2760 1193 2802 ingenti
1207 2768 1321 2791 amore
1338 2755 1621 2799 prosequebatur.
