1903 3306
571 273 695 304 Rrvu
731 272 1042 305 cAsTmA'rio.
1441 268 1522 310 131

71 370 288 408 trochaicos
321 375 361 408 et
393 367 578 406 iambicos
612 373 872 413 tetrametros,
905 367 968 404 vix
1003 374 1046 404 ut
1078 366 1293 407 discernere
1327 369 1521 409 interdum

69 434 221 484 possis:
243 432 347 471 unde
366 432 544 469 nimirum
564 433 607 469 fit
623 432 841 482 aliquoties,
861 438 917 478 ut,
938 444 1036 481 quos
1058 431 1154 470 forte
1178 432 1315 483 aliquis
1335 433 1521 472 iambicos

69 509 155 535 esse
175 496 394 542 crediderit,
424 495 539 533 iidem
570 495 754 533 trochaici
788 494 915 532 verius
943 495 1091 533 censeri
1112 502 1270 545 queant.
1329 497 1449 547 Cujus
1468 499 1522 535 rei

69 572 155 598 cum
189 559 265 598 alia
293 559 416 597 multa
435 559 612 610 exempla
632 564 736 605 sunt,
764 566 845 596 tum
865 558 1219 597 commodissimum
1239 559 1354 597 fuerit
1374 573 1420 597 ex
1440 561 1521 597 An-

62 622 166 668 dria,
200 635 319 660 scena
349 622 473 672 prima
503 629 613 660 actus
633 621 783 673 quinti:
814 622 879 659 ubi
900 621 997 660 duos
1019 623 1162 672 primos
1182 635 1330 669 versus,
1362 623 1422 660 vel
1453 637 1520 675 per

71 685 218 723 iambos
240 685 393 736 aliquis,
414 686 473 724 vel
493 698 561 735 per
580 684 773 723 trochaeos
795 685 920 723 metiri
941 686 1078 737 possit,
1099 686 1171 723 nisi
1190 685 1295 736 quod
1314 686 1522 736 insequen—

69 756 128 786 tes
150 761 282 786 versus
302 761 369 798 per
388 748 581 786 trochaeos
603 761 689 786 esse
709 748 926 786 metiendos
948 748 1135 788 indicant.
1192 748 1288 786 Inde
1319 763 1422 787 error
1456 763 1521 788 eo-

71 824 171 858 rum,
198 812 264 862 qui
285 811 471 849 iambicos
489 811 702 862 quadratos
723 824 810 849 esse
832 819 1077 858 annotatam,
1107 826 1194 851 cum
1215 813 1339 864 quivis
1359 826 1436 851 non
1458 826 1522 851 ru·

8 913 11 916 .
70 875 251 913 dissimus
273 875 389 926 plane
405 875 541 913 harum
561 888 686 912 rerum
707 876 921 914 trochaicos
942 889 1028 914 esse
1047 876 1191 915 videat.
1230 877 1305 915 Hic
1324 876 1420 914 illud
1440 877 1521 914 obi·

68 946 140 984 ter,
170 939 343 989 quamvis
373 938 470 984 leve,
501 939 790 977 admonendum
822 948 942 991 puto:
971 940 1062 978 mire
1094 940 1288 978 interdum
1317 940 1441 978 Poeta
1472 940 1521 977 de

70 1002 261 1041 industria
281 1003 514 1041 sententiam
536 1017 676 1054 genere
697 1004 783 1055 ipso
803 1004 912 1042 metri
938 1004 1074 1055 juvare
1100 1004 1278 1042 videtur:
1308 1005 1415 1041 velut
1443 1004 1493 1041 ibi
1512 1017 1521 1041 :

70 1071 79 1087 ‘
99 1065 162 1103 Dii
180 1066 286 1113 boni,
316 1066 407 1104 boni
437 1065 532 1117 quid
561 1067 703 1118 porto?
733 1067 802 1105 sed
835 1067 899 1105 ubi
935 1068 1129 1105 inveniam
1164 1067 1437 1118 Pamphilum?
1470 1067 1522 1104 Ut

70 1136 214 1167 metum
242 1130 281 1167 in
311 1142 389 1180 quo
409 1143 511 1168 nunc
531 1138 592 1168 est
611 1129 793 1177 adimam,
827 1137 943 1182 atque
966 1131 1140 1181 expleam
1162 1131 1330 1169 animum
1353 1131 1523 1181 gaudio‚’

71 1196 145 1230 &c.
202 1192 277 1230 Ubi
309 1192 496 1231 trochaici
530 1193 709 1232 carminis
743 1207 858 1232 cursu
891 1202 930 1232 et
961 1195 1202 1234 volubilitate
1236 1195 1522 1233 festinationem

72 1264 326 1307 repraesentat
346 1257 488 1295 servuli
512 1257 727 1296 insolenter
745 1259 969 1305 exultantis,
990 1267 1029 1297 et
1048 1259 1247 1297 alacritate
1267 1259 1384 1296 nimia
1405 1259 1525 1310 gesti-

73 1322 189 1359 entis.
245 1321 440 1365 Quocirca
458 1322 604 1372 passim
634 1323 841 1369 trochaeos,
871 1323 1098 1369 tribrachos,
1129 1330 1351 1374 anapaestos
1381 1323 1525 1361 admis-

72 1385 178 1422 cuit:
207 1384 328 1437 pedes
343 1385 505 1431 seilicet,
519 1386 657 1436 quibus
679 1386 856 1424 celeritas
875 1387 1102 1437 plerumque
1124 1399 1147 1424 a
1165 1387 1303 1424 ceteris
1324 1387 1413 1424 item
1434 1387 1526 1436 po'e'-

72 1447 122 1485 tis
142 1447 302 1498 exprimi
324 1447 437 1485 solet.
496 1448 677 1486 Similiter
697 1449 736 1486 in
757 1450 948 1487 Eunucho
968 1451 1135 1488 subitum
1156 1463 1356 1500 egressum
1384 1450 1524 1501 puellae

71 1513 304 1562 perturbatae
325 1510 633 1562 celeritateipsa
663 1512 806 1562 pedum
836 1514 1053 1563 expressit:
1082 1514 1147 1551 ubi
1179 1513 1387 1551 Phaedria:
1418 1519 1427 1535 ‘
1447 1514 1523 1552 Sed

71 1575 165 1627 quid
184 1575 260 1613 hoc
280 1575 366 1621 est‚'
385 1575 525 1625 inquit,
545 1580 555 1597 ‘
570 1575 675 1626 quod
694 1575 829 1613 timida
849 1577 976 1613 subito
994 1576 1190 1626 egreditur
1205 1577 1366 1628 Pythias
1379 1576 1406 1613 ’,θ’
1437 1577 1524 1616 Hoc

73 1638 204 1677 dedita
223 1652 341 1689 opera
355 1638 517 1677 Poetam
537 1639 590 1677 ita
610 1640 762 1687 fecisse,
782 1640 843 1678 vel
864 1640 961 1678 illud
983 1641 1126 1678 indicio
1148 1641 1275 1685 fuerit,
1293 1640 1413 1692 quod,
1436 1654 1524 1679 cum

71 1703 188 1740 ceteri
208 1702 322 1753 hujus
342 1715 472 1741 scenae
490 1716 625 1741 versus
659 1703 814 1741 iambici
846 1704 937 1750 sint,
965 1717 1067 1741 unus
1089 1704 1152 1742 hic
1172 1705 1342 1742 trimeter
1360 1704 1526 1742 trochai-

72 1778 141 1804 cus
162 1778 248 1804 esse
268 1765 458 1804 videatur.
516 1766 565 1804 Et
597 1766 741 1818 alioqui
773 1767 873 1805 solet
892 1768 1086 1805 interdum
1107 1768 1229 1806 Poeta
1247 1775 1396 1806 mutare
1417 1769 1526 1806 metri

72 1841 211 1879 genus,
242 1840 330 1866 cum
349 1835 508 1866 ventum
528 1835 588 1867 est
608 1829 657 1867 ad
684 1833 921 1881 παρασκευὴν
943 1843 1074 1869 scenae
1095 1832 1320 1883 sequentis:
1349 1831 1455 1870 velut
1485 1831 1524 1869 in

73 1891 175 1930 And.
197 1898 272 1929 act.
295 1905 326 1931 1.
348 1905 467 1930 scena
488 1895 523 1931 3.
559 1900 598 1932 et
625 1907 757 1932 rursus
778 1902 854 1933 act.
879 1908 950 1934 111.
971 1908 1089 1933 scena
1107 1899 1145 1934 4.
1204 1896 1347 1933 Iterum
1367 1903 1444 1933 act.
1467 1908 1524 1933 Π.

73 1968 192 1994 scena
215 1958 249 1994 1.
284 1957 328 1994 In
349 1955 506 2008 Hecyra
523 1964 599 1995 act.
615 1970 686 1996 111.
709 1971 827 1996 scena
848 1961 883 1997 3.
928 1959 1124 1997 Praeterea
1143 1959 1181 1996 in
1202 1959 1359 1996 Phorm.
1381 1965 1455 1996 act.
1473 1971 1524 1996 11.

74 2022 249 2073 scenaq2.
307 2020 372 2058 Sic
393 2020 490 2058 alias
511 2034 629 2073 sae-pe.
689 2022 781 2061 Tale
802 2023 899 2061 illud
917 2035 1072 2073 quoque
1101 2036 1147 2060 ex
1176 2022 1391 2073 Adelphis:
1424 2026 1433 2043 ‘
1450 2022 1526 2059 Ce-

73 2090 176 2121 teros
195 2097 358 2131 ruerem,
382 2096 547 2135 agerem,
575 2099 763 2136 raperem,
792 2087 1010 2132 tunderem,
1031 2093 1070 2123 et
1087 2086 1396 2137 prosternerem.’
1450 2086 1525 2124 Cui

73 2153 134 2184 est
153 2146 310 2198 aliquod
333 2147 481 2185 aurium
504 2148 711 2199 judicium,
744 2151 776 2187 is
808 2149 920 2187 facile
953 2151 1105 2196 sentiet,
1139 2163 1208 2188 cur
1236 2150 1286 2187 sit
1305 2150 1428 2188 Poeta
1447 2156 1524 2188 tro-

74 2209 209 2248 chaico
241 2223 338 2248 usus
369 2210 578 2250 hocloco:
607 2212 786 2249 nimirum
818 2218 863 2249 ut
895 2225 1053 2250 sensum
1077 2212 1247 2263 quodam
1266 2213 1386 2252 veluti
1407 2226 1524 2250 cursu

75 2272 217 2323 pedum
242 2273 404 2312 citorum
432 2274 613 2324 juvaret:
643 2275 750 2325 quod
784 2282 824 2314 et
854 2276 1066 2328 principem
1098 2279 1299 2328 poetarum
1319 2276 1525 2326 Virgilium

75 2349 179 2387 saepe
198 2336 400 2374 factitasse
420 2334 588 2375 constat.
644 2338 760 2384 Nam,
792 2345 836 2376 ut
853 2339 1076 2378 tarditatem
1103 2340 1155 2378 rei
1177 2340 1523 2391 difficultatemque

75 2400 283 2450 exprimere
302 2412 391 2438 cum
410 2399 505 2447 vult,
525 2402 668 2440 crebris
689 2402 887 2452 spondaeis
899 2416 909 2446 ;
930 2403 999 2450 ita,
1020 2417 1107 2442 cum
1129 2404 1363 2442 celeritatem
1385 2410 1424 2440 et
1442 2401 1524 2440 vel-

74 2469 118 2500 ut
135 2463 319 2513 impetum
340 2469 380 2501 et
396 2463 699 2511 festinationem,
721 2466 885 2518 dactylis
905 2467 1173 2518 frequentibus
1193 2467 1326 2505 utitur.
1380 2465 1523 2503 Prioris
1552 2496 1554 2498 .

75 2526 293 2577 exemplum
324 2527 422 2565 illud
453 2534 513 2566 est
530 2542 577 2566 ex
597 2530 709 2568 tertio
730 2530 914 2568 AEneidos
933 2543 942 2568 z
973 2536 982 2552 ‘
1000 2531 1143 2568 Annixi
1164 2536 1346 2581 torquent
1365 2543 1523 2581 spumas

76 2596 115 2628 et
133 2590 481 2642 coerulayerruntf
535 2592 764 2632 Posterioris
785 2594 880 2632 illud
901 2608 947 2632 ex
968 2602 1128 2645 quarto:
1160 2599 1169 2615 ‘
1189 2594 1298 2633 Idem
1317 2607 1451 2632 omnes
1473 2594 1524 2631 si-

76 2653 156 2691 mul
186 2653 300 2691 ardor
326 2653 456 2702 habet,
491 2657 724 2708 rapiuntque
755 2665 963 2709 ruuntque.
1021 2659 1167 2697 Littora
1190 2657 1420 2703 deseruere,’
1449 2659 1523 2695 &c-

79 2716 155 2754 Sed
175 2717 288 2755 nimis
308 2718 446 2764 multa,
476 2719 523 2758 de
553 2733 593 2758 re
625 2723 838 2773 praesertim
870 2723 957 2761 levi.
1015 2722 1249 2760 Observabit
1266 2721 1350 2758 haec
1371 2720 1522 2770 aliaque

41 2795 44 2797 “
78 2778 116 2816 id
138 2793 260 2831 genus
276 2794 344 2832 per
364 2795 404 2821 se
432 2783 514 2834 ipse
534 2784 655 2823 lector
673 2785 887 2825 studiosus.
944 2785 1046 2824 Illud
1067 2799 1142 2824 non
1164 2784 1435 2836 ignorandum,
1457 2796 1521 2821 co-
