<?xml version="1.0" encoding="UTF-8"?>
<!DOCTYPE html PUBLIC "-//W3C//DTD XHTML 1.0 Transitional//EN"
    "http://www.w3.org/TR/xhtml1/DTD/xhtml1-transitional.dtd">
<html xmlns="http://www.w3.org/1999/xhtml" xml:lang="en" lang="en">
 <head>
  <title>
</title>
<meta http-equiv="Content-Type" content="text/html;charset=utf-8" />
  <meta name='ocr-system' content='tesseract 3.04.00' />
  <meta name='ocr-capabilities' content='ocr_page ocr_carea ocr_par ocr_line ocrx_word'/>
</head>
<body>
  <div class='ocr_page' id='page_1' title='image "./pubterentiiafric01tereuoft_0373.png"; bbox 0 0 1903 3306; ppageno 0'>
   <div class='ocr_carea' id='block_1_1' title="bbox 495 238 1542 281">
    <p class='ocr_par' dir='ltr' id='par_1_1' title="bbox 495 238 1542 281">
     <span class='ocr_line' id='line_1_1' title="bbox 495 238 1542 281; baseline -0.002 -1"><span class='ocrx_word' id='word_1_1' title='bbox 495 251 702 281; x_wconf 59' lang='lat' dir='ltr'>ANDRJAE</span> <span class='ocrx_word' id='word_1_2' title='bbox 736 250 842 279; x_wconf 76' lang='lat' dir='ltr'>ACT.</span> <span class='ocrx_word' id='word_1_3' title='bbox 875 249 938 278; x_wconf 76' lang='lat' dir='ltr'>iv.</span> <span class='ocrx_word' id='word_1_4' title='bbox 972 249 1040 278; x_wconf 81' lang='lat' dir='ltr'>sc.</span> <span class='ocrx_word' id='word_1_5' title='bbox 1076 249 1141 278; x_wconf 81' lang='lat' dir='ltr'>iv.</span> <span class='ocrx_word' id='word_1_6' title='bbox 1457 238 1542 279; x_wconf 79' lang='lat'>363</span> 
     </span>
    </p>
   </div>
   <div class='ocr_carea' id='block_1_2' title="bbox 95 344 1554 1066">
    <p class='ocr_par' dir='ltr' id='par_1_2' title="bbox 96 344 1260 399">
     <span class='ocr_line' id='line_1_2' title="bbox 96 344 1260 399; baseline -0.004 -13"><span class='ocrx_word' id='word_1_7' title='bbox 96 345 207 386; x_wconf 89' lang='lat' dir='ltr'>Cum</span> <span class='ocrx_word' id='word_1_8' title='bbox 229 346 275 386; x_wconf 91' lang='lat' dir='ltr'>in</span> <span class='ocrx_word' id='word_1_9' title='bbox 294 345 515 399; x_wconf 83' lang='lat' dir='ltr'>pariundo</span> <span class='ocrx_word' id='word_1_10' title='bbox 537 345 708 399; x_wconf 82' lang='lat' dir='ltr'>aliquot</span> <span class='ocrx_word' id='word_1_11' title='bbox 729 344 943 385; x_wconf 85' lang='lat' dir='ltr'>affuerunt</span> <span class='ocrx_word' id='word_1_12' title='bbox 962 344 1125 383; x_wconf 77' lang='lat' dir='ltr'>liberae.</span> <span class='ocrx_word' id='word_1_13' title='bbox 1211 349 1260 391; x_wconf 25' lang='lat' dir='ltr'>ri«</span> 
     </span>
    </p>

    <p class='ocr_par' dir='ltr' id='par_1_3' title="bbox 96 408 1458 469">
     <span class='ocr_line' id='line_1_3' title="bbox 96 408 1458 469; baseline -0.002 -17"><span class='ocrx_word' id='word_1_14' title='bbox 96 412 189 454; x_wconf 89' lang='lat' dir='ltr'>DA.</span> <span class='ocrx_word' id='word_1_15' title='bbox 222 412 308 454; x_wconf 79' lang='lat' dir='ltr'>Nae</span> <span class='ocrx_word' id='word_1_16' title='bbox 329 412 405 453; x_wconf 85' lang='lat' dir='ltr'>illa</span> <span class='ocrx_word' id='word_1_17' title='bbox 424 413 551 469; x_wconf 81' lang='lat' dir='ltr'>illum</span> <span class='ocrx_word' id='word_1_18' title='bbox 570 412 687 453; x_wconf 82' lang='lat' dir='ltr'>haud</span> <span class='ocrx_word' id='word_1_19' title='bbox 708 412 844 461; x_wconf 88' lang='lat' dir='ltr'>novit,</span> <span class='ocrx_word' id='word_1_20' title='bbox 876 411 1003 465; x_wconf 88' lang='lat' dir='ltr'>cujus</span> <span class='ocrx_word' id='word_1_21' title='bbox 1026 422 1165 451; x_wconf 85' lang='lat' dir='ltr'>causa</span> <span class='ocrx_word' id='word_1_22' title='bbox 1181 409 1277 450; x_wconf 84' lang='lat' dir='ltr'>haec</span> <span class='ocrx_word' id='word_1_23' title='bbox 1293 408 1458 462; x_wconf 81' lang='lat' dir='ltr'>incipit.</span> 
     </span>
    </p>

    <p class='ocr_par' dir='ltr' id='par_1_4' title="bbox 95 476 1259 532">
     <span class='ocr_line' id='line_1_4' title="bbox 95 476 1259 532; baseline -0.003 -13"><span class='ocrx_word' id='word_1_24' title='bbox 95 478 321 528; x_wconf 83' lang='lat' dir='ltr'><strong>Chremes,</strong></span> <span class='ocrx_word' id='word_1_25' title='bbox 343 479 381 519; x_wconf 89' lang='lat' dir='ltr'>si</span> <span class='ocrx_word' id='word_1_26' title='bbox 403 479 599 532; x_wconf 86' lang='lat' dir='ltr'>positum</span> <span class='ocrx_word' id='word_1_27' title='bbox 622 493 802 532; x_wconf 87' lang='lat' dir='ltr'>puerum</span> <span class='ocrx_word' id='word_1_28' title='bbox 823 484 923 519; x_wconf 81' lang='lat' dir='ltr'>ante</span> <span class='ocrx_word' id='word_1_29' title='bbox 945 477 1066 518; x_wconf 76' lang='lat' dir='ltr'>aedes</span> <span class='ocrx_word' id='word_1_30' title='bbox 1084 476 1259 526; x_wconf 83' lang='lat' dir='ltr'>viderit,</span> 
     </span>
    </p>

    <p class='ocr_par' dir='ltr' id='par_1_5' title="bbox 96 543 1547 606">
     <span class='ocr_line' id='line_1_5' title="bbox 96 543 1547 606; baseline -0.002 -21"><span class='ocrx_word' id='word_1_31' title='bbox 96 544 230 586; x_wconf 83' lang='lat' dir='ltr'>Suam</span> <span class='ocrx_word' id='word_1_32' title='bbox 250 550 426 598; x_wconf 85' lang='lat' dir='ltr'>gnatam</span> <span class='ocrx_word' id='word_1_33' title='bbox 447 559 532 587; x_wconf 90' lang='lat' dir='ltr'>non</span> <span class='ocrx_word' id='word_1_34' title='bbox 554 546 678 587; x_wconf 86' lang='lat' dir='ltr'>dabit</span> <span class='ocrx_word' id='word_1_35' title='bbox 696 554 712 606; x_wconf 58' lang='grc' dir='ltr'><em>ἵ</em></span> <span class='ocrx_word' id='word_1_36' title='bbox 735 550 856 605; x_wconf 59' lang='lat' dir='ltr'>Qp</span> <span class='ocrx_word' id='word_1_37' title='bbox 881 545 1028 586; x_wconf 88' lang='lat' dir='ltr'>hercle</span> <span class='ocrx_word' id='word_1_38' title='bbox 1049 545 1187 597; x_wconf 81' lang='lat' dir='ltr'>magis</span> <span class='ocrx_word' id='word_1_39' title='bbox 1205 544 1346 585; x_wconf 87' lang='lat' dir='ltr'>dabit.</span> <span class='ocrx_word' id='word_1_40' title='bbox 1490 543 1547 582; x_wconf 82' lang='lat'>35</span> 
     </span>
    </p>

    <p class='ocr_par' dir='ltr' id='par_1_6' title="bbox 97 610 1546 660">
     <span class='ocr_line' id='line_1_6' title="bbox 97 610 1546 660; baseline -0.001 -9"><span class='ocrx_word' id='word_1_41' title='bbox 97 611 186 652; x_wconf 81' lang='lat' dir='ltr'>CH.</span> <span class='ocrx_word' id='word_1_42' title='bbox 216 612 325 653; x_wconf 90' lang='lat' dir='ltr'>Non</span> <span class='ocrx_word' id='word_1_43' title='bbox 345 613 490 653; x_wconf 86' lang='lat' dir='ltr'>hercle</span> <span class='ocrx_word' id='word_1_44' title='bbox 510 613 656 654; x_wconf 85' lang='lat' dir='ltr'>faciet.</span> <span class='ocrx_word' id='word_1_45' title='bbox 720 613 811 653; x_wconf 86' lang='lat' dir='ltr'>DA.</span> <span class='ocrx_word' id='word_1_46' title='bbox 845 613 976 654; x_wconf 86' lang='lat' dir='ltr'>Nunc</span> <span class='ocrx_word' id='word_1_47' title='bbox 998 612 1126 660; x_wconf 82' lang='lat' dir='ltr'>adeo,</span> <span class='ocrx_word' id='word_1_48' title='bbox 1162 617 1211 651; x_wconf 81' lang='lat' dir='ltr'>ut</span> <span class='ocrx_word' id='word_1_49' title='bbox 1232 615 1279 652; x_wconf 88' lang='lat' dir='ltr'>tu</span> <span class='ocrx_word' id='word_1_50' title='bbox 1301 611 1364 652; x_wconf 87' lang='lat' dir='ltr'>sis</span> <span class='ocrx_word' id='word_1_51' title='bbox 1387 610 1546 659; x_wconf 76' lang='lat' dir='ltr'>scie-ns,</span> 
     </span>
    </p>

    <p class='ocr_par' dir='ltr' id='par_1_7' title="bbox 96 678 1309 733">
     <span class='ocr_line' id='line_1_7' title="bbox 96 678 1309 733; baseline -0.002 -13"><span class='ocrx_word' id='word_1_52' title='bbox 96 678 201 720; x_wconf 87' lang='lat' dir='ltr'>Nisi</span> <span class='ocrx_word' id='word_1_53' title='bbox 220 692 403 733; x_wconf 88' lang='lat' dir='ltr'>puerum</span> <span class='ocrx_word' id='word_1_54' title='bbox 420 680 548 729; x_wconf 76' lang='lat' dir='ltr'>tollis,</span> <span class='ocrx_word' id='word_1_55' title='bbox 561 679 656 732; x_wconf 87' lang='lat' dir='ltr'>jam</span> <span class='ocrx_word' id='word_1_56' title='bbox 677 693 757 732; x_wconf 84' lang='lat' dir='ltr'>ego</span> <span class='ocrx_word' id='word_1_57' title='bbox 780 680 892 721; x_wconf 90' lang='lat' dir='ltr'>hunc</span> <span class='ocrx_word' id='word_1_58' title='bbox 912 680 958 720; x_wconf 89' lang='lat' dir='ltr'>in</span> <span class='ocrx_word' id='word_1_59' title='bbox 978 680 1169 720; x_wconf 85' lang='lat' dir='ltr'>mediam</span> <span class='ocrx_word' id='word_1_60' title='bbox 1190 679 1309 720; x_wconf 79' lang='lat' dir='ltr'>viam</span> 
     </span>
    </p>

    <p class='ocr_par' dir='ltr' id='par_1_8' title="bbox 98 745 1196 800">
     <span class='ocr_line' id='line_1_8' title="bbox 98 745 1196 800; baseline -0.002 -14"><span class='ocrx_word' id='word_1_61' title='bbox 98 745 388 787; x_wconf 87' lang='lat' dir='ltr'>Provolvam:</span> <span class='ocrx_word' id='word_1_62' title='bbox 420 750 546 800; x_wconf 87' lang='lat' dir='ltr'>teque</span> <span class='ocrx_word' id='word_1_63' title='bbox 567 747 729 787; x_wconf 85' lang='lat' dir='ltr'>ibidem</span> <span class='ocrx_word' id='word_1_64' title='bbox 750 748 1006 800; x_wconf 81' lang='lat' dir='ltr'>pervolvam</span> <span class='ocrx_word' id='word_1_65' title='bbox 1028 748 1070 787; x_wconf 82' lang='lat' dir='ltr'>in</span> <span class='ocrx_word' id='word_1_66' title='bbox 1088 747 1196 787; x_wconf 90' lang='lat' dir='ltr'>luto.</span> 
     </span>
    </p>

    <p class='ocr_par' dir='ltr' id='par_1_9' title="bbox 99 813 1370 867">
     <span class='ocr_line' id='line_1_9' title="bbox 99 813 1370 867; baseline 0 -13"><span class='ocrx_word' id='word_1_67' title='bbox 99 813 203 854; x_wconf 88' lang='lat' dir='ltr'>MY.</span> <span class='ocrx_word' id='word_1_68' title='bbox 234 814 303 854; x_wconf 91' lang='lat' dir='ltr'>Tu</span> <span class='ocrx_word' id='word_1_69' title='bbox 325 815 416 867; x_wconf 92' lang='lat' dir='ltr'>pol,</span> <span class='ocrx_word' id='word_1_70' title='bbox 435 814 585 864; x_wconf 78' lang='lat' dir='ltr'>horno,</span> <span class='ocrx_word' id='word_1_71' title='bbox 607 828 695 855; x_wconf 90' lang='lat' dir='ltr'>non</span> <span class='ocrx_word' id='word_1_72' title='bbox 718 828 765 855; x_wconf 88' lang='lat' dir='ltr'>es</span> <span class='ocrx_word' id='word_1_73' title='bbox 785 815 977 855; x_wconf 85' lang='lat' dir='ltr'>sobrius.</span> <span class='ocrx_word' id='word_1_74' title='bbox 1039 814 1133 855; x_wconf 79' lang='lat' dir='ltr'>DA.</span> <span class='ocrx_word' id='word_1_75' title='bbox 1164 813 1370 854; x_wconf 81' lang='lat' dir='ltr'>Fallacia</span> 
     </span>
    </p>

    <p class='ocr_par' dir='ltr' id='par_1_10' title="bbox 98 878 1550 938">
     <span class='ocr_line' id='line_1_10' title="bbox 98 878 1550 938; baseline -0.001 -18"><span class='ocrx_word' id='word_1_76' title='bbox 98 878 203 920; x_wconf 85' lang='lat' dir='ltr'>Alia</span> <span class='ocrx_word' id='word_1_77' title='bbox 223 880 353 920; x_wconf 85' lang='lat' dir='ltr'>aliam</span> <span class='ocrx_word' id='word_1_78' title='bbox 374 882 538 922; x_wconf 81' lang='lat' dir='ltr'>trudit:</span> <span class='ocrx_word' id='word_1_79' title='bbox 565 880 660 934; x_wconf 83' lang='lat' dir='ltr'>jam</span> <span class='ocrx_word' id='word_1_80' title='bbox 683 881 903 938; x_wconf 79' lang='lat' dir='ltr'>susurrari</span> <span class='ocrx_word' id='word_1_81' title='bbox 925 881 1073 930; x_wconf 81' lang='lat' dir='ltr'>audio,</span> <span class='ocrx_word' id='word_1_82' title='bbox 1494 880 1550 919; x_wconf 76' lang='lat'>40</span> 
     </span>
    </p>

    <p class='ocr_par' dir='ltr' id='par_1_11' title="bbox 100 945 1554 1066">
     <span class='ocr_line' id='line_1_11' title="bbox 100 945 1554 989; baseline 0.001 -3"><span class='ocrx_word' id='word_1_83' title='bbox 100 945 252 987; x_wconf 85' lang='lat' dir='ltr'><strong>Civem</strong></span> <span class='ocrx_word' id='word_1_84' title='bbox 272 946 470 989; x_wconf 83' lang='lat' dir='ltr'>Atticam</span> <span class='ocrx_word' id='word_1_85' title='bbox 500 961 600 989; x_wconf 83' lang='lat' dir='ltr'>esse</span> <span class='ocrx_word' id='word_1_86' title='bbox 632 949 757 989; x_wconf 85' lang='lat' dir='ltr'>hanc.</span> <span class='ocrx_word' id='word_1_87' title='bbox 818 948 907 988; x_wconf 82' lang='lat' dir='ltr'>CH.</span> <span class='ocrx_word' id='word_1_88' title='bbox 943 948 1084 988; x_wconf 88' lang='lat' dir='ltr'>Hem!</span> <span class='ocrx_word' id='word_1_89' title='bbox 1146 948 1237 988; x_wconf 83' lang='lat' dir='ltr'>DA.</span> <span class='ocrx_word' id='word_1_90' title='bbox 1275 946 1470 988; x_wconf 84' lang='lat' dir='ltr'>Coactus</span> <span class='ocrx_word' id='word_1_91' title='bbox 1489 946 1554 987; x_wconf 84' lang='lat' dir='ltr'>le-</span> 
     </span>
     <span class='ocr_line' id='line_1_12' title="bbox 269 1014 399 1066; baseline 0.015 -13"><span class='ocrx_word' id='word_1_92' title='bbox 269 1014 399 1066; x_wconf 87' lang='lat' dir='ltr'><strong>gibus</strong></span> 
     </span>
    </p>
   </div>
   <div class='ocr_carea' id='block_1_3' title="bbox 94 1152 1555 1536">
    <p class='ocr_par' dir='ltr' id='par_1_12' title="bbox 94 1152 1555 1536">
     <span class='ocr_line' id='line_1_13' title="bbox 99 1152 1551 1196; baseline -0.001 -13"><span class='ocrx_word' id='word_1_93' title='bbox 99 1152 216 1193; x_wconf 75' lang='lat' dir='ltr'>aliquot</span> <span class='ocrx_word' id='word_1_94' title='bbox 230 1153 390 1194; x_wconf 81' lang='lat' dir='ltr'>affiaerunt</span> <span class='ocrx_word' id='word_1_95' title='bbox 412 1154 518 1186; x_wconf 83' lang='lat' dir='ltr'>liherae</span> <span class='ocrx_word' id='word_1_96' title='bbox 540 1159 699 1195; x_wconf 81' lang='lat' dir='ltr'>matronoe,</span> <span class='ocrx_word' id='word_1_97' title='bbox 723 1155 832 1195; x_wconf 81' lang='lat' dir='ltr'>quibus</span> <span class='ocrx_word' id='word_1_98' title='bbox 853 1156 936 1186; x_wconf 77' lang='lat' dir='ltr'>credi</span> <span class='ocrx_word' id='word_1_99' title='bbox 951 1159 1081 1196; x_wconf 79' lang='lat' dir='ltr'>oportet.</span> <span class='ocrx_word' id='word_1_100' title='bbox 1129 1157 1198 1188; x_wconf 72' lang='lat' dir='ltr'>DA.</span> <span class='ocrx_word' id='word_1_101' title='bbox 1225 1157 1366 1195; x_wconf 79' lang='lat' dir='ltr'>Profecto</span> <span class='ocrx_word' id='word_1_102' title='bbox 1380 1155 1436 1186; x_wconf 84' lang='lat' dir='ltr'>illa</span> <span class='ocrx_word' id='word_1_103' title='bbox 1455 1154 1551 1184; x_wconf 82' lang='lat' dir='ltr'>Chre-</span> 
     </span>
     <span class='ocr_line' id='line_1_14' title="bbox 100 1197 1553 1238; baseline 0 -13"><span class='ocrx_word' id='word_1_104' title='bbox 100 1200 210 1226; x_wconf 78' lang='lat' dir='ltr'>metem</span> <span class='ocrx_word' id='word_1_105' title='bbox 225 1206 284 1227; x_wconf 82' lang='lat' dir='ltr'>non</span> <span class='ocrx_word' id='word_1_106' title='bbox 301 1199 397 1236; x_wconf 76' lang='lat' dir='ltr'>norit,</span> <span class='ocrx_word' id='word_1_107' title='bbox 409 1202 537 1238; x_wconf 81' lang='lat' dir='ltr'>propter</span> <span class='ocrx_word' id='word_1_108' title='bbox 551 1208 640 1238; x_wconf 83' lang='lat' dir='ltr'>quem</span> <span class='ocrx_word' id='word_1_109' title='bbox 662 1200 740 1229; x_wconf 82' lang='lat' dir='ltr'>hunc</span> <span class='ocrx_word' id='word_1_110' title='bbox 753 1199 918 1236; x_wconf 74' lang='lat' dir='ltr'>j&#39;allacz&#39;am</span> <span class='ocrx_word' id='word_1_111' title='bbox 939 1199 1135 1238; x_wconf 76' lang='lat' dir='ltr'>aggreditur.</span> <span class='ocrx_word' id='word_1_112' title='bbox 1181 1199 1219 1230; x_wconf 69' lang='lat' dir='ltr'>Sa·</span> <span class='ocrx_word' id='word_1_113' title='bbox 1244 1200 1391 1229; x_wconf 80' lang='lat' dir='ltr'>Chremes</span> <span class='ocrx_word' id='word_1_114' title='bbox 1413 1197 1475 1238; x_wconf 79' lang='lat' dir='ltr'>(ita</span> <span class='ocrx_word' id='word_1_115' title='bbox 1497 1197 1553 1226; x_wconf 78' lang='lat' dir='ltr'>illa</span> 
     </span>
     <span class='ocr_line' id='line_1_15' title="bbox 99 1237 1553 1282; baseline 0.001 -15"><span class='ocrx_word' id='word_1_116' title='bbox 99 1237 235 1280; x_wconf 80' lang='lat' dir='ltr'>cogitat)</span> <span class='ocrx_word' id='word_1_117' title='bbox 249 1240 382 1278; x_wconf 79' lang='lat' dir='ltr'>positum</span> <span class='ocrx_word' id='word_1_118' title='bbox 399 1250 525 1280; x_wconf 82' lang='lat' dir='ltr'>puerum</span> <span class='ocrx_word' id='word_1_119' title='bbox 541 1245 613 1271; x_wconf 80' lang='lat' dir='ltr'>ante</span> <span class='ocrx_word' id='word_1_120' title='bbox 627 1243 740 1271; x_wconf 81' lang='lat' dir='ltr'>ostium</span> <span class='ocrx_word' id='word_1_121' title='bbox 756 1241 892 1271; x_wconf 77' lang='lat' dir='ltr'>Simonis</span> <span class='ocrx_word' id='word_1_122' title='bbox 907 1242 1035 1280; x_wconf 78' lang='lat' dir='ltr'>viderit,</span> <span class='ocrx_word' id='word_1_123' title='bbox 1055 1252 1115 1272; x_wconf 81' lang='lat' dir='ltr'>non</span> <span class='ocrx_word' id='word_1_124' title='bbox 1138 1242 1223 1272; x_wconf 82' lang='lat' dir='ltr'>dabit</span> <span class='ocrx_word' id='word_1_125' title='bbox 1230 1242 1337 1282; x_wconf 84' lang='lat' dir='ltr'>filiam</span> <span class='ocrx_word' id='word_1_126' title='bbox 1351 1250 1437 1271; x_wconf 81' lang='lat' dir='ltr'>suam</span> <span class='ocrx_word' id='word_1_127' title='bbox 1456 1240 1553 1270; x_wconf 88' lang='lat' dir='ltr'>Pam·</span> 
     </span>
     <span class='ocr_line' id='line_1_16' title="bbox 97 1279 1554 1323; baseline 0.001 -13"><span class='ocrx_word' id='word_1_128' title='bbox 97 1279 196 1319; x_wconf 78' lang='lat' dir='ltr'>philo.</span> <span class='ocrx_word' id='word_1_129' title='bbox 241 1281 353 1320; x_wconf 88' lang='lat' dir='ltr'>Immo,</span> <span class='ocrx_word' id='word_1_130' title='bbox 368 1292 424 1322; x_wconf 83' lang='lat' dir='ltr'>ego</span> <span class='ocrx_word' id='word_1_131' title='bbox 439 1284 511 1321; x_wconf 85' lang='lat' dir='ltr'>az&#39;o;</span> <span class='ocrx_word' id='word_1_132' title='bbox 536 1287 623 1314; x_wconf 85' lang='lat' dir='ltr'>tanto</span> <span class='ocrx_word' id='word_1_133' title='bbox 645 1285 757 1322; x_wconf 79' lang='lat' dir='ltr'>mag-is,</span> <span class='ocrx_word' id='word_1_134' title='bbox 776 1293 832 1323; x_wconf 82' lang='lat' dir='ltr'>per</span> <span class='ocrx_word' id='word_1_135' title='bbox 848 1284 1028 1323; x_wconf 77' lang='lat' dir='ltr'>Herculem,</span> <span class='ocrx_word' id='word_1_136' title='bbox 1043 1285 1071 1315; x_wconf 79' lang='lat' dir='ltr'>ei</span> <span class='ocrx_word' id='word_1_137' title='bbox 1085 1284 1182 1315; x_wconf 76' lang='lat' dir='ltr'>(labit.</span> <span class='ocrx_word' id='word_1_138' title='bbox 1227 1284 1295 1315; x_wconf 78' lang='lat' dir='ltr'>Cn.</span> <span class='ocrx_word' id='word_1_139' title='bbox 1314 1284 1387 1314; x_wconf 83' lang='lat' dir='ltr'>Non</span> <span class='ocrx_word' id='word_1_140' title='bbox 1399 1292 1454 1323; x_wconf 82' lang='lat' dir='ltr'>per</span> <span class='ocrx_word' id='word_1_141' title='bbox 1470 1281 1554 1312; x_wconf 83' lang='lat' dir='ltr'>Her-</span> 
     </span>
     <span class='ocr_line' id='line_1_17' title="bbox 100 1323 1554 1366; baseline 0.001 -14"><span class='ocrx_word' id='word_1_142' title='bbox 100 1323 197 1353; x_wconf 83' lang='lat' dir='ltr'>culem</span> <span class='ocrx_word' id='word_1_143' title='bbox 212 1323 245 1354; x_wconf 77' lang='lat' dir='ltr'>id</span> <span class='ocrx_word' id='word_1_144' title='bbox 252 1323 367 1361; x_wconf 80' lang='lat' dir='ltr'>faciet.</span> <span class='ocrx_word' id='word_1_145' title='bbox 412 1326 483 1356; x_wconf 78' lang='lat' dir='ltr'>DA.</span> <span class='ocrx_word' id='word_1_146' title='bbox 508 1326 600 1356; x_wconf 81' lang='lat' dir='ltr'>Nunc</span> <span class='ocrx_word' id='word_1_147' title='bbox 615 1326 710 1357; x_wconf 82' lang='lat' dir='ltr'>etiam</span> <span class='ocrx_word' id='word_1_148' title='bbox 725 1330 759 1356; x_wconf 81' lang='lat' dir='ltr'>ut</span> <span class='ocrx_word' id='word_1_149' title='bbox 775 1326 867 1363; x_wconf 79' lang='lat' dir='ltr'>scias,</span> <span class='ocrx_word' id='word_1_150' title='bbox 881 1326 908 1356; x_wconf 86' lang='lat' dir='ltr'>sz&#39;</span> <span class='ocrx_word' id='word_1_151' title='bbox 929 1327 1008 1357; x_wconf 83' lang='lat' dir='ltr'>hunc</span> <span class='ocrx_word' id='word_1_152' title='bbox 1019 1336 1148 1366; x_wconf 78' lang='lat' dir='ltr'>puerum</span> <span class='ocrx_word' id='word_1_153' title='bbox 1163 1327 1234 1357; x_wconf 79' lang='lat' dir='ltr'>hinc</span> <span class='ocrx_word' id='word_1_154' title='bbox 1245 1337 1305 1357; x_wconf 77' lang='lat' dir='ltr'>non</span> <span class='ocrx_word' id='word_1_155' title='bbox 1320 1324 1554 1365; x_wconf 71' lang='lat' dir='ltr'>ex1201·tas‚j111n</span> 
     </span>
     <span class='ocr_line' id='line_1_18' title="bbox 100 1367 1554 1409; baseline 0.001 -15"><span class='ocrx_word' id='word_1_156' title='bbox 100 1374 182 1395; x_wconf 79' lang='lat' dir='ltr'>nunc</span> <span class='ocrx_word' id='word_1_157' title='bbox 195 1374 251 1404; x_wconf 85' lang='lat' dir='ltr'>ego</span> <span class='ocrx_word' id='word_1_158' title='bbox 266 1376 333 1397; x_wconf 80' lang='lat' dir='ltr'>eum</span> <span class='ocrx_word' id='word_1_159' title='bbox 353 1368 386 1397; x_wconf 77' lang='lat' dir='ltr'>in</span> <span class='ocrx_word' id='word_1_160' title='bbox 408 1368 540 1398; x_wconf 85' lang='lat' dir='ltr'>mediam</span> <span class='ocrx_word' id='word_1_161' title='bbox 555 1368 635 1399; x_wconf 73' lang='lat' dir='ltr'>viam</span> <span class='ocrx_word' id='word_1_162' title='bbox 650 1370 793 1399; x_wconf 75' lang='lat' dir='ltr'>volvendo</span> <span class='ocrx_word' id='word_1_163' title='bbox 807 1369 999 1408; x_wconf 83' lang='lat' dir='ltr'>protrudam,</span> <span class='ocrx_word' id='word_1_164' title='bbox 1020 1373 1108 1409; x_wconf 82' lang='lat' dir='ltr'>teque</span> <span class='ocrx_word' id='word_1_165' title='bbox 1122 1369 1236 1400; x_wconf 81' lang='lat' dir='ltr'><em>ibidem</em></span> <span class='ocrx_word' id='word_1_166' title='bbox 1247 1369 1372 1399; x_wconf 81' lang='lat' dir='ltr'>versabo</span> <span class='ocrx_word' id='word_1_167' title='bbox 1385 1367 1554 1408; x_wconf 78' lang='lat' dir='ltr'>plurimum</span> 
     </span>
     <span class='ocr_line' id='line_1_19' title="bbox 101 1407 1554 1450; baseline 0 -13"><span class='ocrx_word' id='word_1_168' title='bbox 101 1407 136 1437; x_wconf 82' lang='lat' dir='ltr'>in</span> <span class='ocrx_word' id='word_1_169' title='bbox 151 1408 226 1438; x_wconf 82' lang='lat' dir='ltr'>luto.</span> <span class='ocrx_word' id='word_1_170' title='bbox 271 1409 348 1440; x_wconf 81' lang='lat' dir='ltr'>MY.</span> <span class='ocrx_word' id='word_1_171' title='bbox 371 1410 417 1441; x_wconf 89' lang='grc' dir='ltr'>Τιι</span> <span class='ocrx_word' id='word_1_172' title='bbox 429 1411 481 1450; x_wconf 86' lang='lat' dir='ltr'>pol</span> <span class='ocrx_word' id='word_1_173' title='bbox 503 1411 590 1441; x_wconf 87' lang='lat' dir='ltr'>homo</span> <span class='ocrx_word' id='word_1_174' title='bbox 613 1412 684 1441; x_wconf 78' lang='lat' dir='ltr'>‘cino</span> <span class='ocrx_word' id='word_1_175' title='bbox 709 1414 816 1450; x_wconf 80' lang='lat' dir='ltr'>captus</span> <span class='ocrx_word' id='word_1_176' title='bbox 841 1421 884 1442; x_wconf 83' lang='lat' dir='ltr'>es.</span> <span class='ocrx_word' id='word_1_177' title='bbox 929 1411 997 1442; x_wconf 79' lang='lat' dir='ltr'>DA.</span> <span class='ocrx_word' id='word_1_178' title='bbox 1025 1412 1161 1442; x_wconf 80' lang='lat' dir='ltr'>Fallacia</span> <span class='ocrx_word' id='word_1_179' title='bbox 1185 1412 1247 1442; x_wconf 82' lang='lat' dir='ltr'>alia</span> <span class='ocrx_word' id='word_1_180' title='bbox 1272 1412 1365 1442; x_wconf 83' lang='lat' dir='ltr'>aliam</span> <span class='ocrx_word' id='word_1_181' title='bbox 1389 1409 1554 1450; x_wconf 83' lang='lat' dir='ltr'>producit.-</span> 
     </span>
     <span class='ocr_line' id='line_1_20' title="bbox 94 1448 1550 1494; baseline 0.001 -15"><span class='ocrx_word' id='word_1_182' title='bbox 94 1448 166 1487; x_wconf 75' lang='lat' dir='ltr'>J‘am</span> <span class='ocrx_word' id='word_1_183' title='bbox 179 1450 404 1483; x_wconf 80' lang='lat' dir='ltr'>obmurmurari</span> <span class='ocrx_word' id='word_1_184' title='bbox 427 1453 519 1483; x_wconf 82' lang='lat' dir='ltr'>audio</span> <span class='ocrx_word' id='word_1_185' title='bbox 544 1453 577 1483; x_wconf 80' lang='lat' dir='ltr'>in</span> <span class='ocrx_word' id='word_1_186' title='bbox 600 1453 656 1483; x_wconf 86' lang='lat' dir='ltr'>hac</span> <span class='ocrx_word' id='word_1_187' title='bbox 680 1454 766 1484; x_wconf 84' lang='lat' dir='ltr'>domo</span> <span class='ocrx_word' id='word_1_188' title='bbox 797 1453 951 1494; x_wconf 79' lang='lat' dir='ltr'>Glycerii,</span> <span class='ocrx_word' id='word_1_189' title='bbox 973 1454 1061 1484; x_wconf 77' lang='lat' dir='ltr'>illam</span> <span class='ocrx_word' id='word_1_190' title='bbox 1085 1463 1148 1485; x_wconf 81' lang='lat' dir='ltr'>esse</span> <span class='ocrx_word' id='word_1_191' title='bbox 1171 1454 1266 1485; x_wconf 79' lang='lat' dir='ltr'>civem</span> <span class='ocrx_word' id='word_1_192' title='bbox 1280 1454 1434 1485; x_wconf 80' lang='lat' dir='ltr'>Atticam.</span> <span class='ocrx_word' id='word_1_193' title='bbox 1480 1452 1550 1482; x_wconf 75' lang='lat' dir='ltr'>CH.</span> 
     </span>
     <span class='ocr_line' id='line_1_21' title="bbox 103 1491 1555 1536; baseline 0.001 -13"><span class='ocrx_word' id='word_1_194' title='bbox 103 1491 199 1524; x_wconf 80' lang='lat' dir='ltr'>Hem.</span> <span class='ocrx_word' id='word_1_195' title='bbox 244 1494 316 1526; x_wconf 79' lang='lat' dir='ltr'>DA.</span> <span class='ocrx_word' id='word_1_196' title='bbox 341 1495 538 1535; x_wconf 80' lang='lat' dir='ltr'><em>Pamphilus,</em></span> <span class='ocrx_word' id='word_1_197' title='bbox 560 1494 735 1536; x_wconf 78' lang='lat' dir='ltr'>(inquiunt)</span> <span class='ocrx_word' id='word_1_198' title='bbox 761 1496 812 1536; x_wconf 78' lang='lat' dir='ltr'>qui</span> <span class='ocrx_word' id='word_1_199' title='bbox 828 1505 895 1526; x_wconf 85' lang='lat' dir='ltr'>eam</span> <span class='ocrx_word' id='word_1_200' title='bbox 910 1496 1046 1536; x_wconf 75' lang='lat' dir='ltr'>vitiavit,</span> <span class='ocrx_word' id='word_1_201' title='bbox 1071 1499 1198 1535; x_wconf 74' lang='lat' dir='ltr'>cogetur</span> <span class='ocrx_word' id='word_1_202' title='bbox 1218 1496 1335 1535; x_wconf 78' lang='lat' dir='ltr'>legibus</span> <span class='ocrx_word' id='word_1_203' title='bbox 1350 1495 1466 1528; x_wconf 75' lang='lat' dir='ltr'>Atticis</span> <span class='ocrx_word' id='word_1_204' title='bbox 1487 1503 1555 1525; x_wconf 83' lang='lat' dir='ltr'>eam</span> 
     </span>
    </p>
   </div>
   <div class='ocr_carea' id='block_1_4' title="bbox 708 1600 909 1612">
    <p class='ocr_par' dir='ltr' id='par_1_13' title="bbox 708 1600 909 1612">
     <span class='ocr_line' id='line_1_22' title="bbox 708 1600 909 1612; baseline 0 1694"><span class='ocrx_word' id='word_1_205' title='bbox 708 1600 909 1612; x_wconf 95' lang='lat' dir='ltr'> </span> 
     </span>
    </p>
   </div>
   <div class='ocr_carea' id='block_1_5' title="bbox 911 1600 950 1612">
    <p class='ocr_par' dir='ltr' id='par_1_14' title="bbox 911 1600 950 1612">
     <span class='ocr_line' id='line_1_23' title="bbox 911 1600 950 1612; baseline 0 0"><span class='ocrx_word' id='word_1_206' title='bbox 911 1600 950 1612; x_wconf 64' lang='grc' dir='ltr'><em>Ν</em></span> 
     </span>
    </p>
   </div>
   <div class='ocr_carea' id='block_1_6' title="bbox 104 1681 1559 2105">
    <p class='ocr_par' dir='ltr' id='par_1_15' title="bbox 104 1681 1559 2105">
     <span class='ocr_line' id='line_1_24' title="bbox 104 1681 1555 1723; baseline 0.001 -12"><span class='ocrx_word' id='word_1_207' title='bbox 104 1681 278 1712; x_wconf 66' lang='lat' dir='ltr'>tiam—33</span> <span class='ocrx_word' id='word_1_208' title='bbox 304 1681 356 1711; x_wconf 88' lang='lat' dir='ltr'>Ne</span> <span class='ocrx_word' id='word_1_209' title='bbox 368 1681 434 1712; x_wconf 83' lang='lat' dir='ltr'>illa.</span> <span class='ocrx_word' id='word_1_210' title='bbox 452 1681 535 1721; x_wconf 88' lang='lat' dir='ltr'>Pro,</span> <span class='ocrx_word' id='word_1_211' title='bbox 554 1682 650 1713; x_wconf 85' lang='lat' dir='ltr'>valde</span> <span class='ocrx_word' id='word_1_212' title='bbox 667 1682 735 1714; x_wconf 88' lang='lat' dir='ltr'>illa.</span> <span class='ocrx_word' id='word_1_213' title='bbox 781 1683 846 1714; x_wconf 85' lang='lat' dir='ltr'>Vel</span> <span class='ocrx_word' id='word_1_214' title='bbox 864 1684 926 1713; x_wconf 87' lang='lat' dir='ltr'>Illa</span> <span class='ocrx_word' id='word_1_215' title='bbox 943 1693 991 1718; x_wconf 83' lang='lat' dir='ltr'>ne,</span> <span class='ocrx_word' id='word_1_216' title='bbox 1004 1683 1036 1713; x_wconf 89' lang='lat' dir='ltr'>id</span> <span class='ocrx_word' id='word_1_217' title='bbox 1059 1687 1125 1721; x_wconf 88' lang='lat' dir='ltr'>est,</span> <span class='ocrx_word' id='word_1_218' title='bbox 1142 1682 1304 1723; x_wconf 86' lang='lat' dir='ltr'>numquid</span> <span class='ocrx_word' id='word_1_219' title='bbox 1322 1682 1404 1713; x_wconf 85' lang='lat' dir='ltr'>illa?</span> <span class='ocrx_word' id='word_1_220' title='bbox 1429 1692 1489 1722; x_wconf 90' lang='lat' dir='ltr'>per</span> <span class='ocrx_word' id='word_1_221' title='bbox 1506 1692 1555 1713; x_wconf 89' lang='lat' dir='ltr'>so-</span> 
     </span>
     <span class='ocr_line' id='line_1_25' title="bbox 104 1723 1554 1767; baseline 0.001 -14"><span class='ocrx_word' id='word_1_222' title='bbox 104 1723 302 1761; x_wconf 85' lang='lat' dir='ltr'>loecismnm‚</span> <span class='ocrx_word' id='word_1_223' title='bbox 317 1723 494 1755; x_wconf 75' lang='lat' dir='ltr'>immutato</span> <span class='ocrx_word' id='word_1_224' title='bbox 508 1725 638 1756; x_wconf 78' lang='lat' dir='ltr'>ordine.</span> <span class='ocrx_word' id='word_1_225' title='bbox 656 1726 740 1764; x_wconf 63' lang='lat' dir='ltr'>Eztg‘.</span> <span class='ocrx_word' id='word_1_226' title='bbox 766 1726 829 1763; x_wconf 82' lang='lat' dir='ltr'>Ne,</span> <span class='ocrx_word' id='word_1_227' title='bbox 849 1726 908 1756; x_wconf 78' lang='grc' dir='ltr'>ΒΓ.</span> <span class='ocrx_word' id='word_1_228' title='bbox 923 1726 979 1767; x_wconf 88' lang='lat' dir='ltr'>qui</span> <span class='ocrx_word' id='word_1_229' title='bbox 992 1726 1052 1756; x_wconf 83' lang='lat' dir='ltr'>dat</span> <span class='ocrx_word' id='word_1_230' title='bbox 1067 1726 1123 1756; x_wconf 80' lang='lat' dir='ltr'>hoc</span> <span class='ocrx_word' id='word_1_231' title='bbox 1139 1735 1199 1765; x_wconf 89' lang='lat' dir='ltr'>pro</span> <span class='ocrx_word' id='word_1_232' title='bbox 1215 1725 1291 1760; x_wconf 82' lang='lat' dir='ltr'>hoec,</span> <span class='ocrx_word' id='word_1_233' title='bbox 1308 1730 1343 1755; x_wconf 88' lang='lat' dir='ltr'>et</span> <span class='ocrx_word' id='word_1_234' title='bbox 1365 1725 1554 1764; x_wconf 80' lang='lat' dir='ltr'>interrogat</span> 
     </span>
     <span class='ocr_line' id='line_1_26' title="bbox 104 1765 1555 1808; baseline 0.001 -12"><span class='ocrx_word' id='word_1_235' title='bbox 104 1770 184 1806; x_wconf 85' lang='lat' dir='ltr'>post</span> <span class='ocrx_word' id='word_1_236' title='bbox 212 1766 222 1782; x_wconf 83' lang='lat'><strong><em>⁴</em></strong></span> <span class='ocrx_word' id='word_1_237' title='bbox 240 1765 467 1805; x_wconf 73' lang='lat' dir='ltr'>incipit.’—-—34</span> <span class='ocrx_word' id='word_1_238' title='bbox 491 1767 581 1807; x_wconf 86' lang='lat' dir='ltr'>Lege</span> <span class='ocrx_word' id='word_1_239' title='bbox 597 1769 781 1807; x_wconf 75' lang='lat' dir='ltr'>appositum.</span> <span class='ocrx_word' id='word_1_240' title='bbox 805 1768 908 1799; x_wconf 79' lang='lat' dir='ltr'>Bent.</span> <span class='ocrx_word' id='word_1_241' title='bbox 956 1768 1046 1808; x_wconf 79' lang='lat' dir='ltr'>Aiiq.</span> <span class='ocrx_word' id='word_1_242' title='bbox 1075 1768 1173 1799; x_wconf 90' lang='lat' dir='ltr'>codd.</span> <span class='ocrx_word' id='word_1_243' title='bbox 1200 1777 1253 1808; x_wconf 82' lang='lat' dir='ltr'>ap.</span> <span class='ocrx_word' id='word_1_244' title='bbox 1281 1768 1382 1798; x_wconf 87' lang='lat' dir='ltr'>Bent.</span> <span class='ocrx_word' id='word_1_245' title='bbox 1406 1772 1440 1798; x_wconf 90' lang='lat' dir='ltr'>et</span> <span class='ocrx_word' id='word_1_246' title='bbox 1470 1773 1555 1798; x_wconf 87' lang='lat' dir='ltr'>vett.</span> 
     </span>
     <span class='ocr_line' id='line_1_27' title="bbox 105 1808 1557 1851; baseline 0.001 -13"><span class='ocrx_word' id='word_1_247' title='bbox 105 1808 184 1839; x_wconf 89' lang='lat' dir='ltr'>edd.</span> <span class='ocrx_word' id='word_1_248' title='bbox 211 1817 340 1848; x_wconf 81' lang='lat' dir='ltr'>puerum</span> <span class='ocrx_word' id='word_1_249' title='bbox 360 1818 426 1849; x_wconf 77' lang='lat' dir='ltr'>pos·</span> <span class='ocrx_word' id='word_1_250' title='bbox 455 1809 634 1840; x_wconf 51' lang='lat' dir='ltr'>Peri—ss</span> <span class='ocrx_word' id='word_1_251' title='bbox 660 1810 878 1850; x_wconf 80' lang='lat' dir='ltr'>Interrogant</span> <span class='ocrx_word' id='word_1_252' title='bbox 895 1811 954 1841; x_wconf 71' lang='grc' dir='ltr'>ΒΓ.</span> <span class='ocrx_word' id='word_1_253' title='bbox 974 1817 1009 1841; x_wconf 90' lang='lat' dir='ltr'>et</span> <span class='ocrx_word' id='word_1_254' title='bbox 1027 1811 1128 1842; x_wconf 86' lang='lat' dir='ltr'>Both.</span> <span class='ocrx_word' id='word_1_255' title='bbox 1149 1816 1225 1851; x_wconf 86' lang='lat' dir='ltr'>post</span> <span class='ocrx_word' id='word_1_256' title='bbox 1248 1809 1389 1840; x_wconf 85' lang='lat' dir='ltr'>‘dabit.&#39;</span> <span class='ocrx_word' id='word_1_257' title='bbox 1436 1810 1557 1846; x_wconf 81' lang='lat' dir='ltr'>Deest,</span> 
     </span>
     <span class='ocr_line' id='line_1_28' title="bbox 106 1850 1557 1892; baseline 0 -10"><span class='ocrx_word' id='word_1_258' title='bbox 106 1850 154 1882; x_wconf 82' lang='lat' dir='ltr'>ait</span> <span class='ocrx_word' id='word_1_259' title='bbox 184 1850 307 1890; x_wconf 84' lang='lat' dir='ltr'>Bruns,</span> <span class='ocrx_word' id='word_1_260' title='bbox 334 1851 557 1892; x_wconf 78' lang='lat' dir='ltr'>interrogatio</span> <span class='ocrx_word' id='word_1_261' title='bbox 589 1852 816 1883; x_wconf 86' lang='lat' dir='ltr'>editionibus:</span> <span class='ocrx_word' id='word_1_262' title='bbox 842 1854 900 1883; x_wconf 87' lang='lat' dir='ltr'>sed</span> <span class='ocrx_word' id='word_1_263' title='bbox 929 1853 984 1883; x_wconf 85' lang='lat' dir='ltr'>vix</span> <span class='ocrx_word' id='word_1_264' title='bbox 1008 1853 1128 1884; x_wconf 82' lang='lat' dir='ltr'>deesse</span> <span class='ocrx_word' id='word_1_265' title='bbox 1163 1858 1287 1892; x_wconf 88' lang='lat' dir='ltr'>potest.</span> <span class='ocrx_word' id='word_1_266' title='bbox 1334 1852 1444 1883; x_wconf 84' lang='lat' dir='ltr'>Abest</span> <span class='ocrx_word' id='word_1_267' title='bbox 1469 1852 1557 1883; x_wconf 83' lang='lat' dir='ltr'>dabit</span> 
     </span>
     <span class='ocr_line' id='line_1_29' title="bbox 105 1892 1557 1934; baseline 0.001 -11"><span class='ocrx_word' id='word_1_268' title='bbox 105 1893 275 1934; x_wconf 83' lang='lat' dir='ltr'>posterius</span> <span class='ocrx_word' id='word_1_269' title='bbox 302 1903 323 1924; x_wconf 84' lang='lat' dir='ltr'>a</span> <span class='ocrx_word' id='word_1_270' title='bbox 339 1892 453 1924; x_wconf 86' lang='lat' dir='ltr'>Guelf.</span> <span class='ocrx_word' id='word_1_271' title='bbox 481 1897 598 1925; x_wconf 82' lang='lat'>2.—36</span> <span class='ocrx_word' id='word_1_272' title='bbox 621 1894 691 1925; x_wconf 83' lang='lat' dir='ltr'>Scis</span> <span class='ocrx_word' id='word_1_273' title='bbox 717 1894 834 1927; x_wconf 79' lang='lat' dir='ltr'>Guelf.</span> <span class='ocrx_word' id='word_1_274' title='bbox 860 1898 979 1926; x_wconf 82' lang='grc'><strong>3.-37</strong></span> <span class='ocrx_word' id='word_1_275' title='bbox 1003 1895 1070 1926; x_wconf 83' lang='lat' dir='ltr'>Alii</span> <span class='ocrx_word' id='word_1_276' title='bbox 1089 1896 1235 1934; x_wconf 78' lang='lat' dir='ltr'>jamjam.</span> <span class='ocrx_word' id='word_1_277' title='bbox 1260 1896 1456 1926; x_wconf 81' lang='lat' dir='ltr'>West.-—38</span> <span class='ocrx_word' id='word_1_278' title='bbox 1474 1896 1557 1926; x_wconf 76' lang='lat' dir='ltr'>Mss.</span> 
     </span>
     <span class='ocr_line' id='line_1_30' title="bbox 105 1935 1558 1978; baseline 0.001 -13"><span class='ocrx_word' id='word_1_279' title='bbox 105 1935 437 1976; x_wconf 77' lang='lat' dir='ltr'>quidam,Prouolv0.</span> <span class='ocrx_word' id='word_1_280' title='bbox 482 1937 571 1968; x_wconf 90' lang='lat' dir='ltr'>Edd.</span> <span class='ocrx_word' id='word_1_281' title='bbox 602 1947 682 1968; x_wconf 90' lang='lat' dir='ltr'>vero</span> <span class='ocrx_word' id='word_1_282' title='bbox 712 1937 953 1978; x_wconf 63' lang='lat' dir='ltr'>antiquissimas</span> <span class='ocrx_word' id='word_1_283' title='bbox 981 1948 1061 1968; x_wconf 78' lang='lat' dir='ltr'>mox</span> <span class='ocrx_word' id='word_1_284' title='bbox 1090 1943 1252 1977; x_wconf 80' lang='lat' dir='ltr'>repetunt</span> <span class='ocrx_word' id='word_1_285' title='bbox 1282 1938 1421 1968; x_wconf 82' lang='lat' dir='ltr'>eandem</span> <span class='ocrx_word' id='word_1_286' title='bbox 1438 1947 1558 1968; x_wconf 88' lang='lat' dir='ltr'>vocem</span> 
     </span>
     <span class='ocr_line' id='line_1_31' title="bbox 106 1976 1558 2021; baseline 0.001 -14"><span class='ocrx_word' id='word_1_287' title='bbox 106 1976 174 2008; x_wconf 78' lang='grc' dir='ltr'>ἀντὶ</span> <span class='ocrx_word' id='word_1_288' title='bbox 188 1978 244 2007; x_wconf 82' lang='grc' dir='ltr'>τοῦ</span> <span class='ocrx_word' id='word_1_289' title='bbox 263 1979 450 2018; x_wconf 76' lang='lat' dir='ltr'>pervolvam,</span> <span class='ocrx_word' id='word_1_290' title='bbox 474 1980 531 2010; x_wconf 88' lang='lat' dir='ltr'>ubi</span> <span class='ocrx_word' id='word_1_291' title='bbox 560 1980 713 2010; x_wconf 75' lang='lat' dir='ltr'>Nannius</span> <span class='ocrx_word' id='word_1_292' title='bbox 729 1981 858 2018; x_wconf 83' lang='lat' dir='ltr'>mallet,</span> <span class='ocrx_word' id='word_1_293' title='bbox 871 1981 1025 2019; x_wconf 79' lang='lat' dir='ltr'>proluam,</span> <span class='ocrx_word' id='word_1_294' title='bbox 1041 1981 1173 2011; x_wconf 84' lang='lat' dir='ltr'>scilicet</span> <span class='ocrx_word' id='word_1_295' title='bbox 1197 1981 1275 2021; x_wconf 87' lang='lat' dir='ltr'>quia</span> <span class='ocrx_word' id='word_1_296' title='bbox 1292 1981 1449 2010; x_wconf 78' lang='lat' dir='ltr'>Donatus</span> <span class='ocrx_word' id='word_1_297' title='bbox 1467 1979 1558 2020; x_wconf 83' lang='grc' dir='ltr'>παρό-</span> 
     </span>
     <span class='ocr_line' id='line_1_32' title="bbox 105 2020 1559 2062; baseline 0.001 -12"><span class='ocrx_word' id='word_1_298' title='bbox 105 2031 192 2059; x_wconf 86' lang='grc' dir='ltr'>μοιον</span> <span class='ocrx_word' id='word_1_299' title='bbox 214 2020 377 2060; x_wconf 82' lang='lat' dir='ltr'>agnoscit‚</span> <span class='ocrx_word' id='word_1_300' title='bbox 404 2022 493 2062; x_wconf 87' lang='lat' dir='ltr'>quod</span> <span class='ocrx_word' id='word_1_301' title='bbox 518 2027 576 2052; x_wconf 88' lang='lat' dir='ltr'>aut</span> <span class='ocrx_word' id='word_1_302' title='bbox 603 2022 744 2059; x_wconf 85' lang='lat' dir='ltr'>nullum,</span> <span class='ocrx_word' id='word_1_303' title='bbox 766 2028 824 2053; x_wconf 89' lang='lat' dir='ltr'>aut</span> <span class='ocrx_word' id='word_1_304' title='bbox 848 2032 1010 2062; x_wconf 77' lang='lat' dir='ltr'>perquam</span> <span class='ocrx_word' id='word_1_305' title='bbox 1037 2024 1192 2053; x_wconf 84' lang='lat' dir='ltr'>inscitum</span> <span class='ocrx_word' id='word_1_306' title='bbox 1209 2024 1252 2053; x_wconf 84' lang='lat' dir='ltr'>sit</span> <span class='ocrx_word' id='word_1_307' title='bbox 1276 2023 1310 2052; x_wconf 91' lang='lat' dir='ltr'>in</span> <span class='ocrx_word' id='word_1_308' title='bbox 1325 2023 1505 2053; x_wconf 69' lang='lat' dir='ltr'>Prot-olnam</span> <span class='ocrx_word' id='word_1_309' title='bbox 1522 2028 1559 2053; x_wconf 92' lang='lat' dir='ltr'>et</span> 
     </span>
     <span class='ocr_line' id='line_1_33' title="bbox 105 2062 1555 2105; baseline 0.001 -12"><span class='ocrx_word' id='word_1_310' title='bbox 105 2063 290 2103; x_wconf 70' lang='lat' dir='ltr'>pervolvam.</span> <span class='ocrx_word' id='word_1_311' title='bbox 306 2062 446 2094; x_wconf 81' lang='lat' dir='ltr'>Id.—-41</span> <span class='ocrx_word' id='word_1_312' title='bbox 463 2064 531 2095; x_wconf 83' lang='lat' dir='ltr'>Eho</span> <span class='ocrx_word' id='word_1_313' title='bbox 548 2074 608 2105; x_wconf 89' lang='lat' dir='ltr'>pro</span> <span class='ocrx_word' id='word_1_314' title='bbox 624 2065 710 2096; x_wconf 84' lang='lat' dir='ltr'>Hem</span> <span class='ocrx_word' id='word_1_315' title='bbox 721 2065 849 2096; x_wconf 82' lang='grc' dir='ltr'><strong>Ζ.--42</strong></span> <span class='ocrx_word' id='word_1_316' title='bbox 863 2065 989 2096; x_wconf 84' lang='lat' dir='ltr'>Omnes</span> <span class='ocrx_word' id='word_1_317' title='bbox 1006 2065 1113 2096; x_wconf 82' lang='lat' dir='ltr'>nostri</span> <span class='ocrx_word' id='word_1_318' title='bbox 1127 2066 1203 2096; x_wconf 82' lang='lat' dir='ltr'>libri</span> <span class='ocrx_word' id='word_1_319' title='bbox 1223 2065 1288 2096; x_wconf 86' lang='lat' dir='ltr'>Eho</span> <span class='ocrx_word' id='word_1_320' title='bbox 1305 2065 1435 2105; x_wconf 84' lang='lat' dir='ltr'>obsecro,</span> <span class='ocrx_word' id='word_1_321' title='bbox 1451 2069 1555 2096; x_wconf 80' lang='lat' dir='ltr'>recte.</span> 
     </span>
    </p>
   </div>
   <div class='ocr_carea' id='block_1_7' title="bbox 762 2165 900 2205">
    <p class='ocr_par' dir='ltr' id='par_1_16' title="bbox 762 2165 900 2205">
     <span class='ocr_line' id='line_1_34' title="bbox 762 2165 900 2205; baseline 0 -9"><span class='ocrx_word' id='word_1_322' title='bbox 762 2165 900 2205; x_wconf 70' lang='lat' dir='ltr'>NoTAE</span> 
     </span>
    </p>
   </div>
   <div class='ocr_carea' id='block_1_8' title="bbox 107 2228 809 2820">
    <p class='ocr_par' dir='ltr' id='par_1_17' title="bbox 107 2228 805 2320">
     <span class='ocr_line' id='line_1_35' title="bbox 150 2228 805 2269; baseline 0.002 -10"><span class='ocrx_word' id='word_1_323' title='bbox 150 2231 192 2259; x_wconf 77' lang='lat'>32</span> <span class='ocrx_word' id='word_1_324' title='bbox 214 2228 346 2269; x_wconf 78' lang='lat' dir='ltr'>Aliquot</span> <span class='ocrx_word' id='word_1_325' title='bbox 360 2229 480 2269; x_wconf 73' lang='lat' dir='ltr'>liberte]</span> <span class='ocrx_word' id='word_1_326' title='bbox 503 2229 618 2260; x_wconf 87' lang='lat' dir='ltr'>Servis</span> <span class='ocrx_word' id='word_1_327' title='bbox 643 2239 708 2260; x_wconf 90' lang='lat' dir='ltr'>non</span> <span class='ocrx_word' id='word_1_328' title='bbox 725 2229 805 2260; x_wconf 89' lang='lat' dir='ltr'>lice-</span> 
     </span>
     <span class='ocr_line' id='line_1_36' title="bbox 107 2278 622 2320; baseline 0.004 -11"><span class='ocrx_word' id='word_1_329' title='bbox 107 2278 166 2310; x_wconf 86' lang='lat' dir='ltr'>bat</span> <span class='ocrx_word' id='word_1_330' title='bbox 179 2278 410 2310; x_wconf 78' lang='lat' dir='ltr'>testimonium</span> <span class='ocrx_word' id='word_1_331' title='bbox 428 2279 622 2320; x_wconf 86' lang='lat' dir='ltr'>perhibere.</span> 
     </span>
    </p>

    <p class='ocr_par' dir='ltr' id='par_1_18' title="bbox 108 2328 807 2468">
     <span class='ocr_line' id='line_1_37' title="bbox 150 2328 806 2370; baseline 0.003 -12"><span class='ocrx_word' id='word_1_332' title='bbox 150 2329 192 2358; x_wconf 81' lang='lat'>34</span> <span class='ocrx_word' id='word_1_333' title='bbox 226 2328 382 2368; x_wconf 82' lang='lat' dir='ltr'>Chremes,</span> <span class='ocrx_word' id='word_1_334' title='bbox 425 2329 454 2360; x_wconf 79' lang='grc' dir='ltr'>εἰ</span> <span class='ocrx_word' id='word_1_335' title='bbox 493 2329 628 2369; x_wconf 82' lang='lat' dir='ltr'>positum</span> <span class='ocrx_word' id='word_1_336' title='bbox 663 2329 806 2370; x_wconf 80' lang='lat' dir='ltr'>puerum]</span> 
     </span>
     <span class='ocr_line' id='line_1_38' title="bbox 108 2377 807 2420; baseline 0.001 -12"><span class='ocrx_word' id='word_1_337' title='bbox 108 2377 326 2409; x_wconf 88' lang='lat' dir='ltr'>Chremetem</span> <span class='ocrx_word' id='word_1_338' title='bbox 349 2378 512 2415; x_wconf 90' lang='lat' dir='ltr'>nominat,</span> <span class='ocrx_word' id='word_1_339' title='bbox 537 2389 637 2420; x_wconf 83' lang='lat' dir='ltr'>quem</span> <span class='ocrx_word' id='word_1_340' title='bbox 663 2388 807 2420; x_wconf 84' lang='lat' dir='ltr'>praesen-</span> 
     </span>
     <span class='ocr_line' id='line_1_39' title="bbox 109 2428 656 2468; baseline 0.002 -9"><span class='ocrx_word' id='word_1_341' title='bbox 109 2432 179 2459; x_wconf 84' lang='lat' dir='ltr'>tem</span> <span class='ocrx_word' id='word_1_342' title='bbox 195 2436 270 2458; x_wconf 86' lang='lat' dir='ltr'>esse</span> <span class='ocrx_word' id='word_1_343' title='bbox 284 2436 321 2458; x_wconf 87' lang='lat' dir='ltr'>se</span> <span class='ocrx_word' id='word_1_344' title='bbox 337 2428 494 2468; x_wconf 88' lang='lat' dir='ltr'>ignorare</span> <span class='ocrx_word' id='word_1_345' title='bbox 509 2429 656 2460; x_wconf 86' lang='lat' dir='ltr'>simulat.</span> 
     </span>
    </p>

    <p class='ocr_par' dir='ltr' id='par_1_19' title="bbox 107 2478 809 2820">
     <span class='ocr_line' id='line_1_40' title="bbox 152 2478 808 2519; baseline 0.003 -11"><span class='ocrx_word' id='word_1_346' title='bbox 152 2481 194 2509; x_wconf 83' lang='lat'>39</span> <span class='ocrx_word' id='word_1_347' title='bbox 217 2478 357 2509; x_wconf 79' lang='lat' dir='ltr'>Fallacia</span> <span class='ocrx_word' id='word_1_348' title='bbox 372 2478 448 2509; x_wconf 77' lang='lat' dir='ltr'>Alia</span> <span class='ocrx_word' id='word_1_349' title='bbox 461 2479 555 2510; x_wconf 81' lang='lat' dir='ltr'>aliam</span> <span class='ocrx_word' id='word_1_350' title='bbox 568 2479 684 2519; x_wconf 79' lang='lat' dir='ltr'>trudit]</span> <span class='ocrx_word' id='word_1_351' title='bbox 706 2479 808 2510; x_wconf 91' lang='lat' dir='ltr'>Prior</span> 
     </span>
     <span class='ocr_line' id='line_1_41' title="bbox 107 2527 808 2569; baseline 0.001 -10"><span class='ocrx_word' id='word_1_352' title='bbox 107 2527 244 2560; x_wconf 80' lang='lat' dir='ltr'>fallacia</span> <span class='ocrx_word' id='word_1_353' title='bbox 270 2532 341 2567; x_wconf 83' lang='lat' dir='ltr'>est3</span> <span class='ocrx_word' id='word_1_354' title='bbox 365 2539 506 2569; x_wconf 88' lang='lat' dir='ltr'>puerum</span> <span class='ocrx_word' id='word_1_355' title='bbox 533 2539 609 2561; x_wconf 83' lang='lat' dir='ltr'>esse</span> <span class='ocrx_word' id='word_1_356' title='bbox 633 2534 749 2561; x_wconf 87' lang='lat' dir='ltr'>natum</span> <span class='ocrx_word' id='word_1_357' title='bbox 765 2539 808 2560; x_wconf 88' lang='lat' dir='ltr'>ex</span> 
     </span>
     <span class='ocr_line' id='line_1_42' title="bbox 110 2578 807 2621; baseline 0.003 -13"><span class='ocrx_word' id='word_1_358' title='bbox 110 2578 314 2619; x_wconf 88' lang='lat' dir='ltr'>Pamphilo;</span> <span class='ocrx_word' id='word_1_359' title='bbox 336 2589 412 2620; x_wconf 85' lang='lat' dir='ltr'>quae</span> <span class='ocrx_word' id='word_1_360' title='bbox 437 2579 529 2620; x_wconf 87' lang='lat' dir='ltr'>prior</span> <span class='ocrx_word' id='word_1_361' title='bbox 555 2580 654 2610; x_wconf 85' lang='lat' dir='ltr'>aliam</span> <span class='ocrx_word' id='word_1_362' title='bbox 681 2579 807 2621; x_wconf 88' lang='lat' dir='ltr'>produ-</span> 
     </span>
     <span class='ocr_line' id='line_1_43' title="bbox 109 2628 808 2669; baseline 0 -11"><span class='ocrx_word' id='word_1_363' title='bbox 109 2628 171 2663; x_wconf 90' lang='lat' dir='ltr'>cit,</span> <span class='ocrx_word' id='word_1_364' title='bbox 206 2637 330 2669; x_wconf 90' lang='lat' dir='ltr'>nempe</span> <span class='ocrx_word' id='word_1_365' title='bbox 360 2629 555 2669; x_wconf 80' lang='lat' dir='ltr'>Glycerium</span> <span class='ocrx_word' id='word_1_366' title='bbox 593 2638 668 2660; x_wconf 86' lang='lat' dir='ltr'>esse</span> <span class='ocrx_word' id='word_1_367' title='bbox 699 2629 808 2660; x_wconf 88' lang='lat' dir='ltr'>civem</span> 
     </span>
     <span class='ocr_line' id='line_1_44' title="bbox 108 2677 806 2719; baseline 0.003 -11"><span class='ocrx_word' id='word_1_368' title='bbox 108 2677 276 2710; x_wconf 84' lang='lat' dir='ltr'>Atticam.</span> <span class='ocrx_word' id='word_1_369' title='bbox 319 2678 416 2710; x_wconf 89' lang='lat' dir='ltr'>Alius</span> <span class='ocrx_word' id='word_1_370' title='bbox 443 2689 561 2710; x_wconf 88' lang='lat' dir='ltr'>sensus</span> <span class='ocrx_word' id='word_1_371' title='bbox 576 2679 631 2710; x_wconf 89' lang='lat' dir='ltr'>hic</span> <span class='ocrx_word' id='word_1_372' title='bbox 648 2689 723 2710; x_wconf 88' lang='lat' dir='ltr'>esse</span> <span class='ocrx_word' id='word_1_373' title='bbox 750 2689 806 2719; x_wconf 91' lang='lat' dir='ltr'>po-</span> 
     </span>
     <span class='ocr_line' id='line_1_45' title="bbox 113 2729 808 2770; baseline 0.003 -12"><span class='ocrx_word' id='word_1_374' title='bbox 113 2732 201 2759; x_wconf 85' lang='lat' dir='ltr'>test:</span> <span class='ocrx_word' id='word_1_375' title='bbox 239 2729 388 2760; x_wconf 84' lang='lat' dir='ltr'>Fallacia</span> <span class='ocrx_word' id='word_1_376' title='bbox 417 2730 484 2760; x_wconf 83' lang='lat' dir='ltr'>alia</span> <span class='ocrx_word' id='word_1_377' title='bbox 507 2730 608 2761; x_wconf 86' lang='lat' dir='ltr'>aliam</span> <span class='ocrx_word' id='word_1_378' title='bbox 634 2730 743 2770; x_wconf 88' lang='lat' dir='ltr'>pellit,</span> <span class='ocrx_word' id='word_1_379' title='bbox 774 2734 808 2760; x_wconf 81' lang='lat' dir='ltr'>et</span> 
     </span>
     <span class='ocr_line' id='line_1_46' title="bbox 113 2779 809 2820; baseline 0.003 -12"><span class='ocrx_word' id='word_1_380' title='bbox 113 2779 249 2818; x_wconf 83' lang='lat' dir='ltr'>prodit:</span> <span class='ocrx_word' id='word_1_381' title='bbox 288 2779 444 2811; x_wconf 87' lang='lat' dir='ltr'>nimirum</span> <span class='ocrx_word' id='word_1_382' title='bbox 460 2785 687 2812; x_wconf 78' lang='lat' dir='ltr'>commentum</span> <span class='ocrx_word' id='word_1_383' title='bbox 712 2779 809 2820; x_wconf 87' lang='lat' dir='ltr'>illud,</span> 
     </span>
    </p>
   </div>
   <div class='ocr_carea' id='block_1_9' title="bbox 860 2229 1561 2819">
    <p class='ocr_par' dir='ltr' id='par_1_20' title="bbox 860 2229 1560 2371">
     <span class='ocr_line' id='line_1_47' title="bbox 860 2229 1560 2271; baseline 0 -10"><span class='ocrx_word' id='word_1_384' title='bbox 860 2229 1075 2270; x_wconf 80' lang='lat' dir='ltr'>(Glycerium</span> <span class='ocrx_word' id='word_1_385' title='bbox 1088 2240 1163 2262; x_wconf 89' lang='lat' dir='ltr'>esse</span> <span class='ocrx_word' id='word_1_386' title='bbox 1178 2231 1286 2262; x_wconf 89' lang='lat' dir='ltr'>civem</span> <span class='ocrx_word' id='word_1_387' title='bbox 1301 2229 1482 2271; x_wconf 86' lang='lat' dir='ltr'>Atticam,)</span> <span class='ocrx_word' id='word_1_388' title='bbox 1497 2230 1560 2262; x_wconf 82' lang='lat' dir='ltr'>fai·</span> 
     </span>
     <span class='ocr_line' id='line_1_48' title="bbox 861 2280 1559 2320; baseline 0.003 -10"><span class='ocrx_word' id='word_1_389' title='bbox 861 2290 933 2310; x_wconf 86' lang='lat' dir='ltr'>sum</span> <span class='ocrx_word' id='word_1_390' title='bbox 950 2289 1024 2311; x_wconf 80' lang='lat' dir='ltr'>esse</span> <span class='ocrx_word' id='word_1_391' title='bbox 1040 2280 1202 2320; x_wconf 78' lang='lat' dir='ltr'>ostendit,</span> <span class='ocrx_word' id='word_1_392' title='bbox 1218 2280 1344 2312; x_wconf 84' lang='lat' dir='ltr'>dictam</span> <span class='ocrx_word' id='word_1_393' title='bbox 1361 2280 1559 2320; x_wconf 86' lang='lat' dir='ltr'>Glycerium</span> 
     </span>
     <span class='ocr_line' id='line_1_49' title="bbox 861 2331 1455 2371; baseline 0 -11"><span class='ocrx_word' id='word_1_394' title='bbox 861 2331 1032 2371; x_wconf 84' lang='lat' dir='ltr'>peperisse</span> <span class='ocrx_word' id='word_1_395' title='bbox 1049 2341 1190 2371; x_wconf 86' lang='lat' dir='ltr'>puerum</span> <span class='ocrx_word' id='word_1_396' title='bbox 1206 2340 1249 2362; x_wconf 88' lang='lat' dir='ltr'>ex</span> <span class='ocrx_word' id='word_1_397' title='bbox 1264 2331 1455 2371; x_wconf 85' lang='lat' dir='ltr'>Pamphilo.</span> 
     </span>
    </p>

    <p class='ocr_par' dir='ltr' id='par_1_21' title="bbox 861 2381 1561 2621">
     <span class='ocr_line' id='line_1_50' title="bbox 901 2381 1561 2421; baseline 0.002 -10"><span class='ocrx_word' id='word_1_398' title='bbox 901 2383 942 2411; x_wconf 88' lang='grc'>41</span> <span class='ocrx_word' id='word_1_399' title='bbox 971 2381 1077 2411; x_wconf 82' lang='lat' dir='ltr'>Civem</span> <span class='ocrx_word' id='word_1_400' title='bbox 1089 2381 1231 2412; x_wconf 79' lang='lat' dir='ltr'>Atticam</span> <span class='ocrx_word' id='word_1_401' title='bbox 1242 2381 1320 2421; x_wconf 85' lang='lat' dir='ltr'>esse]</span> <span class='ocrx_word' id='word_1_402' title='bbox 1336 2381 1443 2421; x_wconf 88' lang='lat' dir='ltr'>Regio</span> <span class='ocrx_word' id='word_1_403' title='bbox 1455 2381 1561 2412; x_wconf 84' lang='lat' dir='ltr'>Athe-</span> 
     </span>
     <span class='ocr_line' id='line_1_51' title="bbox 861 2430 1559 2471; baseline 0 -10"><span class='ocrx_word' id='word_1_404' title='bbox 861 2430 1026 2461; x_wconf 87' lang='lat' dir='ltr'>niensium</span> <span class='ocrx_word' id='word_1_405' title='bbox 1044 2431 1188 2471; x_wconf 90' lang='lat' dir='ltr'>primum</span> <span class='ocrx_word' id='word_1_406' title='bbox 1206 2431 1298 2461; x_wconf 89' lang='lat' dir='ltr'>dicta</span> <span class='ocrx_word' id='word_1_407' title='bbox 1313 2435 1367 2462; x_wconf 87' lang='lat' dir='ltr'>est</span> <span class='ocrx_word' id='word_1_408' title='bbox 1380 2430 1503 2462; x_wconf 85' lang='lat' dir='ltr'>Actica</span> <span class='ocrx_word' id='word_1_409' title='bbox 1515 2430 1559 2461; x_wconf 87' lang='lat' dir='ltr'>ab</span> 
     </span>
     <span class='ocr_line' id='line_1_52' title="bbox 863 2479 1558 2521; baseline -0.001 -9"><span class='ocrx_word' id='word_1_410' title='bbox 863 2480 963 2519; x_wconf 89' lang='lat' dir='ltr'>Acte,</span> <span class='ocrx_word' id='word_1_411' title='bbox 982 2480 1070 2521; x_wconf 90' lang='lat' dir='ltr'>quod</span> <span class='ocrx_word' id='word_1_412' title='bbox 1099 2481 1222 2512; x_wconf 85' lang='lat' dir='ltr'>Graece</span> <span class='ocrx_word' id='word_1_413' title='bbox 1245 2481 1342 2511; x_wconf 90' lang='lat' dir='ltr'>littus</span> <span class='ocrx_word' id='word_1_414' title='bbox 1369 2479 1558 2521; x_wconf 85' lang='lat' dir='ltr'>significat:</span> 
     </span>
     <span class='ocr_line' id='line_1_53' title="bbox 863 2530 1559 2562; baseline 0.003 -2"><span class='ocrx_word' id='word_1_415' title='bbox 863 2530 987 2562; x_wconf 86' lang='lat' dir='ltr'>deinde</span> <span class='ocrx_word' id='word_1_416' title='bbox 1022 2530 1160 2561; x_wconf 87' lang='lat' dir='ltr'>Attica:</span> <span class='ocrx_word' id='word_1_417' title='bbox 1199 2531 1347 2562; x_wconf 87' lang='lat' dir='ltr'>maxima</span> <span class='ocrx_word' id='word_1_418' title='bbox 1390 2531 1479 2562; x_wconf 89' lang='lat' dir='ltr'>enim</span> <span class='ocrx_word' id='word_1_419' title='bbox 1516 2541 1559 2562; x_wconf 80' lang='lat' dir='ltr'>ex</span> 
     </span>
     <span class='ocr_line' id='line_1_54' title="bbox 862 2579 1232 2621; baseline 0.003 -11"><span class='ocrx_word' id='word_1_420' title='bbox 862 2585 961 2621; x_wconf 83' lang='lat' dir='ltr'>parte</span> <span class='ocrx_word' id='word_1_421' title='bbox 976 2579 1133 2610; x_wconf 87' lang='lat' dir='ltr'>littoralis</span> <span class='ocrx_word' id='word_1_422' title='bbox 1149 2584 1232 2611; x_wconf 86' lang='lat' dir='ltr'>erat.</span> 
     </span>
    </p>

    <p class='ocr_par' dir='ltr' id='par_1_22' title="bbox 861 2629 1561 2819">
     <span class='ocr_line' id='line_1_55' title="bbox 908 2629 1561 2670; baseline 0.002 -10"><span class='ocrx_word' id='word_1_423' title='bbox 908 2631 1040 2660; x_wconf 79' lang='lat' dir='ltr'>Coactus</span> <span class='ocrx_word' id='word_1_424' title='bbox 1073 2629 1210 2670; x_wconf 74' lang='lat' dir='ltr'>legibus]</span> <span class='ocrx_word' id='word_1_425' title='bbox 1248 2629 1392 2670; x_wconf 81' lang='lat' dir='ltr'>Legibus</span> <span class='ocrx_word' id='word_1_426' title='bbox 1428 2630 1561 2661; x_wconf 83' lang='lat' dir='ltr'>Solonis</span> 
     </span>
     <span class='ocr_line' id='line_1_56' title="bbox 862 2677 1557 2719; baseline 0.001 -10"><span class='ocrx_word' id='word_1_427' title='bbox 862 2683 1000 2709; x_wconf 89' lang='lat' dir='ltr'>cautum</span> <span class='ocrx_word' id='word_1_428' title='bbox 1017 2677 1084 2709; x_wconf 86' lang='lat' dir='ltr'>fuit</span> <span class='ocrx_word' id='word_1_429' title='bbox 1101 2682 1138 2709; x_wconf 82' lang='lat' dir='ltr'>ut</span> <span class='ocrx_word' id='word_1_430' title='bbox 1154 2679 1211 2719; x_wconf 90' lang='lat' dir='ltr'>qui</span> <span class='ocrx_word' id='word_1_431' title='bbox 1237 2679 1400 2719; x_wconf 86' lang='lat' dir='ltr'>virginem</span> <span class='ocrx_word' id='word_1_432' title='bbox 1417 2680 1557 2710; x_wconf 86' lang='lat' dir='ltr'>liberam</span> 
     </span>
     <span class='ocr_line' id='line_1_57' title="bbox 862 2727 1560 2768; baseline 0.003 -10"><span class='ocrx_word' id='word_1_433' title='bbox 862 2728 1038 2768; x_wconf 84' lang='lat' dir='ltr'>civemque</span> <span class='ocrx_word' id='word_1_434' title='bbox 1054 2727 1207 2758; x_wconf 87' lang='lat' dir='ltr'>Atticam</span> <span class='ocrx_word' id='word_1_435' title='bbox 1227 2733 1430 2768; x_wconf 78' lang='lat' dir='ltr'>stuprasset,</span> <span class='ocrx_word' id='word_1_436' title='bbox 1448 2734 1485 2759; x_wconf 88' lang='lat' dir='ltr'>ut</span> <span class='ocrx_word' id='word_1_437' title='bbox 1501 2734 1560 2760; x_wconf 86' lang='lat' dir='ltr'>aut</span> 
     </span>
     <span class='ocr_line' id='line_1_58' title="bbox 861 2778 1507 2819; baseline 0.002 -10"><span class='ocrx_word' id='word_1_438' title='bbox 861 2778 953 2810; x_wconf 88' lang='lat' dir='ltr'>illam</span> <span class='ocrx_word' id='word_1_439' title='bbox 968 2787 1107 2810; x_wconf 81' lang='lat' dir='ltr'>uxorem</span> <span class='ocrx_word' id='word_1_440' title='bbox 1123 2778 1276 2819; x_wconf 85' lang='lat' dir='ltr'>duceret,</span> <span class='ocrx_word' id='word_1_441' title='bbox 1291 2783 1350 2810; x_wconf 84' lang='lat' dir='ltr'>aut</span> <span class='ocrx_word' id='word_1_442' title='bbox 1361 2778 1507 2811; x_wconf 71' lang='lat' dir='ltr'>dotaret,</span> 
     </span>
    </p>
   </div>
  </div>
 </body>
</html>
