1976 3296
323 231 350 271 (ἶ
915 240 1188 271 PRAEFA'mo.

326 334 423 389 quia
455 332 576 373 nescis
597 347 676 373 eas.
736 332 853 374 Hec.
876 333 995 374 Prol.
1026 334 1116 374 Alt.
1136 333 1208 374 17.
1242 331 1302 372 Et
1328 331 1422 374 inde
1443 333 1618 375 terendo.
1677 333 1784 376 Act.

327 414 356 441 ι.
385 401 425 442 2.
458 401 526 442 15.
561 399 786 441 Consilium
818 400 1132 455 contemplasse:
1163 404 1206 442 et
1235 403 1306 441 40.
1343 399 1570 456 Utcumque
1599 402 1786 443 maxime.

326 469 426 510 Act.
454 479 524 508 111.
555 470 596 509 3.
617 470 686 509 47.
721 466 960 508 Excitacum
992 466 1183 508 reddidit.
1243 467 1346 510 Act.
1380 480 1444 509 IV.
1476 471 1516 511 4.
1548 470 1620 510 41.
1650 467 1785 510 Dere-

326 536 517 590 linqunnt
538 535 632 575 viri.
665 535 839 576 Phorm.
872 536 975 576 Act.
1009 546 1062 576 11.
1087 536 1125 575 1.
1145 535 1185 575 3.
1220 533 1390 575 Reverti
1420 535 1562 577 saltem
1599 551 1679 577 non
1702 551 1785 591 pu-

328 603 434 644 dore,
494 601 600 643 Act.
636 614 708 643 111.
741 603 782 643 2.
817 603 885 643 39.
921 601 1059 645 Quam
1092 599 1310 642 addideras
1345 602 1438 643 hnic
1461 604 1784 657 praeconstituta.

329 670 430 711 Act.
454 680 518 710 IV.
541 670 583 710 l.
608 670 678 710 20.
713 667 835 712 Quod
859 669 894 709 si
920 669 1009 717 scit,
1033 675 1078 708 ut
1112 682 1174 708 me
1206 668 1397 710 excutiat.
1459 670 1577 711 Haec
1611 675 1657 710 et
1683 683 1786 711 sex-

327 742 457 778 centa
489 737 575 778 alia
612 738 651 777 si
680 737 929 789 singillatim
967 737 1060 776 suis
1097 736 1212 777 locis
1245 740 1540 787 annotassem‚
1562 737 1785 778 enimvero

327 817 511 853 vererer,
532 817 586 844 ne
606 817 786 857 operam
814 804 976 844 lusisse
996 816 1066 843 me
1089 804 1189 856 quis
1211 804 1367 843 merito
1399 803 1583 844 diceret.
1625 803 1785 858 Neque

327 877 470 912 tamen
503 871 718 913 affirmare
749 871 921 924 liquido
943 871 1101 920 ausim,
1122 871 1232 911 nihil
1261 872 1304 911 in
1330 876 1397 912 tot
1416 870 1676 920 Codicibus,
1695 875 1785 912 tam

327 938 514 979 difficilis
537 951 658 991 saepe
681 938 903 988 lectionis,
936 938 1052 991 quod
1084 937 1260 990 quidem
1284 938 1465 991 dignum
1486 938 1616 978 fuerit
1637 938 1786 979 obser-

327 1011 446 1055 vatu,
466 1019 608 1047 meam
635 1006 890 1046 industriam
923 1006 1112 1057 fugisse.
1174 1004 1454 1058 Quanquam,
1489 1018 1542 1046 ne
1573 1005 1617 1046 id
1646 1005 1785 1056 fieret,

328 1088 399 1116 me
431 1074 593 1115 fecisse
628 1073 799 1123 sedulo,
840 1073 887 1113 id
922 1073 1029 1113 scio.
1091 1072 1177 1112 Sed
1213 1076 1270 1121 et,
1303 1085 1355 1112 ne
1391 1072 1458 1113 Cl.
1493 1072 1662 1113 Dukeri
1691 1073 1785 1114 otio

328 1143 541 1191 abuterer,
562 1142 671 1182 satis
697 1140 847 1189 habui,
879 1141 933 1190 si,
959 1140 1014 1181 de
1032 1153 1215 1194 quorum
1236 1140 1425 1180 lectione
1447 1139 1784 1190 addubitabam,

328 1210 448 1265 quod
483 1208 716 1250 commodo
749 1208 892 1262 ipsius
925 1208 1016 1248 fieri
1051 1213 1220 1261 posset,
1255 1220 1306 1247 ea
1338 1207 1440 1248 loca
1475 1206 1531 1247 ad
1567 1206 1784 1249 Codicem

327 1277 641 1331 Trajectinum,
662 1277 943 1317 chartaceum
974 1276 1118 1325 illum,
1155 1278 1199 1315 et
1233 1274 1366 1315 Anno
1398 1275 1524 1316 1454.
1555 1274 1783 1328 scriptum,

329 1344 539 1397 exigeret.
598 1343 744 1396 quue
772 1343 891 1383 ultro
912 1342 1017 1382 mihi
1039 1343 1250 1391 oblatum,
1282 1354 1540 1395 summaque
1564 1341 1653 1382 fide
1674 1355 1786 1395 prae-

329 1413 496 1463 stitum,
510 1413 633 1464 grato
655 1410 926 1463 memorique
941 1410 1090 1450 animo
1112 1421 1317 1461 agnosco.
1377 1408 1468 1449 Ubi
1489 1420 1624 1461 porro
1645 1408 1784 1448 mino·

328 1480 388 1521 ris
420 1472 631 1520 interesse
669 1477 917 1525 videbatur,
953 1477 1208 1530 suppressis
1242 1476 1510 1525 nominibus,
1545 1474 1783 1516 Msstorum

329 1551 501 1588 tantum
521 1545 777 1586 mentionem
794 1544 892 1585 feci.
952 1542 1100 1597 Atque
1113 1544 1207 1584 haec
1224 1543 1400 1597 quidem
1423 1543 1476 1583 de
1494 1541 1607 1583 Mss.
1624 1543 1786 1583 nostris

329 1614 398 1655 bis
418 1613 550 1662 senis,
572 1625 673 1653 cum
691 1615 815 1666 parte
836 1612 955 1653 tertii
976 1612 1148 1661 decimi,
1170 1611 1288 1652 dicta
1311 1615 1454 1652 sunto.

387 1681 442 1722 In
463 1680 706 1722 codicibus
728 1679 858 1720 editis
874 1679 1004 1720 facile
1022 1680 1204 1732 reliquis
1227 1679 1419 1732 palmam
1447 1677 1645 1731 praeripit
1665 1678 1783 1730 prin-

329 1762 436 1803 ceps
454 1749 531 1789 illa
552 1748 703 1788 Editio
724 1747 845 1788 Anni
865 1747 992 1787 1469.
1010 1747 1195 1788 triennio
1217 1758 1433 1800 superans
1447 1749 1622 1786 aetatem
1643 1745 1784 1795 illius,

330 1830 463 1872 quam
485 1815 550 1857 cl.
571 1815 708 1856 Mich.
725 1814 954 1856 Maittaire
967 1815 1153 1868 primam
1176 1819 1318 1856 vocat.
1380 1813 1512 1853 Hanc
1529 1825 1609 1865 ego
1625 1812 1783 1853 usibus

327 1884 440 1926 meis
461 1896 718 1924 concessam
748 1895 776 1922 a
807 1883 952 1936 capite
980 1882 1037 1922 ad
1069 1882 1234 1922 calcem
1262 1881 1487 1935 percensui
1519 1883 1619 1921 ante
1650 1892 1783 1933 quam

330 1950 634 1993 Illustrissimo
655 1950 986 1991 Sunderlandiae
1013 1948 1177 1990 Comiti
1204 1962 1258 1990 ex
1282 1948 1488 1989 auctione
1508 1947 1690 2001 publica
1719 1947 1784 1987 in-

329 2032 438 2060 sano
456 2018 598 2072 pretio
617 2018 907 2068 addiceretur,
929 2022 1063 2071 atque
1086 2017 1129 2057 in
1151 2016 1358 2070 Angliam
1380 2019 1642 2068 portaretur.
1702 2015 1783 2056 Vi-

331 2087 392 2128 dit
412 2087 489 2136 ibi,
511 2099 710 2139 ususque
736 2091 805 2126 est
841 2086 906 2127 Cl.
933 2086 1030 2135 Vir,
1063 2085 1326 2126 Franciscus
1356 2083 1496 2130 Hare,
1517 2082 1707 2123 laudans
1737 2083 1782 2123 in

329 2166 494 2206 nupera
514 2166 596 2193 sua
614 2153 804 2193 Terentii
825 2153 1042 2194 Editione.
1103 2152 1189 2193 Sed
1221 2152 1365 2200 miror,
1396 2150 1545 2191 videre
1567 2150 1782 2203 potuisse,

330 2220 450 2274 quod
471 2233 615 2261 meam
637 2220 912 2273 pluriumque
934 2220 1168 2261 oculorum
1189 2219 1330 2260 aciem
1350 2218 1534 2270 fugerat,
1554 2229 1782 2258 numerum

330 2287 472 2336 illum,
493 2300 620 2340 quem
636 2287 746 2336 dixi,
766 2300 854 2328 non
874 2288 993 2341 typis
1014 2287 1290 2340 impressum,
1320 2285 1398 2327 sed
1419 2285 1591 2326 calamo
1613 2284 1783 2337 ascrip-

331 2360 421 2395 tum
443 2355 593 2395 fuisse.
655 2354 792 2396 Addit
812 2360 975 2405 tamen,
1002 2356 1169 2395 nescire
1190 2367 1252 2404 se,
1284 2367 1340 2394 an
1361 2353 1553 2394 omnium
1572 2352 1782 2406 princeps

331 2423 414 2473 sit3
457 2429 576 2463 certe
618 2423 799 2476 quidem
836 2423 1186 2476 antiquissimam
1224 2435 1321 2462 esse
1361 2421 1540 2461 fatetur.
1599 2418 1781 2459 Librum

328 2491 445 2532 hunc
468 2491 635 2543 excipit
651 2490 923 2544 Anonymus,
945 2494 1228 2544 pervetustus
1248 2490 1335 2538 ille,
1357 2488 1429 2530 cui
1448 2500 1528 2528 nec
1551 2486 1678 2536 Loci,
1697 2498 1778 2526 nec

328 2557 616 2610 Typograplii
644 2570 814 2606 nomen,
841 2570 984 2610 neque
1001 2557 1114 2598 adeo
1138 2556 1254 2597 Anni
1275 2567 1478 2596 numerus
1498 2558 1565 2595 est
1587 2554 1782 2595 additus.

330 2625 540 2678 Sequitur
560 2624 709 2665 Editio
730 2625 1010 2674 Tarvisiana,
1032 2626 1252 2678 impressa
1273 2637 1350 2677 per
1373 2622 1636 2675 Magistrum
1661 2622 1780 2662 Pau—

330 2693 419 2733 lum
444 2692 609 2741 Ferari,
646 2703 691 2732 et
717 2694 940 2745 recognita
969 2706 1044 2746 per
1064 2693 1328 2745 Magistrum
1349 2690 1583 2744 Aluisyum
1604 2689 1782 2730 straza-

329 2760 483 2809 rolum,
521 2759 650 2799 Anno
686 2760 810 2800 1481.
872 2760 1125 2813 Sequuntur
1160 2759 1344 2800 Venetae
1386 2759 1515 2807 binae,
1556 2755 1781 2798 Annorum
