1903 3306
316 213 402 255 :398
877 222 1211 253 ARGUMENTA.

360 328 458 359 quem
477 327 539 358 per
555 318 629 358 ejus
647 316 833 348 absentiam
850 316 911 347 sihi
927 316 1089 347 meretrix
1106 315 1332 354 conciliarat3
1357 313 1550 355 affirmavit,
1561 324 1596 345 se
1611 324 1676 351 nou
1694 320 1784 348 ante·

360 371 518 402 daturum
543 371 743 411 promissam
762 370 936 409 virginem,
954 378 1052 409 quam
1069 368 1170 399 Thais
1185 368 1276 400 foras
1291 369 1448 399 oemulum
1465 369 1667 409 pepulisset.
1712 370 1779 401 Illa

361 425 479 463 igitur,
497 424 562 455 etsi
580 429 710 454 amaret
727 423 933 461 Phaedriam,
961 422 1150 460 cupiditate
1181 426 1295 452 tamen
1319 421 1564 462 recuperandae
1582 422 1718 462 virginis
1742 426 1778 453 et

361 479 445 509 civis
463 477 601 516 Atticae,
623 481 659 507 et
672 486 769 517 quam
789 486 807 506 a
825 475 963 515 parvula
982 480 1017 505 ut
1035 484 1183 504 sororem
1201 474 1384 514 dilexerat,
1401 475 1555 506 excludit
1570 476 1776 507 Phaedriam.

361 532 453 563 Hinc
470 531 528 561 ille
553 529 663 570 primo
685 529 863 560 irascitur:
891 532 966 568 post
983 532 1129 567 accepta
1152 526 1238 558 facti
1263 528 1408 567 ratione,
1433 537 1453 558 a
1473 528 1605 559 Thaide
1627 528 1775 560 lenitur:

361 591 396 616 et
413 584 447 615 in
463 583 556 615 bidui
575 582 722 623 spatium
747 589 870 621 sponte
889 580 1080 611 concedens
1097 580 1209 620 militi,
1228 590 1283 611 rus
1301 580 1554 620 proficiscitur:
1580 582 1777 623 statimque,

360 649 402 670 ne
415 638 457 669 ab
474 637 593 668 aemulo
610 635 806 667 muneribus
824 638 1058 674 superaretur,
1075 633 1276 664 Eunuchum
1292 638 1327 664 et
1343 634 1493 674 puellam
1509 634 1779 676 Parmenoniju-

362 693 420 723 bet
437 691 554 722 abiens
571 690 613 721 ad
635 688 802 720 Thaidem
821 688 1006 719 deducere.
1051 688 1178 718 Verum
1196 687 1338 718 Chaerea
1363 686 1472 718 frater
1498 687 1666 719 Phaedriae
1696 692 1778 720 tuuc

362 745 524 787 ephebus,
537 745 607 775 visa
624 744 657 774 in
674 743 726 773 via
743 742 888 781 virgine,
903 740 1130 771 inflammatur
1146 749 1260 771 amore
1277 741 1350 780 ejus
1365 751 1374 779 ;
1397 745 1500 781 atque
1526 750 1566 772 eo
1588 741 1698 772 evasit
1722 751 1780 772 ve-

361 798 511 830 hementi
529 797 663 836 ardore,
681 800 720 827 ut
736 806 798 837 pro
817 796 981 826 Eunucho
997 794 1070 835 ipse
1086 794 1315 826 deduceretur
1340 793 1383 825 ad
1409 794 1583 827 Thaidem.
1631 794 1707 825 Hac
1723 804 1781 825 oc-

363 853 499 884 casione
518 851 638 882 vitiata
654 851 762 891 virgo,
778 854 814 880 et
831 857 906 879 mox
924 848 1019 887 civis,
1043 852 1080 879 et
1095 847 1216 878 nobilis
1231 847 1381 887 cognita,
1397 846 1498 879 datur
1515 856 1601 878 uxor
1617 846 1780 878 Chaereae.

363 906 523 938 Phaedria
543 914 623 936 vero
651 909 688 935 et
710 903 806 934 miles
833 902 968 937 rivales,
997 900 1096 932 ambo
1121 899 1309 932 concordes
1338 909 1401 940 per
1428 899 1613 940 parasitum
1641 899 1784 940 redditi,

364 960 533 992 communi
550 960 659 991 amica
675 958 748 989 sine
762 957 951 988 certamine
970 955 1161 996 potiuntur.
1207 954 1248 985 In
1266 953 1374 994 primo
1392 957 1471 984 actu
1488 951 1650 983 Phaedria
1665 953 1782 984 exclu-

364 1025 420 1046 sus
436 1025 455 1045 a
467 1013 609 1053 Thaide,
625 1016 661 1044 et
676 1021 788 1042 secum
805 1011 925 1051 primo,
949 1014 984 1040 et
1007 1018 1084 1039 mox
1101 1017 1179 1039 cum
1195 1008 1410 1038 Parmenone
1425 1006 1647 1049 conqueritur
1673 1005 1783 1038 fortu-

363 1078 423 1099 nas
441 1077 518 1098 suas
534 1077 541 1097 :
567 1072 602 1097 et
618 1065 659 1096 ad
679 1069 883 1106 postremum
900 1072 1010 1093 coram
1029 1066 1167 1093 accusat
1183 1060 1357 1092 Thaidem.
1404 1060 1534 1091 Rursus
1551 1061 1783 1100 permulcetur

364 1122 407 1153 ab
423 1121 556 1160 eadem,
573 1124 609 1151 et
626 1120 801 1150 voluntate
816 1117 1023 1157 digrediens,
1038 1125 1094 1146 rus
1116 1124 1192 1146 sese
1209 1123 1451 1159 concessurum
1469 1113 1503 1144 in
1521 1113 1670 1154 spatium
1689 1113 1784 1145 bidui

366 1187 440 1208 esse
457 1175 639 1217 promittit.
686 1172 864 1204 Secundus
891 1175 1002 1210 actim,
1030 1168 1280 1211 profectionem
1308 1167 1477 1200 Phaedriae
1502 1166 1669 1207 continet,
1691 1166 1784 1198 dele-

367 1230 478 1270 gantis
494 1237 593 1259 servo
609 1226 852 1257 deductionem
871 1223 1026 1255 Eunuchi
1043 1229 1078 1254 et
1094 1222 1215 1264 puellae
1234 1221 1276 1252 ad
1293 1221 1481 1259 Thaidem3
1507 1224 1578 1251 tum
1597 1220 1783 1260 parasitum

365 1285 576 1325 loquentem,
592 1290 652 1322 per
667 1289 766 1321 quem
782 1279 877 1318 virgo
892 1287 912 1309 a
929 1277 1037 1308 milite
1052 1276 1140 1308 dono
1163 1276 1279 1307 amicae
1301 1275 1404 1306 missa
1419 1278 1470 1304 est
1485 1285 1494 1313 ;
1508 1277 1590 1305 -tum
1611 1273 1784 1304 interven-

366 1343 436 1370 tum
456 1336 609 1367 Chaereae
627 1334 772 1366 amantis
790 1333 968 1374 virginem,
985 1330 1206 1372 ejusdemque
1221 1339 1297 1361 cum
1314 1329 1530 1360 Parmenone
1546 1326 1724 1358 consitium
1740 1327 1785 1358 de

367 1390 487 1422 eadem
505 1389 665 1430 potienda
682 1397 743 1429 per
761 1386 955 1418 fallaciam:
982 1384 1061 1426 quia
1076 1394 1138 1425 pro
1163 1383 1327 1414 Eunucho
1342 1382 1417 1422 ipse
1430 1380 1634 1422 supponitur
1649 1380 1783 1411 Thaidi.

366 1444 502 1475 Tertius
516 1448 612 1474 actus
629 1442 864 1473 characterem
882 1438 1043 1480 exprimit
1060 1437 1177 1469 militis
1194 1442 1228 1468 et
1245 1435 1386 1477 parasiti
1402 1445 1466 1476 per
1488 1434 1666 1466 ridiculum
1683 1434 1787 1465 collo-

368 1498 503 1540 quium:
530 1500 598 1527 tum
624 1494 859 1526 invitationem
883 1493 926 1523 ad
945 1502 1075 1523 coenam
1101 1491 1257 1522 Thaidis:
1283 1494 1353 1521 tum
1381 1488 1589 1520 oblationem
1612 1488 1706 1519 velut
1723 1488 1790 1518 Eu-

369 1552 471 1583 nuchi
487 1551 639 1582 Chaereae
656 1553 691 1579 et
714 1547 835 1588 puellae
853 1557 894 1577 ex
910 1545 1083 1586 AEthiopia
1100 1554 1160 1585 per
1174 1545 1424 1575 Parmenonem
1446 1541 1595 1573 factam:
1622 1545 1692 1572 tum
1715 1550 1788 1572 ver-

368 1607 414 1637 ba
430 1604 621 1637 Chremetis
637 1603 679 1634 ad
702 1601 862 1633 Thaidem
881 1600 1061 1639 venientis,
1091 1598 1317 1640 perductique
1334 1598 1376 1628 ad
1393 1597 1558 1627 militem:
1585 1594 1789 1635 Antiphonis

371 1660 591 1699 Chaereaeque
609 1655 810 1697 colloquium
826 1654 868 1685 de
886 1654 1003 1684 vitiata
1020 1662 1081 1693 per
1097 1653 1211 1683 dolum
1230 1651 1375 1691 virgine.
1422 1650 1462 1680 In
1478 1653 1600 1691 quarto
1623 1652 1702 1679 actu
1720 1648 1788 1678 Do-

369 1714 437 1744 rias
450 1712 583 1743 nuntiat
595 1710 745 1751 jurgium
760 1710 848 1739 inter
865 1707 1005 1738 militem
1024 1712 1060 1738 et
1072 1706 1259 1737 Thaidem:
1284 1709 1354 1735 tum
1371 1703 1518 1734 reditum
1531 1701 1635 1733 habet
1651 1710 1693 1732 ex
1708 1700 1790 1732 villa

372 1765 557 1802 Phaedriae,
574 1770 610 1794 ct
622 1763 793 1804 querelam
812 1760 943 1801 Pythiae.
962 1759 1003 1790 de
1020 1760 1139 1790 vitiata
1157 1759 1286 1798 virgine
1304 1757 1395 1797 apud
1415 1755 1628 1787 Phaedriam:
1655 1758 1690 1785 et
1706 1763 1789 1784 eun-

372 1820 449 1850 dem
474 1822 669 1857 stupentem
686 1814 774 1856 quod
794 1813 977 1845 audiebat:
1003 1822 1152 1843 errorem
1171 1811 1254 1842 ehrii
1274 1811 1481 1841 Chremetis:
1502 1814 1538 1840 et
1561 1808 1667 1839 verba
1691 1812 1790 1847 petu-

371 1872 481 1904 lantia
503 1870 647 1901 Thaidis
673 1869 852 1899 adversum
878 1866 1033 1904 militem,
1061 1869 1097 1895 et
1123 1864 1239 1894 militis
1264 1863 1444 1893 adversum
1460 1861 1645 1892 Thaidem:
1671 1864 1790 1900 parata

373 1926 505 1967 praelia,
522 1923 732 1962 ridiculeque
749 1920 916 1960 deposita.
949 1920 1095 1952 Quintus
1115 1923 1211 1948 actus
1226 1917 1483 1948 haeccontinet:
1503 1915 1678 1955 querelam
1693 1913 1792 1944 Thai-

374 1980 423 2010 dis
440 1979 482 2010 de
506 1978 625 2008 vitiata
640 1976 783 2015 virgine,
802 1974 911 2015 primo
928 1984 1002 2005 cum
1021 1972 1160 2013 Pythia,
1187 1977 1307 2012 postea
1332 1980 1407 2001 cum
1433 1970 1508 2009 ipso
1525 1968 1691 1999 Chaerea:
1718 1971 1789 1997 tum

372 2035 604 2065 interventum
628 2030 819 2060 Chremetis
851 2033 953 2068 atque
980 2027 1141 2058 nutricis:
1168 2030 1237 2056 tum
1256 2022 1548 2065 perturbationem
1565 2020 1790 2063 Parmenonis

375 2096 437 2127 per
453 2085 567 2116 dolum
592 2084 747 2124 Pythiae3
773 2089 878 2123 atque
902 2082 973 2122 ejus
997 2080 1125 2111 indicio
1143 2089 1204 2120 per
1219 2088 1348 2116 senem,
1372 2077 1427 2118 qui
1451 2084 1528 2106 rure
1545 2079 1627 2105 tunc
1644 2073 1790 2104 advene-

377 2144 441 2178 rat,
459 2138 674 2169 confirmatas
693 2137 848 2177 nuptias:
876 2140 912 2167 et
931 2135 973 2167 ad
992 2135 1147 2166 ultimum
1176 2133 1321 2165 reditum
1347 2131 1381 2162 in
1408 2129 1550 2171 gratiam
1574 2127 1691 2159 militis
1715 2135 1790 2157 cum

378 2198 537 2230 Phaedria
553 2202 587 2228 et
605 2196 758 2227 Chaerea.

569 2447 834 2478 EXPOSlTlO
868 2445 981 2474 TITU
996 2444 1041 2473 LI
1076 2443 1176 2474 CUM
1213 2433 1567 2474 ARGUMEN'1¹0.¹

339 2551 442 2582 Ac‘rA
457 2549 544 2580 ludis
560 2546 828 2589 Megalensibus.
863 2545 917 2576 Ita
933 2542 1219 2584 estjungendum.
1257 2540 1348 2572 Acta
1364 2546 1428 2579 est,
1444 2539 1589 2570 recitata
1604 2540 1656 2568 est
1670 2535 1795 2567 Groeca

382 2604 510 2635 Fabula
534 2602 717 2633 Menandri
747 2601 789 2631 de
814 2599 981 2633 eunucho,
1005 2597 1122 2636 Lucio,
1149 2595 1339 2632 Postumio,
1366 2593 1503 2629 Albino,
1528 2590 1698 2626 Cornelio,
1720 2587 1795 2618 Me-

383 2658 455 2688 rula
472 2656 625 2688 aedilibus
643 2655 827 2686 curulibus.
872 2653 998 2684 AEdites
1015 2651 1163 2689 curules,
1183 2651 1237 2691 qui
1255 2652 1353 2680 erant
1368 2647 1459 2688 apud
1477 2647 1657 2681 Romanos,
1682 2641 1795 2682 magni

596 2770 611 2797 1
638 2766 724 2797 Haec
748 2765 955 2796 extraximus
974 2764 1016 2795 ab
1032 2763 1191 2794 Editione
1208 2761 1410 2800 Bruusiana,
1428 2769 1459 2799 p.
1479 2761 1550 2790 153.
