1945 3296
662 221 723 251 DE
755 222 1005 253 THEATRO.
1503 216 1561 256 73

108 324 358 368 tangerentur
389 329 410 354 a
443 329 552 362 voce,
589 316 757 352 sonitum
792 316 966 354 facerent
997 317 1095 354 inter
1127 330 1180 355 se.
1241 317 1375 368 quue
1401 319 1560 357 artificio

107 383 299 420 collocata
317 381 484 426 fuerunt,
504 386 547 417 ut
567 379 714 417 nullum
735 380 918 430 parietem
934 387 1154 431 tangerent,
1177 381 1357 432 circaque
1372 381 1561 420 haberent

106 445 234 483 locum
254 457 433 490 vacuum,
468 451 507 481 et
533 456 681 481 summo
703 444 830 493 capite
852 443 1033 494 spatium,
1064 445 1384 495 ponebanturque
1404 454 1442 483 et
1474 460 1560 484 sus-

107 522 230 560 pensa
250 509 506 546 cernebantur
527 519 591 544 ore
613 506 763 550 declivi,
797 514 839 544 ut
864 507 902 544 in
923 507 967 544 iis
988 521 1063 545 vox
1083 515 1255 546 actorum
1278 509 1455 559 ingressa
1474 510 1561 548 har-

107 572 274 610 moniam
295 571 476 616 efficeret‚
498 576 536 607 et
556 570 718 620 gratiam
741 570 937 620 quandam
955 570 1108 609 afferret
1125 573 1424 623 spectatoribus,
1442 581 1564 624 utque

107 635 306 674 intellectu
328 634 475 672 facilior
495 640 611 671 esset.
668 633 762 671 Tale
784 634 969 683 quiddam
993 635 1110 673 audio
1137 636 1264 673 adhuc
1295 636 1410 674 hodie
1430 645 1562 676 extare

107 700 147 738 in
166 698 399 750 quibusdam
421 697 573 748 templis
595 697 779 748 antiquis,
816 711 904 748 quae
930 712 1036 736 nunc
1057 712 1212 750 quoque
1235 709 1443 751 supersunt
1465 702 1563 739 inte-

108 777 191 816 gra,
210 763 314 815 apud
335 770 479 800 nostrae
498 762 739 812 tempestatis
757 762 933 800 Graecos.
974 764 1017 799 In
1037 777 1198 814 quorum
1221 764 1364 802 fornice
1386 766 1562 804 inferiore

108 835 225 879 atque
246 828 440 878 superiore
463 827 566 864 varia
587 835 678 864 sunt
699 827 889 864 foramina
918 827 1010 865 hinc
1042 828 1131 866 inde
1164 842 1391 879 conspersa,
1427 842 1471 866 ac
1494 831 1563 867 sibi

107 892 225 930 veluti
255 904 302 929 ex
322 891 511 929 diametro
533 892 580 928 ab
601 904 679 928 uno
701 890 750 928 ad
772 891 876 928 aliud
898 891 1001 929 latus
1023 892 1385 942 correspondentia,
1421 894 1457 930 in
1479 894 1563 944 qui-

107 956 180 994 bus
202 956 295 993 vasa
314 968 426 993 aenea
444 955 613 1006 impacta
635 962 738 1001 sunt,
759 968 922 1005 quorum
940 969 983 993 os
1000 956 1122 1006 (quod
1140 958 1344 1007 angustius
1358 965 1430 1003 est,
1448 971 1563 1008 quam

107 1020 189 1070 ipse
215 1022 364 1067 venter)
394 1025 546 1056 tantum
577 1019 743 1057 exterius
778 1026 899 1070 patet,
935 1034 1010 1058 non
1044 1021 1159 1058 etiam
1191 1022 1395 1071 prominet.
1453 1022 1496 1059 In
1519 1034 1565 1059 ea

108 1096 215 1130 vasa,
250 1096 324 1121 vox
355 1083 390 1120 in
413 1083 557 1134 templo
578 1084 798 1121 canentium
820 1084 972 1122 inclusa
992 1085 1255 1123 incredibilem
1275 1086 1392 1123 efficit
1411 1085 1564 1124 harmo-

108 1148 224 1194 niam,
259 1160 456 1198 sonosque
477 1147 808 1194 distinctissimos,
843 1155 882 1186 et
902 1149 1114 1186 admodum
1136 1156 1282 1200 gratos,
1317 1156 1434 1200 atque
1456 1150 1564 1188 aditu

108 1211 256 1250 faciles.
316 1212 395 1249 Sed
434 1211 470 1248 in
510 1211 672 1249 theatris
710 1226 802 1250 vasa
840 1213 1022 1264 resupina
1061 1213 1412 1264 suspendebantur.
1470 1214 1564 1252 Tale

109 1276 203 1326 quid
234 1282 363 1313 autem
392 1276 527 1313 Romae
548 1275 694 1314 factum
716 1277 836 1314 fuisse
857 1277 936 1314 suis
956 1277 1193 1327 temporibus
1215 1284 1333 1328 negat
1352 1278 1563 1325 Vitruvius,

111 1339 181 1377 sed
200 1340 239 1376 in
259 1340 383 1377 ltaliae
405 1340 626 1390 regionibus
647 1341 740 1379 etin
764 1342 938 1391 pluribus
959 1342 1186 1379 Graecorum
1206 1342 1437 1380 civitatibus.
1483 1343 1565 1380 Un-

111 1404 159 1442 de
181 1404 321 1441 Lucius
355 1404 567 1442 Mummius
587 1405 715 1443 diruto
737 1406 1026 1444 Corinthiorum
1046 1406 1213 1443 Theatro
1235 1405 1318 1456 ejus
1339 1420 1450 1444 aenea
1471 1420 1566 1445 vasa

111 1468 276 1505 Romam
296 1468 528 1519 deportavit.
587 1470 704 1508 Multi
737 1470 853 1508 etiam
885 1470 1100 1516 architecti,
1131 1471 1197 1520 qui
1231 1470 1268 1507 in
1301 1471 1454 1521 oppidis
1486 1485 1565 1508 non

110 1531 262 1582 magnis
282 1532 451 1570 Theatra
471 1539 785 1581 construxerunt,
807 1542 963 1587 propter
981 1535 1069 1573 aeris
1091 1534 1274 1585 inopiam,
1294 1535 1474 1573 fictilibus
1496 1536 1566 1573 do-

110 1596 170 1633 liis
189 1596 243 1633 ita
263 1596 493 1634 sonantibus
515 1597 662 1643 electis,
694 1598 768 1636 hac
789 1599 1086 1636 ratiocinatione
1107 1598 1346 1649 compositis,
1380 1599 1439 1636 usi
1461 1608 1564 1637 sunt.

111 1661 358 1711 Quapropter
378 1660 527 1699 Plinius
549 1662 615 1707 ait,
644 1662 682 1699 in
703 1663 880 1700 Theatris
901 1676 1036 1701 vocem
1058 1663 1198 1713 optime
1219 1676 1370 1702 currere
1391 1664 1428 1700 in
1451 1664 1564 1702 doliis

109 1725 306 1763 inanibus.
361 1726 405 1762 In
440 1726 579 1777 ligneis
609 1732 736 1764 autem
755 1727 932 1765 Tlieatris
963 1727 1035 1777 (ait
1053 1727 1281 1775 Vitruvius),
1310 1742 1398 1778 quae
1428 1729 1566 1766 Romae

111 1789 255 1839 passim
276 1790 434 1836 fiebant,
455 1803 533 1827 nou
553 1796 635 1828 erat
653 1791 756 1828 vasis
777 1791 897 1828 aeneis
919 1803 1031 1841 opus,
1057 1803 1145 1828 cum
1166 1791 1426 1830 tabulationes
1446 1792 1566 1830 habe-

110 1859 196 1891 rent
225 1853 457 1904 complures,
493 1867 591 1904 quas
626 1867 764 1892 sonare
798 1867 959 1892 necesse
990 1860 1085 1892 erat.
1140 1854 1282 1892 Aditus
1314 1856 1493 1905 permulti
1528 1862 1568 1894 et

112 1917 272 1967 spatiosi
291 1917 470 1968 dispositi
489 1925 599 1956 erant
628 1918 731 1956 circa
760 1919 984 1965 Theatrum,
1019 1931 1091 1956 nec
1121 1919 1318 1969 conjuncti
1350 1920 1566 1970 superiores

110 1981 369 2027 inferioribus,
397 1982 465 2019 sed
484 1995 530 2020 ex
550 1982 728 2020 omnibus
748 1983 844 2021 locis
865 1983 1041 2034 perpetui
1061 1990 1100 2021 et
1119 1983 1268 2030 directi,
1290 1984 1372 2022 sine
1392 1985 1566 2022 inversu-

111 2044 161 2082 ris
180 2057 189 2082 :
218 2045 288 2092 uti,
322 2059 407 2084 cum
428 2047 597 2098 populus
620 2047 886 2086 dimittebatur
907 2061 927 2085 e
949 2048 1201 2099 spectaculiS,
1234 2061 1312 2086 non
1340 2049 1566 2100 comprime-

111 2114 228 2155 retur,
258 2109 327 2147 sed
359 2110 520 2149 haberet
549 2125 595 2149 ex
616 2112 792 2150 omnibus
815 2113 911 2150 locis
932 2113 1058 2150 exitus
1080 2121 1281 2163 separatos
1304 2113 1384 2150 sine
1406 2113 1567 2165 impedi-

93 2171 229 2211 tione.
287 2174 493 2225 Reliquum
516 2176 672 2213 Theatri
706 2177 909 2214 artificium
929 2190 952 2214 a
972 2177 1095 2228 gradu
1118 2178 1289 2215 omnium
1311 2179 1507 2229 superiore
1528 2178 1566 2215 in

112 2236 359 2275 altitudinem
379 2239 493 2276 trium
514 2240 851 2290 contignationum
872 2248 1142 2291 exporrectum
1163 2249 1258 2287 erat,
1296 2241 1411 2279 etiam
1441 2242 1479 2278 in
1500 2242 1567 2279 he-

112 2301 345 2351 micyclum:
376 2309 493 2353 atque
521 2303 575 2340 ita
606 2304 904 2348 exaedificatum,
940 2312 982 2343 ut
1013 2306 1184 2355 porticus
1220 2306 1414 2343 efficeret:
1446 2305 1568 2344 unde-

111 2377 275 2416 cumque
306 2373 499 2416 patentes,
533 2373 572 2405 et
599 2368 788 2407 columnis
818 2369 908 2407 hinc
939 2377 978 2407 et
1008 2369 1099 2407 inde
1120 2370 1334 2407 ornatiores
1354 2370 1494 2415 factas,
1528 2371 1566 2408 in

112 2441 209 2478 quas
229 2430 397 2481 populus
419 2431 460 2469 se'
479 2431 679 2482 reciperet,
706 2433 736 2470 si
757 2434 915 2484 quando
936 2440 1093 2485 propter
1115 2435 1255 2471 imbres
1277 2440 1345 2471 aut
1364 2434 1451 2472 coeli
1470 2441 1568 2472 tem-

111 2499 302 2543 pestatem
323 2494 450 2532 minus
473 2496 732 2543 commodam,
764 2497 846 2535 ludi
879 2498 1230 2549 interpellarentur.
1289 2498 1384 2535 Eam
1410 2498 1567 2536 Theatri

112 2563 260 2607 partem
295 2557 598 2598 Praecinctiones
630 2561 781 2598 videtur
801 2562 997 2613 appellare
1019 2561 1244 2599 Vitruvius:
1277 2562 1441 2607 Plinius,
1472 2567 1568 2613 ‘pa-

113 2620 245 2658 rietem
265 2621 582 2673 circumjectum.’
639 2625 718 2662 Sed
748 2626 948 2665 inferiores
970 2632 1010 2664 et
1028 2626 1093 2663 imi
1114 2626 1271 2664 Theatri
1300 2626 1472 2677 porticus
1495 2627 1569 2664 du·-

112 2683 231 2734 plices
267 2694 390 2732 erant,
420 2688 625 2740 mediaque
658 2689 783 2740 spatia
818 2692 889 2728 sub
922 2691 1011 2729 divo
1045 2691 1144 2729 inter
1179 2690 1347 2742 porticus
1381 2691 1565 2729 viridibus

114 2747 415 2797 adornabantur,
455 2753 558 2802 quod
592 2753 733 2804 (inquit
769 2754 983 2804 Vitruvius)
1022 2755 1249 2807 Hypaethrae
1284 2754 1565 2794 ambulationes
