1945 3296
477 229 538 259 υΕ
571 227 839 259 TRAGOEDIA
877 228 934 257 ET
968 226 1221 259 conJOEmA,
1522 221 1578 260 45

123 329 240 369 retur,
271 322 388 361 etiam
425 329 562 361 contra
590 322 819 374 praescripta
846 322 994 359 comica
1020 322 1241 360 meretrices
1276 320 1469 359 interdum
1499 334 1577 360 non

123 386 246 425 malas
264 385 506 424 introducere
524 399 532 424 :
574 386 715 436 quibus
737 392 879 431 tamen,
901 398 970 423 cur
997 387 1112 423 bonae
1138 386 1229 431 sint,
1251 392 1291 423 et
1309 385 1490 436 voluptas
1512 399 1579 436 per

121 449 250 500 ipsum
263 455 303 486 et
315 461 435 487 causa
454 462 532 487 non
546 448 659 488 desit.
703 449 802 487 Haec
818 463 906 487 cum
927 449 1245 487 artificiosissima
1262 448 1462 486 Terentius
1475 449 1579 486 fece⁴²

121 512 190 550 rit:
209 519 291 550 tum
303 512 400 549 illud
413 519 473 550 est
485 511 885 562 admirandum‚quod
895 519 934 550 et
949 525 1093 549 morem
1107 512 1277 556 retinuit,
1288 511 1579 549 utComoediam

123 575 329 613 scriberet:
368 582 408 613 et
437 575 665 627 temperavit
697 575 893 621 affectum,
926 588 975 612 ne
1009 575 1048 612 in
1080 575 1327 626 Tragoediam
1356 575 1578 614 transiliret.

123 637 241 681 Quod
260 652 348 677 cum
368 639 450 677 aliis
472 641 586 677 rebus
606 639 762 676 minime
782 640 986 677 obtentum
1006 645 1046 676 et
1059 652 1081 676 a
1101 639 1257 685 Plauto,
1276 646 1315 677 et
1336 639 1383 676 ab
1404 639 1578 685 Afranio,

121 708 162 740 et
181 702 316 749 Accio,
336 709 376 740 et
395 702 526 740 multis
552 702 633 740 fere
654 702 807 752 magnis
828 701 986 739 cornicis
1009 702 1240 739 invenimus.
1298 702 1400 739 Illud
1421 715 1577 752 quoque

120 765 220 804 inter
237 765 492 804 Terentianas
511 765 673 803 virtutes
691 765 878 811 mirabile,
903 763 1009 815 quod
1036 764 1119 815 ejus
1140 764 1283 802 fabulae
1303 777 1349 802 eo
1371 771 1462 802 sunt
1481 770 1579 803 tem-

120 835 361 879 peramento,
382 835 426 866 ut
443 842 571 879 neque
583 835 856 866 extumescant
876 827 926 865 ad
947 829 1133 878 tragicam
1150 827 1434 873 celsitudinem,
1450 841 1578 879 neque

123 891 353 943 abjiciantur
384 891 434 929 ad
463 892 654 930 mimicam
680 892 880 930 vilitatem.
937 891 1066 936 Adde,
1101 891 1208 941 quod
1240 892 1335 929 nihil
1357 893 1579 930 abstrusum

122 956 172 993 ab
184 968 230 994 eo
245 956 399 1007 ponitur
415 968 424 993 :
454 963 521 993 aut
533 956 639 1007 quod
656 957 703 993 ab
719 956 909 994 historicis
926 955 1198 1006 requirendum
1217 956 1288 993 sit:
1313 956 1419 1006 quod
1434 957 1579 1008 saepius

121 1018 287 1057 Plautus
307 1019 413 1066 facit,
433 1026 471 1057 et
490 1033 537 1057 eo
565 1026 626 1057 est
646 1019 845 1058 obscurior
874 1020 911 1056 in
942 1019 1116 1069 pluribus
1145 1020 1255 1059 locis.
1309 1020 1439 1068 Adde,
1471 1021 1580 1072 quod

122 1082 339 1134 argumenti
359 1095 404 1120 ac
425 1082 515 1134 styli
535 1083 589 1121 ita
608 1089 754 1121 attente
775 1096 918 1122 memor
939 1090 1012 1130 est,
1033 1090 1076 1121 ut
1099 1097 1294 1134 nusquam
1315 1097 1395 1122 non
1422 1085 1581 1131 caverit,

122 1153 191 1185 aut
209 1146 401 1185 curaverit
414 1149 431 1169 9
459 1159 518 1192 ea,
539 1160 627 1198 quae
647 1148 786 1185 obesse
806 1155 1039 1197 potuerunt:
1068 1155 1150 1185 tum
1171 1145 1276 1199 quod
1297 1149 1428 1187 media
1446 1150 1579 1201 primis

123 1218 240 1261 atque
260 1211 464 1262 postremis
497 1211 552 1249 ita
583 1211 731 1257 nexuit,
758 1217 801 1248 ut
821 1211 916 1248 nihil
947 1211 1124 1249 additum
1145 1211 1268 1259 alteri,
1289 1213 1359 1251 sed
1380 1220 1511 1262 aptum
1533 1228 1580 1253 ex

123 1287 165 1314 se
186 1282 322 1321 totum,
342 1281 383 1313 et
411 1288 490 1312 uno
524 1288 685 1327 corpore
704 1274 881 1313 videatur
911 1288 997 1313 esse
1029 1275 1300 1326 compositum.
1358 1276 1462 1315 Illud
1482 1292 1580 1329 quo-

122 1351 198 1389 que
217 1338 388 1376 mirabile
407 1339 445 1376 in
465 1351 512 1376 eo
532 1339 668 1389 primo,
698 1338 804 1389 quod
839 1351 917 1375 non
948 1340 1001 1376 ita
1034 1339 1174 1375 miscet
1192 1351 1380 1389 personas
1400 1348 1580 1391 quatuor,

121 1408 167 1440 ut
184 1402 350 1440 obscura
369 1400 420 1439 sit
437 1415 568 1440 earum
601 1402 813 1440 distinctio.
873 1402 922 1438 Et
952 1403 1041 1440 item
1061 1402 1166 1452 quod
1198 1402 1291 1440 nihil
1312 1403 1363 1441 ad
1392 1405 1580 1455 populum

121 1465 216 1504 facit
236 1472 420 1513 actorem,
439 1465 546 1503 velut
564 1479 613 1504 ex
633 1466 837 1517 tragoedia,
871 1466 1001 1516 loqui:
1032 1466 1138 1516 quod
1170 1466 1306 1504 vitium
1339 1467 1470 1506 Plauti
1502 1469 1579 1507 fre-

121 1529 420 1581 quentissimum
439 1536 510 1567 est.
570 1529 673 1567 Illud
713 1530 831 1567 etiam
860 1528 960 1566 inter
990 1536 1119 1567 cetera
1152 1529 1236 1580 ejus
1267 1530 1383 1568 laude
1417 1531 1580 1583 dignum

119 1592 286 1640 videtur,
304 1592 411 1643 quod
430 1593 686 1644 locupletiora
716 1599 947 1644 argumenta
977 1606 1025 1631 ex
1045 1592 1264 1644 duplicibus
1285 1595 1452 1645 negotiis
1474 1595 1581 1634 dele-

122 1656 222 1708 gerit
238 1655 290 1694 ad
309 1656 572 1694 scribendum.
630 1657 745 1703 Nam,
764 1664 928 1708 excepta
959 1657 1127 1709 Hecyra,
1158 1658 1195 1695 in
1217 1671 1294 1708 qua
1313 1659 1430 1696 unius
1463 1659 1581 1697 Pam-

121 1720 218 1771 phili
238 1732 346 1758 amor
365 1726 438 1767 est,
455 1722 595 1758 ceterae
616 1719 788 1771 quinque
807 1721 918 1758 binos
940 1721 1255 1759 adolescentulos
1276 1721 1437 1761 habent.
1476 1723 1580 1760 Illud

120 1796 212 1822 vero
231 1782 445 1821 tenendum
465 1789 539 1830 est,
558 1790 649 1835 post
669 1787 760 1822 νέαν
783 1783 996 1836 Κωμῳδίαν
1023 1784 1182 1822 Latinos
1203 1785 1325 1823 multa
1346 1786 1580 1824 Fabularum

123 1860 268 1899 genera
285 1847 492 1898 protulisse
509 1860 518 1886 :
549 1855 593 1885 ut
612 1855 782 1899 togatas,
799 1861 822 1885 a
837 1848 1001 1886 scenicis
1018 1855 1134 1899 atque
1147 1850 1384 1900 argumentis
1407 1851 1554 1888 Latinis
1569 1864 1579 1888 z

119 1917 387 1963 praetextataS,
408 1912 457 1949 ab
478 1910 668 1962 dignitate
689 1925 956 1963 personarum,
982 1919 1021 1950 et
1041 1913 1180 1950 Latina
1199 1913 1384 1951 historia:
1414 1914 1582 1952 Attella-

121 1987 208 2021 nas,
226 1987 250 2012 a
261 1974 418 2012 civitate
439 1975 681 2026 Campaniae,
697 1976 763 2013 ubi
779 1977 951 2015 actitatae
966 1984 1058 2014 sunt
1070 1977 1247 2028 plurimae
1263 1991 1272 2015 t
1295 1977 1578 2028 Rhyntonicas,

122 2039 172 2076 ab
192 2038 332 2076 actoris
353 2038 532 2077 nomine:
563 2040 816 2086 tabernarias,
838 2042 886 2078 ab
915 2040 1131 2078 humilitate
1164 2040 1382 2090 argumenti
1403 2047 1442 2078 et
1461 2041 1578 2092 styli:

122 2102 274 2147 mimos,
297 2103 345 2140 ab
366 2101 547 2140 diuturna
567 2103 783 2141 imitatione
805 2105 936 2142 vilium
953 2116 1079 2142 rerum
1099 2110 1138 2141 et
1158 2103 1298 2141 levium
1313 2117 1580 2154 personarum.

124 2165 229 2203 Inter
248 2165 495 2216 Tragoediam
516 2174 645 2205 autem
666 2173 705 2205 et
726 2168 970 2206 Comoediam
989 2181 1079 2206 cum
1112 2167 1247 2214 multa,
1279 2174 1360 2206 tum
1387 2168 1425 2205 in
1445 2169 1579 2220 primis

122 2228 199 2267 hoc
219 2227 366 2266 distat:
396 2229 503 2279 quod
523 2230 561 2267 in
583 2231 785 2269 Comoedia
804 2232 1021 2271 mediocres
1042 2232 1208 2270 fortunae
1238 2232 1450 2277 hominum,
1473 2234 1581 2284 parvi

123 2291 292 2343 impetus
324 2291 588 2343 periculaque,
619 2294 779 2345 laetique
813 2302 905 2333 sunt
935 2296 1059 2334 exitus
1090 2295 1300 2334 actionum.
1357 2296 1410 2333 At
1427 2297 1465 2333 in
1486 2296 1581 2334 Tra-

125 2354 268 2406 goedia,
287 2355 418 2393 omnia
447 2357 653 2402 contraria,
684 2358 862 2408 ingentes
893 2372 1085 2409 personae,
1105 2359 1236 2409 magni
1263 2359 1433 2405 timores,
1453 2360 1580 2397 exitus

124 2419 266 2457 funesti
293 2418 499 2456 habentur.
577 2420 625 2457 Et
657 2419 734 2458 illic
770 2421 992 2459 turbulenta
1022 2422 1157 2472 prima,
1190 2421 1399 2473 tranquilla
1431 2422 1580 2461 ultima.

125 2483 171 2520 In
204 2482 412 2533 Tragoedia
446 2483 638 2521 contrario
669 2483 803 2522 ordine
834 2497 895 2522 res
929 2492 1112 2535 aguntur.
1169 2485 1267 2522 Tum
1287 2485 1393 2535 quod
1425 2485 1465 2522 in
1485 2485 1580 2524 Tra-

126 2545 270 2598 goedia,
288 2545 477 2596 fugienda
492 2546 595 2589 vita3
625 2547 664 2584 in
689 2547 904 2592 Comoedia,
924 2548 1168 2599 capessenda
1190 2549 1425 2599 exprimitur.
1482 2549 1581 2587 Pos-

125 2618 263 2655 tremo,
284 2608 389 2659 quod
409 2609 532 2647 omnis
554 2609 757 2649 Comoedia
786 2611 834 2649 de
866 2611 965 2649 fictis
995 2617 1055 2650 est
1080 2612 1343 2663 argumentis:
1374 2612 1582 2664 Tragoedia

171 2749 192 2777 9
230 2749 301 2780 Non
315 2748 444 2788 caverit,
460 2751 513 2780 aut
530 2748 699 2788 curaverit]
733 2749 799 2780 Ms.
813 2750 903 2781 Dan.
921 2760 981 2782 uon
997 2754 1051 2782 aut
1068 2751 1197 2791 caverit,
1213 2755 1267 2782 aut
1283 2750 1450 2783 curaverit.
1469 2750 1521 2781 Id.
