1903 3306
555 241 761 271 ANDmAE
796 240 903 270 Aer.
927 241 971 270 v.
1006 242 1073 271 sc.
1100 242 1150 271 η.
1493 235 1575 278 371

126 337 193 378 S1.
224 335 390 377 Credo:
422 340 466 377 et
487 335 531 376 id
554 336 762 385 facturas,
788 334 945 377 Davos
977 336 1141 377 dudum
1161 337 1368 389 praedixit
1389 339 1506 380 mihi.

127 403 184 444 Et
203 404 351 444 nescio
373 403 476 456 quid
499 404 576 444 tibi
596 417 693 445 sum
715 404 878 445 oblitus
895 404 1037 454 hodie,
1060 416 1112 444 ac
1134 404 1268 453 volui,
1289 405 1448 446 dicere.

748 457 831 474 *N

125 525 156 553 et
170 522 247 553 hanc
265 523 411 561 fraudem
425 522 571 561 facturas
588 524 706 564 Mysim
722 528 750 555 et
770 523 949 566 Glycerium
966 525 1074 556 Davus
1089 526 1201 556 dudum
1217 526 1295 556 mihi
1309 526 1523 565 praedixerat;
1547 532 1577 559 et

125 566 226 595 nescio
238 569 365 606 propter
376 567 451 605 quid
466 566 498 597 id
514 567 572 598 tibi
585 568 685 598 dicere
700 567 813 598 oblitus
828 578 908 607 sum,
924 571 1030 598 contra
1043 578 1135 609 quam
1146 578 1376 610 proposueram.

734 656 967 670 eeeeeeeeeeee

124 720 183 759 At,
197 720 306 750 minus
321 720 419 752 bene.
434 721 531 752 Both.
549 721 693 762 quicum
711 721 768 752 ina
780 732 864 753 voce
876 722 925 753 Ac
937 722 1064 754 claudit
1078 733 1126 755 vs.
1143 726 1279 756 19.—2l
1295 724 1450 763 Repone,
1464 726 1577 761 Credo,

121 766 151 794 et
167 761 354 800 idfuturum
371 764 486 794 Davos.
511 764 611 795 Bent.
656 764 806 795 Facturos
821 766 880 796 ΒΓ.
899 766 940 796 de
955 775 1020 806 quo
1040 770 1137 796 notat
1153 766 1285 798 Bruns:
1309 769 1317 784 ‘
1334 767 1419 798 Haec
1435 769 1576 808 antiqua

122 805 202 835 lect.
219 814 278 844 pro
295 815 360 844 qua
374 805 455 836 edit.
481 806 607 836 habent
621 805 778 845 facturas,
803 807 902 847 genio
926 808 1049 847 linguae
1068 809 1173 839 minus
1191 809 1432 840 convenienter
1447 815 1577 842 mutata

124 854 178 878 est
192 847 361 884 infactum
374 846 400 878 ‘l’
422 848 494 879 Dat
507 849 564 880 ΒΓ.
580 849 652 879 dum
668 859 729 889 pro
745 851 957 882 dudum—22
982 851 1038 881 Sic
1057 860 1187 882 versum
1201 852 1370 882 constitue
1385 862 1393 883 ε
1420 853 1463 882 Et
1476 855 1576 884 nescio

123 890 175 930 qui
190 889 248 919 tibi
262 899 330 920 sum
341 890 454 920 oblitus
468 891 569 929 hodie,
592 895 626 922 ut
642 892 736 929 volui,
752 893 862 922 dicere.
886 893 988 923 Bent.
1038 894 1081 925 Ut
1094 894 1176 925 daut
1199 895 1300 925 Both.
1319 894 1411 925 Peri.
1461 895 1524 930 Qui
1543 897 1575 927 id

124 932 207 973 legit
225 933 324 964 Both.
342 942 401 974 pro
417 933 502 973 quid,
526 938 561 965 et
578 934 670 965 locat
686 935 730 965 Et
754 935 787 965 in
804 934 871 966 fine
886 945 934 965 vs.
951 938 1004 967 21.

529 1210 732 1254 ACTUS
766 1211 821 1252 V.
873 1211 1079 1254 SCENA
1111 1212 1176 1254 II.

427 1325 604 1357 DAVUS.
637 1325 884 1356 CHREMES.
917 1326 1050 1358 SIMO.
1086 1328 1274 1358 DROMO.

126 1403 218 1444 DA.
248 1401 422 1444 ANIMO
442 1416 556 1445 nunc
570 1404 663 1458 jam
685 1404 831 1445 otioso
857 1417 957 1445 esse
979 1405 1160 1459 impero.
1221 1404 1309 1448 CH.
1343 1405 1459 1448 Hem
1481 1407 1573 1449 Da-

297 1484 397 1512 vom
420 1471 516 1512 tibi.

124 1537 192 1579 S1.
226 1537 358 1578 Unde
378 1538 627 1591 egreditur?
690 1538 782 1580 DA.
813 1537 918 1579 Meo
952 1540 1162 1593 praesidio
1198 1547 1332 1596 atque
1366 1542 1574 1595 hospitis.

294 1605 361 1646 s1.
394 1605 514 1656 Quid
536 1606 641 1648 illud
660 1607 765 1648 mali
786 1605 868 1647 ἐῖτ
1002 1594 1048 1607 “”’“

78 1688 79 1691 ’
124 1672 216 1714 DA.
249 1673 344 1727 Ego
364 1674 703 1715 commodiorem
733 1674 968 1725 hominem,
1003 1674 1251 1726 adventum,
1280 1680 1468 1731 tempus,
1491 1689 1575 1718 non

293 1740 400 1782 vidi.
461 1741 528 1783 Sl.
560 1742 718 1784 Scelus

166 1850 235 1882 DA.
261 1850 375 1882 Omnes
388 1850 461 1889 jam
483 1861 563 1882 nunc
587 1861 691 1883 securo
706 1852 810 1884 animo
826 1862 889 1884 esse
914 1852 1042 1893 impero.
1089 1853 1158 1885 CH.
1183 1853 1277 1890 Hem,
1304 1853 1404 1894 Simo,
1426 1864 1492 1885 ecce
1518 1854 1577 1885 tibi

124 1892 234 1923 Davus
257 1894 353 1923 adest.
406 1893 457 1924 Sl.
485 1895 574 1925 Unde
594 1893 779 1934 egreditur?
824 1895 891 1926 DA.
914 1896 987 1926 Meo
1003 1896 1135 1935 auxilio,
1157 1900 1248 1936 atque
1269 1897 1399 1936 hospitis
1424 1897 1576 1928 Critonis.

123 1935 175 1966 Si.
201 1935 287 1970 Quid
302 1935 397 1966 etiam
408 1936 485 1967 illud
501 1938 614 1968 malum
628 1941 686 1976 est,
701 1939 782 1978 quod
798 1938 909 1969 Davus
931 1938 1025 1979 affert
1037 1936 1053 1969 ζ)
1097 1940 1168 1970 ΒΑ.
1194 1939 1298 1971 Rebus
1313 1939 1428 1970 nostris
1447 1949 1576 1970 commo-

123 1977 240 2009 diorem
252 1978 415 2020 hominem,
428 1980 605 2022 adventum,
619 1983 736 2021 tempus
750 1991 810 2012 non
825 1981 900 2012 vidi.
944 1983 994 2012 δι.
1020 1981 1190 2017 Quemnam
1204 1982 1369 2014 sceleratus
1383 1982 1433 2012 hic
1448 1982 1578 2014 laudat?

735 2075 969 2086 eeeeeeeeeeee

167 2131 183 2159 l
207 2129 282 2159 Jam
294 2137 383 2160 nunc.
431 2129 525 2160 Nunc
538 2128 610 2168 J‘am
632 2139 663 2160 o.
686 2131 710 2161 l.
727 2140 751 2162 s,
767 2136 804 2162 et
825 2131 890 2161 Do.
908 2135 943 2161 et
959 2133 1028 2162 stat
1043 2140 1159 2162 versus
1176 2130 1284 2162 divisa
1300 2140 1382 2162 voce
1407 2131 1496 2172 ‘jam
1512 2131 1520 2143 '
1542 2132 1576 2162 in

123 2171 208 2202 duas
221 2171 381 2211 syllabas.
406 2171 463 2202 Fa.
509 2171 599 2202 Olim
614 2171 719 2204 fuisse
735 2173 848 2204 otiosos
860 2173 893 2203 in
908 2174 967 2204 ΒΓ.
983 2178 1127 2205 testatur
1141 2174 1264 2204 Bruns.
1288 2173 1340 2203 Id.
1356 2173 1431 2204 cod.
1450 2174 1508 2206 dat
1527 2175 1577 2205 En

123 2223 185 2254 pro
200 2213 360 2244 Hem—2
383 2212 436 2244 ’St
451 2214 578 2246 omittit
592 2215 759 2246 Rom—3
783 2216 828 2247 Is.
850 2216 991 2247 Vossius
1007 2217 1040 2246 in
1064 2216 1208 2247 Scholiis
1225 2217 1306 2247 Mss.
1324 2216 1365 2246 ad
1382 2216 1413 2248 h.
1430 2217 1454 2248 Ι.
1468 2222 1579 2255 notat,

122 2257 158 2286 iu
174 2255 373 2296 quibusdam
387 2255 560 2288 codicibus
573 2257 653 2297 legi,
665 2259 829 2289 adventum
840 2268 876 2289 ac
891 2262 1007 2298 tempus
1018 2269 1031 2296 ;
1054 2258 1086 2289 in
1100 2259 1187 2299 aliis,
1211 2260 1377 2290 adventum
1392 2260 1431 2290 ad
1446 2262 1577 2300 tempu&

123 2298 166 2329 In
181 2298 279 2329 Leid.
293 2308 357 2329 uno
373 2303 440 2337 est,
462 2300 502 2330 ad
524 2303 643 2340 tempus
665 2302 841 2333 adventum.
885 2301 941 2332 Tr.
958 2301 1074 2340 habet,
1097 2303 1262 2332 adventum
1277 2303 1317 2332 ad
1332 2304 1462 2342 tempus.
1507 2303 1575 2335 Qui

124 2350 206 2372 vero
221 2342 385 2372 adventum
398 2343 440 2372 ad
452 2345 569 2382 tempus
584 2343 756 2384 explicant
772 2343 813 2374 de
830 2343 989 2382 Homine,
1007 2344 1063 2384 qui
1080 2343 1218 2374 advenit
1231 2344 1272 2374 ad
1290 2348 1434 2384 tempus,
1451 2345 1576 2384 stylum

123 2383 368 2414 Terentianum
384 2389 601 2424 exasperant.
630 2386 729 2418 West.
775 2387 857 2418 Adv.
873 2387 912 2417 ad
927 2389 952 2418 t.
976 2386 1021 2416 G.
1043 2391 1078 2417 et
1100 2387 1168 2417 ET.
1194 2386 1243 2417 Id.
1261 2386 1294 2417 z'n
1309 2387 1392 2418 Adai.
1438 2387 1520 2418 Adv.
1538 2389 1577 2418 ud

123 2429 148 2456 t.
172 2427 214 2457 R.
239 2425 335 2457 Lind.
379 2427 578 2467 Bipontinis
606 2428 737 2468 placuit
759 2430 828 2459 adv.
844 2430 883 2460 ad
906 2432 931 2460 t.
955 2428 1042 2459 Mihi
1064 2439 1129 2459 nou
1153 2429 1382 2460 recedendum
1399 2429 1535 2461 videtur
1559 2440 1578 2460 a

123 2468 207 2501 lect.
223 2469 363 2509 vulgari.
379 2469 568 2502 Schmieder.
601 2470 685 2503 Adv.
701 2472 740 2503 ad
755 2474 778 2502 t.
796 2471 877 2503 Par.
891 2471 1033 2512 recepit.
1066 2472 1143 2504 Quo
1159 2476 1247 2503 teste
1260 2472 1344 2503 Mss.
1360 2472 1450 2504 Pan.
1464 2473 1575 2504 omitt.

779 2567 920 2600 NOTAE

168 2630 185 2658 1
210 2627 348 2668 Impero]
380 2628 559 2662 Serviliter
589 2632 722 2662 exultat
751 2632 822 2663 Da·
877 2631 981 2671 Simo,
996 2631 1093 2662 Davo
1109 2640 1173 2662 non
1187 2630 1361 2671 audiente,
1378 2634 1413 2662 et
1429 2631 1501 2662 solo
1526 2640 1577 2662 se-

123 2686 196 2708 vus.
877 2691 954 2713 cum
970 2683 1141 2723 loquente.

169 2727 382 2760 HemDavom
394 2729 463 2761 tibi.
484 2731 535 2762 S1.
547 2731 635 2763 Unde
647 2731 822 2772 egreditur]
920 2734 938 2762 3
963 2731 1069 2763 Scelus
1087 2733 1256 2768 Quemnam
1267 2733 1317 2764 hic
1328 2732 1448 2773 laudat]
1474 2732 1482 2749 ‘
1498 2732 1576 2764 Sce-

125 2776 213 2810 Haec
228 2787 377 2810 seorsum
402 2780 585 2822 loquuntur
605 2782 766 2814 Chremes
789 2787 825 2814 et
876 2783 927 2814 lus
939 2783 946 2795 '
961 2792 1023 2823 pro
1040 2784 1198 2816 scelesto.
