1903 3306
256 215 343 256 488
754 226 795 255 P.
829 225 1073 256 TERENTH
1108 222 1226 256 AFRI'

255 320 343 361 Sed
375 319 511 361 Thais
542 320 680 361 multo
713 325 815 362 ante
844 321 997 364 venit?
1057 320 1149 361 ΡΥ.
1180 319 1308 362 Anne
1334 322 1446 364 abiit
1461 321 1554 376 jam
1579 336 1606 365 a
1629 323 1717 365 Mi-

424 387 501 428 lite
517 389 535 428 ‘l

254 455 342 496 CH.
374 455 674 508 Jamdudum3
697 459 898 498 aetatem:
919 456 1022 497 lites
1045 461 1148 498 sunt
1174 457 1284 498 inter
1303 471 1383 500 eos
1404 458 1535 500 factae
1558 471 1715 500 maxu-

424 537 522 565 mae.

253 590 344 632 PY.
379 590 504 632 Nihil
525 590 643 631 dixit
660 594 767 641 tum,
801 595 851 632 ut
881 604 1114 645 sequerere
1145 593 1275 633 sese?
1336 592 1426 635 CH.
1459 593 1598 643 Nihil,
1627 594 1713 635 nisi

426 659 577 700 abiens
597 658 704 699 mihi
724 659 882 700 innuit.

254 727 345 767 PY.
378 726 489 777 Eho,
509 739 651 768 nonne
673 727 717 767 id
738 732 808 769 sat
832 728 958 769 erat?
1021 727 1111 769 CH.
1142 726 1206 769 At
1225 729 1478 770 nesciebam
1499 728 1542 770 id
1567 728 1713 770 dicere

425 795 572 846 illam3
599 796 685 836 nisi
707 797 813 849 quia
1656 797 1712 837 10

255 862 461 904 Correxit
483 862 632 914 Miles,
674 864 794 917 quod
836 864 1035 906 intellexi
1075 864 1249 906 minus:
1284 877 1388 905 nam
1425 877 1494 905 me
1525 864 1714 906 extrusit

422 933 558 973 foras.

255 1062 350 1093 multo
366 1065 437 1093 ante
461 1066 606 1103 tempore,
623 1074 714 1105 quum
733 1066 894 1103 venissem,
918 1064 1014 1095 Thais
1028 1064 1079 1095 hic
1096 1063 1187 1102 suit?
1231 1064 1300 1095 ΡΥ.
1324 1065 1414 1096 Anne
1428 1065 1508 1096 abiit
1522 1065 1576 1096 illa
1589 1063 1659 1103 jam
1675 1073 1714 1094 ex

254 1105 341 1136 domo
358 1104 501 1137 Militis?
547 1106 615 1137 CH.
638 1109 713 1138 dam
729 1111 805 1138 oetns
820 1110 879 1146 est,
895 1118 935 1139 ex
949 1118 1007 1148 quo
1024 1117 1148 1146 egressa
1163 1107 1201 1139 ab
1216 1109 1288 1139 illo:
1310 1107 1391 1138 rixoe
1403 1107 1486 1139 inter
1500 1109 1568 1138 illos
1589 1106 1713 1147 gravis-

254 1148 342 1178 simae
362 1151 439 1179 ortoe
461 1152 544 1180 sunt.
589 1150 658 1180 ΡΥ.
684 1151 794 1181 Nonne
816 1154 889 1181 tunc
915 1150 970 1181 illa
986 1151 1070 1181 dixit
1093 1151 1150 1182 nbi
1172 1154 1207 1182 ut
1224 1161 1257 1182 se
1279 1152 1469 1191 sequereris?
1514 1150 1582 1182 CH.
1609 1149 1714 1187 Nihil,

253 1191 318 1221 nisi
344 1192 423 1232 quod
438 1192 544 1223 abiens
560 1192 637 1223 mihi
659 1197 738 1224 mnu
763 1194 876 1234 capitis
891 1194 1018 1232 signum
1031 1193 1127 1232 fecit.
1163 1195 1230 1225 ΡΥ.
1258 1194 1339 1231 Eho,
1360 1204 1458 1225 nonne
1472 1193 1507 1225 id
1527 1193 1717 1236 sufficiebat?

256 1233 326 1266 CH.
349 1235 395 1265 At
419 1235 589 1266 nesciebam
611 1236 696 1266 illum
716 1236 792 1267 mihi
815 1240 892 1267 nutu
915 1237 1107 1276 significare,
1129 1240 1165 1267 ut
1190 1237 1288 1277 ipsam
1310 1246 1472 1277 sequerer,·
1502 1239 1555 1268 sed
1579 1237 1611 1268 id
1634 1236 1716 1277 quod

253 1277 356 1308 minus
372 1278 526 1318 intellexi,
549 1278 582 1309 id
604 1281 741 1319 apertius
762 1279 957 1321 significavit
980 1280 1089 1320 Miles,
1117 1289 1184 1311 cum
1199 1289 1246 1311 me
1267 1280 1417 1311 violenter
1431 1280 1610 1311 exturbavit
1624 1280 1717 1318 foras

863 1394 902 1407 Ν
906 1396 1082 1409 OOOOOOOOO

253 1478 353 1509 modo
370 1482 405 1510 et
430 1478 522 1519 prius
544 1478 693 1510 habebat
716 1479 770 1511 Vi.
794 1484 832 1511 ut
855 1479 965 1512 adhuc
992 1481 1093 1512 litura
1117 1480 1341 1512 demonstrat.
1384 1481 1462 1512 Hoc
1478 1483 1591 1511 autem
1608 1478 1713 1510 verbo

251 1523 261 1539 ‘
274 1521 364 1561 erit‚'
387 1522 516 1563 antiqui
532 1523 635 1553 etiam
652 1523 838 1562 praesentia
852 1528 887 1554 et
904 1524 1081 1564 praelerita
1096 1525 1352 1555 asseverabant.
1376 1524 1434 1555 Fa.
1463 1523 1579 1555 Nostri
1596 1531 1713 1553 omnes

251 1568 309 1601 est,
333 1569 370 1595 ut
385 1564 474 1595 And.
490 1574 532 1596 11.
550 1570 580 1596 5.
596 1568 648 1596 15.
673 1566 682 1582 ‘
698 1566 825 1597 Verum
842 1566 925 1597 illud
940 1567 1081 1598 verbum
1098 1566 1174 1599 est!
1218 1567 1255 1597 Si
1270 1570 1315 1598 est
1331 1567 1460 1608 piacet,
1476 1576 1538 1606 pro
1552 1565 1620 1598 sine
1635 1565 1712 1605 lege

251 1608 374 1648 absque.
420 1608 557 1639 Poteris
583 1608 684 1638 etiam
713 1612 793 1640 erat.
839 1610 906 1640 Sed
932 1610 992 1641 erit
1016 1620 1082 1641 non
1110 1614 1164 1641 est
1190 1609 1439 1641 solicitandum.
1464 1610 1562 1640 Bent.
1608 1609 1711 1639 Bent.

252 1651 339 1682 bene
357 1650 466 1682 edidit
489 1651 560 1683 erit.
584 1652 623 1682 R.
640 1652 687 1682 D.
712 1651 765 1683 Id.
783 1651 865 1683 dant
885 1652 962 1693 Bip.
980 1654 1081 1684 Both.
1098 1653 1257 1684 Perl.-—7
1280 1652 1334 1684 An
1351 1652 1394 1683 G.
1418 1653 1486 1683 ET.
1502 1652 1583 1683 ΕΜ.
1612 1652 1711 1683 West.

252 1694 430 1725 Particula
445 1703 481 1725 ne
497 1704 564 1724 uon
580 1700 631 1724 est
648 1695 682 1724 in
699 1694 880 1727 Bembino.
927 1696 966 1727 In
985 1696 1050 1727 alio
1067 1706 1199 1738 quoque
1214 1696 1302 1727 libro
1320 1700 1455 1726 vetusto
1470 1696 1619 1726 deletam
1636 1703 1713 1725 eam

251 1737 387 1768 inveni:
414 1742 450 1768 et
465 1741 559 1768 certe
574 1746 638 1768 non
655 1742 709 1768 est
724 1738 931 1770 necessaria.
955 1739 1013 1770 Fa.
1058 1740 1151 1770 Anne
1164 1739 1283 1779 scripti
1302 1739 1467 1780 plerique.
1492 1739 1501 1755 ‘
1516 1736 1634 1768 Abiit’
1656 1737 1712 1768 hic

251 1779 441 1821 disyllabon
459 1784 522 1812 est.
567 1780 675 1811 Porro
693 1781 780 1820 lege,
796 1782 891 1812 multo
907 1791 953 1812 me
968 1782 1137 1813 antevenit.
1161 1783 1264 1813 Bent.
1310 1782 1400 1814 Anne
1415 1782 1495 1812 Vet.
1516 1780 1599 1812 Cod.
1614 1780 1711 1811 Lina.

252 1824 303 1854 An
320 1823 357 1854 Z.
375 1823 455 1864 Bip.
481 1824 583 1854 Both.
629 1824 685 1854 Me
705 1825 874 1855 antevertit
898 1825 1067 1856 Boiu—8
1090 1825 1147 1856 Ita
1162 1825 1291 1856 colloca
1307 1824 1382 1855 haec
1401 1825 1503 1855 verba
1525 1833 1565 1853 ex
1592 1832 1624 1854 0.
1646 1823 1668 1853 l.
1685 1832 1712 1853 s.

240 1865 341 1903 factoe
355 1870 425 1897 sunt
442 1867 525 1897 inter
537 1876 597 1898 eos.
620 1867 681 1897 Fa.
728 1867 783 1897 Sic
809 1872 892 1898 vett.
918 1867 1003 1899 Edd.
1022 1873 1058 1899 et
1073 1868 1182 1908 major
1203 1872 1393 1898 nostrorum
1412 1876 1500 1908 pars,
1523 1867 1620 1897 Bent.
1666 1866 1712 1896 Et

249 1909 299 1939 sic
312 1909 394 1940 dant
407 1910 511 1940 Beut.
531 1910 606 1950 Bip.
623 1910 724 1940 Both.
742 1910 836 1940 Perl.
861 1911 984 1949 Delpli.
1031 1911 1192 1942 Ceterum
1210 1911 1270 1941 dat
1283 1911 1385 1941 Both.
1406 1911 1441 1941 J.
1458 1912 1593 1940 oetatem.
1639 1908 1712 1940 ΡΥ.

251 1951 347 1982 Eho!
393 1953 461 1984 CH.
487 1952 589 1993 Lites,
605 1954 658 1993 8515.
684 1957 720 1983 et
744 1959 879 1984 monet:
905 1957 912 1970 ‘
928 1953 1017 1984 Illud
1038 1954 1104 1984 Eho
1120 1954 1265 1984 habetur
1289 1954 1320 1983 in
1339 1954 1382 1992 B,
1400 1962 1461 1983 uec
1479 1950 1711 1992 spernendum

250 1994 523 2026 videbatur.'—9
547 1996 597 2026 M.
616 1995 711 2026 Nihil
724 1995 808 2026 dixit
823 2000 907 2027 tunc.
946 1996 1116 2028 Revocavi
1135 2002 1247 2028 autem
1264 1999 1331 2027 tum
1348 2006 1390 2027 ex
1408 1994 1607 2036 quibusdam
1625 1994 1711 2025 Mss.

250 2042 285 2069 et
302 2038 403 2069 editis
421 2038 662 2078 antiquissimis
679 2043 716 2069 et
738 2039 1041 2078 praestantissimis,
1064 2039 1122 2070 sed
1151 2044 1186 2071 et
1212 2040 1364 2071 Donato.
1409 2038 1573 2079 Impressi
1593 2046 1712 2068 recen-

250 2081 355 2112 tiores
371 2081 545 2112 omittunt.
591 2082 660 2113 Ms.
678 2081 770 2121 Lips.
793 2085 828 2112 ut
853 2085 886 2112 tu
911 2092 1079 2121 sequerere.
1101 2083 1210 2114 West.
1256 2082 1372 2123 Aliqui
1398 2082 1474 2112 libri
1502 2085 1538 2112 et
1558 2082 1626 2112 Do.
1644 2089 1710 2111 non

249 2124 377 2155 habent
393 2128 482 2160 tum;
505 2129 552 2162 et,
570 2134 630 2165 pro
645 2134 683 2155 ea
699 2124 861 2162 dictione,
886 2126 917 2155 in
936 2126 1033 2157 Beni.
1056 2130 1107 2156 est
1123 2129 1157 2156 tu
1169 2137 1179 2156 .-
1204 2126 1282 2156 mihi
1301 2131 1479 2166 utrumque
1496 2128 1531 2155 et
1547 2127 1580 2154 tu
1597 2127 1632 2154 et
1644 2126 1712 2154 tum

249 2167 395 2198 otiosum
413 2167 558 2198 videtur.
586 2167 645 2199 Fa.
689 2168 797 2198 Immo
815 2168 894 2198 illud
911 2172 945 2199 tu
962 2178 1056 2199 suam
1075 2169 1129 2199 liic
1145 2168 1319 2208 emphasin
1336 2168 1452 2206 habet,
1469 2171 1504 2198 et
1521 2176 1539 2197 a
1557 2166 1615 2198 Fa.
1633 2175 1710 2206 per-

250 2219 365 2250 peram
382 2210 532 2251 ejectum
553 2215 617 2241 est.
662 2211 742 2241 Duo
770 2220 812 2241 ex
837 2212 960 2242 nostris
987 2212 1159 2242 veterrimi
1188 2215 1246 2248 tu;
1270 2211 1378 2242 ceteri
1402 2214 1480 2241 tum.
1503 2210 1606 2240 Bent.
1654 2209 1712 2239 Nil

249 2254 346 2292 dixit,
361 2257 394 2283 tn
410 2254 459 2293 ut]
484 2253 538 2284 Al.
561 2254 648 2284 male
664 2254 748 2284 dia-it
765 2257 842 2293 tum,
858 2257 903 2286 ut.
948 2254 1002 2285 Al.
1017 2255 1180 2285 omittunt
1196 2259 1241 2292 tu,
1258 2255 1345 2294 quod
1360 2253 1593 2292 rescribimus,
1608 2252 1711 2282 Bem-

250 2295 330 2327 bino
348 2296 430 2333 nixi,
443 2306 518 2326 cuin
536 2297 636 2327 Bent.
654 2301 689 2327 et
712 2297 778 2328 Ms.
799 2298 896 2337 Lips.
911 2301 945 2328 ut
962 2302 995 2328 tu
1010 2307 1073 2337 seq.
1093 2298 1171 2337 Bip.
1218 2298 1275 2328 Sic
1302 2302 1337 2328 et
1362 2297 1465 2328 Both.
1492 2296 1535 2326 N.
1551 2297 1582 2326 d.
1598 2298 1634 2326 ut
1648 2305 1711 2335 seq.

252 2338 378 2370 Z.—-10
404 2339 571 2370 Nescibam
587 2339 690 2370 Beut.
707 2340 786 2378 ssip.
811 2340 914 2371 Both.
941 2341 1121 2372 perr—11
1149 2342 1239 2372 Corr.
1264 2350 1312 2372 me
1332 2341 1382 2371 M.
1408 2339 1490 2370 Mss.
1515 2338 1651 2380 quidam
1674 2342 1711 2369 et

250 2381 347 2414 editi.
392 2383 448 2414 Me
472 2382 607 2413 excussit
634 2382 716 2414 EM.
755 2382 854 2415 West.
901 2383 989 2415 Post
1020 2385 1029 2401 ‘
1043 2384 1152 2415 miuus
1165 2383 1173 2397 ’
1206 2383 1399 2424 interrogat
1428 2382 1508 2423 Bip.
1555 2381 1625 2421 Ego
1650 2380 1709 2412 int.

906 2489 1051 2522 NOTAE

292 2578 312 2606 6
335 2573 411 2606 Sine
425 2575 537 2606 Cerere
551 2578 579 2606 et
593 2575 815 2615 Liberofriget
834 2575 950 2617 Venus]
1007 2581 1053 2609 to.
1086 2577 1253 2616 Voluptas
1271 2575 1303 2607 in
1321 2575 1433 2606 calore
1449 2574 1620 2616 sanguinis
1633 2583 1711 2606 con-

250 2627 355 2657 Ceres
386 2630 437 2656 est
462 2625 535 2655 Dea
562 2625 711 2666 frugum,
737 2632 772 2658 et
795 2627 950 2658 Bacchus
1006 2627 1131 2657 stituta
1144 2631 1209 2664 est,
1226 2625 1346 2667 quihis
1364 2625 1463 2656 rebus
1481 2625 1594 2657 alitur.
1638 2624 1711 2656 Ho-

247 2677 340 2708 vini:
372 2677 551 2717 eleganter
577 2678 757 2709 Terentius
788 2678 950 2709 Cererem
1007 2678 1132 2708 ratius:
1156 2678 1164 2693 ‘
1184 2677 1263 2708 Non
1294 2676 1382 2707 enim
1410 2675 1551 2716 posthac
1576 2675 1640 2706 alia
1655 2685 1710 2706 ca·

250 2737 312 2767 pro
325 2727 415 2766 cibo,
433 2728 604 2758 Bacchum
619 2737 680 2768 pro
698 2729 775 2760 vino
789 2729 876 2760 dixit
890 2737 952 2768 per
1008 2727 1086 2758 lebo
1120 2726 1296 2758 Foemina.'
1348 2726 1490 2766 Frigent
1525 2726 1558 2756 in
1589 2735 1712 2757 uxores

249 2777 489 2819 metonymiam
504 2788 513 2816 3
538 2777 748 2810 inventorem
763 2789 823 2821 pro
837 2779 952 2811 inven—
1007 2777 1134 2817 mariti,
1149 2777 1205 2818 qni
1221 2786 1286 2809 non
1303 2776 1480 2808 admodum
1497 2781 1625 2808 amant.
