1903 3306
383 230 446 259 DE
480 228 701 258 RATIONE
734 226 891 257 METRI
925 228 1254 259 TEREN'I'IANI.
1466 221 1549 264 199

206 320 266 360 Ne
285 322 358 360 hoc
377 322 531 374 quidem
553 322 696 361 tacebit
715 322 920 360 Parmeno.
978 323 1040 360 Oh
1062 323 1272 362 dubiumne
1291 323 1331 361 id
1352 325 1440 362 cst?

205 386 256 423 Et
276 387 387 424 simul
408 387 610 424 conficiam
631 387 781 424 facilius
802 399 876 438 ego
897 387 1002 437 quod
1024 388 1123 426 volo.

205 449 355 488 Praesto
372 450 475 501 apud
495 464 554 488 me
575 464 661 488 esse
683 452 814 488 aiunt:
845 458 999 501 egomet
1016 451 1201 490 convivas
1222 465 1361 490 moror.

201 513 345 551 Tamen
367 514 428 551 vix
448 514 615 552 humane
635 515 791 565 patitur,
811 527 942 552 verum
963 515 995 552 si
1017 528 1193 566 augeam.

96 594 273 632 Muretus
293 593 462 644 quidem,
481 600 524 631 ut
542 593 644 631 hanc
665 593 860 631 licentiam
882 593 1056 645 effugiat,
1077 595 1194 646 legit:
1227 596 1362 634 Tamen
1383 596 1545 634 humane

93 659 156 695 vix
182 659 449 707 patitur—-—
470 657 538 695 sed
558 656 593 693 in
617 657 734 694 nullis
756 657 855 694 Mss.
876 658 930 695 ita
950 657 1105 708 legitur,
1136 672 1261 709 neque
1281 659 1418 697 Latina
1439 661 1543 699 vide-

92 728 154 758 tur
173 733 219 758 ea
238 721 439 758 verborum
459 719 677 758 collocatio.
737 720 786 757 Et
812 727 915 758 certe
946 734 1168 772 quanquam
1202 722 1425 773 frequentes
1457 723 1543 762 istae

91 783 171 821 sive
192 783 412 822 collisiones
435 785 514 823 sive
536 784 718 822 elisiones
741 783 978 835 syllabarum
1000 785 1150 824 illorum
1183 786 1339 824 auribus
1374 785 1542 824 insolitae

90 847 307 894 videantur,
336 849 402 899 qui
432 849 562 886 omnia
593 848 642 886 ad
663 849 885 899 Augustani
916 848 988 886 aevi
1020 862 1194 887 normam
1215 849 1368 900 exigere
1390 850 1541 893 solent;

89 923 166 947 non
185 912 365 949 absurdae
381 919 508 951 tamen
526 912 572 950 iis
589 911 835 958 videbuntur,
852 911 919 962 qui
936 911 995 949 vel
1014 911 1180 949 Enniani
1202 911 1336 950 saeculi
1356 912 1541 962 reliquias

88 973 237 1024 legunt,
266 975 325 1013 vel
355 976 581 1026 popularem
614 973 800 1026 loquendi
831 988 988 1022 morem,
1018 989 1132 1026 quem
1167 988 1284 1027 supra
1313 976 1543 1014 memoravi-

87 1050 186 1085 mus,
207 1039 324 1089 paulo
345 1041 529 1078 attentius
551 1039 826 1078 considerant:
857 1052 928 1077 nec
949 1040 1116 1078 fortasse
1137 1039 1390 1085 mirabuntur,
1412 1039 1445 1078 si
1462 1040 1540 1092 pri-

86 1114 185 1139 mam
209 1103 396 1154 syllabam
418 1104 470 1151 in,
491 1104 570 1150 ille,
591 1105 687 1155 ipse,
709 1104 796 1150 iste,
817 1107 889 1143 ἃς.
919 1103 979 1142 vel
1012 1103 1185 1141 ultimam
1216 1103 1270 1149 in,
1301 1103 1403 1150 vide,
1432 1115 1539 1150 cave,

78 1165 186 1216 jube,
208 1166 327 1213 domi,
346 1167 441 1214 heri,
459 1171 532 1207 &c.
565 1181 670 1219 saepe
691 1176 906 1218 correptam
926 1166 1098 1205 videant.
1156 1168 1217 1204 Ob
1240 1167 1404 1205 eandem
1424 1168 1539 1206 ctiam

84 1230 270 1269 rationem
292 1244 396 1283 saepe
415 1232 496 1270 fieri
519 1232 619 1269 solet
638 1238 694 1278 ut,
714 1231 791 1277 Dii,
820 1231 940 1277 Deos,
961 1230 1027 1277 ait,
1050 1230 1145 1276 scio,
1163 1230 1269 1277 mihi,
1289 1244 1412 1277 meus,
1433 1239 1538 1277 tuus,

84 1307 176 1332 suus
196 1298 507 1346 (nonnunquam,
529 1295 596 1333 tibi
614 1302 653 1333 et
674 1295 760 1340 sibi,
790 1301 835 1332 ut
864 1300 977 1345 putat
1004 1295 1196 1343 Faernus)
1227 1294 1265 1331 in
1286 1307 1402 1331 unam
1421 1293 1539 1346 sylla-

81 1358 171 1396 bam
187 1359 482 1405 contrahuntur,
504 1365 571 1396 aut
589 1372 677 1405 vox,
698 1358 794 1407 jam,
815 1358 854 1394 in
877 1357 974 1395 duas
995 1358 1240 1396 extendatur.
1296 1358 1341 1395 In
1361 1358 1535 1403 vocibus,

80 1422 177 1473 ejus,
199 1422 328 1473 hujus,
349 1423 473 1473 cujus,
501 1430 591 1460 sunt
615 1423 681 1473 qui
706 1422 867 1473 primam
899 1421 1089 1472 syllabam
1120 1420 1417 1473 corripiendam,
1451 1428 1488 1459 et
1517 1434 1534 1458 s

79 1487 196 1525 finale
215 1486 254 1524 in
275 1488 447 1526 secunda
466 1487 702 1532 elidendum,
731 1492 822 1523 ante
854 1498 1081 1532 consonam,
1111 1498 1216 1524 more
1247 1486 1422 1536 antiquo,
1444 1498 1536 1524 cen-

78 1559 188 1590 sent:
218 1564 382 1603 quorum
416 1552 648 1589 sententiam
681 1550 754 1588 etsi
787 1562 863 1587 non
893 1562 1051 1600 prorsus
1082 1550 1358 1600 improbamus,
1393 1549 1532 1587 melius

78 1621 206 1652 tamen
227 1617 352 1654 versui
372 1616 523 1654 consuli
553 1627 668 1666 posse
702 1626 923 1658 censemus,
953 1613 986 1650 si
1006 1626 1062 1650 eve
1083 1625 1198 1651 voces
1219 1612 1258 1649 in
1278 1625 1395 1649 unam
1416 1611 1534 1663 sylla·

76 1679 164 1716 bam
184 1679 282 1717 inter
301 1678 631 1731 pronuntiandum
651 1677 945 1721 contrahantur,
974 1676 1072 1714 adeo
1093 1684 1136 1714 ut
1155 1675 1293 1714 eodem
1314 1676 1393 1714 fere
1413 1676 1530 1714 modo

73 1743 319 1794 proferantur
337 1757 415 1794 quo
436 1742 539 1794 apud
562 1742 728 1792 Anglos,
747 1740 807 1778 his
829 1748 868 1778 et
888 1740 1019 1778 whose
1037 1753 1046 1778 t
1076 1748 1142 1778 ut:

128 1808 169 1845 Si
188 1807 296 1846 illum
317 1808 506 1858 relinquo,
534 1806 616 1857 ejus
637 1806 725 1844 vitae
747 1805 888 1850 timeo;
919 1805 977 1842 sin
1000 1804 1180 1856 opitulor,
1201 1803 1315 1855 hujus
1337 1804 1474 1841 minas.

74 1871 382 1922 Interjectiones,
404 1871 563 1923 jurandi
597 1870 792 1916 adverbia,
826 1877 865 1907 et
894 1882 1011 1907 voces
1044 1868 1214 1913 fictitias,
1248 1881 1317 1919 pro
1344 1867 1451 1906 libitu
1474 1869 1531 1906 lo-

73 1935 228 1984 quentis
249 1935 310 1973 vel
327 1934 489 1987 produci
511 1936 570 1972 vel
591 1934 744 1984 corripi,
761 1934 845 1985 ipsa
861 1933 1020 1971 comicae
1041 1932 1249 1971 locutionis
1271 1931 1368 1969 ratio
1389 1931 1530 1969 suadet

72 2006 115 2036 ut
135 1998 315 2041 credam3
346 2011 472 2048 neque
504 2011 601 2049 opus
632 2010 731 2042 esse,
763 2004 806 2034 ut
832 2009 901 2047 pro
929 2001 970 2034 at
991 2001 1035 2034 at
1062 1996 1251 2034 scribatur
1269 2000 1370 2033 atat
1390 2000 1445 2040 at,
1467 1997 1528 2033 vel

70 2063 175 2113 aepol
191 2075 260 2113 pro
281 2063 422 2114 edepol,
451 2076 539 2114 quae
562 2075 635 2100 vox
658 2075 762 2113 saepe
787 2061 947 2111 primam
968 2059 1124 2110 corripit
1144 2058 1247 2111 apud
1267 2059 1372 2096 hunc
1392 2066 1528 2095 aucto-

70 2139 163 2164 rem.
220 2126 346 2164 Ncmo
381 2139 458 2164 non
495 2127 675 2164 observat
708 2137 823 2162 voces
858 2138 944 2162 esse
979 2123 1170 2175 quasdam
1209 2136 1297 2173 quae
1332 2122 1525 2160 diversam

69 2191 326 2241 quantitatem
346 2190 451 2242 apud
471 2190 635 2228 diversae
657 2189 782 2227 aetatis
805 2189 1009 2239 scriptores
1030 2188 1201 2226 habent:
1233 2187 1288 2224 sic
1318 2199 1404 2232 vox,
1438 2199 1524 2223 sus-

67 2254 182 2305 picio,
207 2260 343 2292 contra
362 2267 580 2292 mensuram
601 2252 841 2299 hodiernam,
862 2253 1088 2303 plerumque
1109 2250 1213 2302 apud
1235 2257 1408 2288 nostrum
1431 2262 1523 2287 auc-

67 2325 188 2356 torem
210 2316 421 2355 secundam
443 2317 634 2368 syllabam
655 2316 862 2366 producit:
893 2316 998 2367 quod
1019 2329 1066 2353 ne
1086 2317 1208 2360 fieret,
1241 2313 1450 2351 Goveanus
1484 2314 1521 2350 in

66 2381 148 2432 ejus
182 2382 311 2420 locum
342 2381 515 2432 reposuit
548 2381 765 2431 suspecti0‚·
795 2378 863 2417 sed
897 2380 978 2417 sine
1015 2379 1179 2424 ratione,
1209 2376 1420 2415 cumidem
1441 2376 1522 2415 fieri

65 2445 199 2484 videas
221 2444 323 2497 apud
348 2444 529 2482 Plautum
549 2458 558 2482 ε

224 2530 275 2567 Et
295 2543 343 2567 ne
364 2529 402 2566 in
423 2529 644 2580 suspicione
663 2534 829 2580 ponatur
847 2527 968 2578 stupri
986 2539 995 2564 ε
1025 2525 1166 2576 Amph.
1190 2539 1220 2564 1.
1242 2528 1278 2563 2.
1301 2526 1366 2563 27.

219 2593 469 2644 Suspiciones
491 2606 624 2631 omnes
647 2593 694 2630 ab
716 2605 758 2630 se
780 2598 987 2643 segreget:
1019 2590 1127 2628 Asin.
1152 2602 1211 2627 iv.
1238 2590 1271 2627 l.
1293 2589 1357 2627 29,

63 2678 113 2717 Et
133 2677 236 2730 apud
257 2678 465 2716 Phaedrum
483 2678 521 2718 in
543 2678 712 2728 Prologo
733 2677 797 2715 lib.
821 2689 892 2714 111.

223 2752 452 2805 Suspicione
472 2752 592 2804 siquis
614 2751 754 2790 errabit
775 2763 857 2789 sua.
