1903 3306
604 271 665 300 DE
700 268 884 299 munus
917 268 1131 299 comicis.
1503 259 1587 301 203

137 365 325 418 spondaeo
346 363 522 416 aequalis,
556 363 733 416 adeoque
759 363 798 401 in
827 362 1058 415 simplicium
1086 360 1229 412 pedum
1263 374 1422 399 numero
1451 362 1587 400 merito

166 429 359 468 onendus.

136 443 162 481 p
285 494 345 531 Ex
364 492 561 544 geminato
582 490 767 536 trochaeo,
783 489 1186 537 trochaeo-trochaeus,
1207 501 1274 528 seu
1290 487 1539 526 ditrochaeus.

285 557 344 595 Ex
364 556 559 608 geminato
584 556 726 601 iambo,
748 555 951 593 diiambus.

286 621 344 660 Ex
361 620 557 672 geminato
577 619 781 670 spondaeo,
803 618 1072 670 dispondaeus.

286 684 346 721 Ex
363 683 536 722 trochaeo
556 689 596 721 et
613 682 820 734 pyrrichio,
840 695 953 733 paeon
974 682 1132 733 primus.

284 748 342 785 Ex
360 747 554 799 pyrrichio
575 753 614 784 et
633 746 818 794 trochaeo,
841 759 955 797 paeon
974 746 1125 783 tertius.

284 812 345 849 Ex
363 811 491 850 iambo
511 817 551 849 et
568 811 778 862 pyrrichio,
797 824 912 863 paeon
932 809 1145 848 secundus.

287 875 346 913 Ex
364 875 558 928 pyrrichio
577 881 616 913 et
635 875 776 922 iambo,
796 888 911 926 paeon
933 881 1108 926 quartus.

284 939 344 977 Ex
362 939 536 978 trochaeo
556 946 596 978 et
614 939 756 985 iambo,
776 939 1036 978 choriambus.

194 1006 255 1042 10.
285 1003 344 1041 Ex
362 1003 489 1042 iambo
508 1010 548 1042 et
565 1003 753 1050 trochaeo,
774 1004 1032 1055 antispastus,

193 1069 254 1106 11.
285 1067 344 1105 Ex
361 1067 554 1118 pyrrichio
573 1073 612 1105 et
637 1066 839 1118 spondaeo,
859 1067 1010 1105 ionicus
1031 1079 1053 1104 a
1073 1066 1231 1103 minore.

191 1132 253 1170 12.
283 1131 342 1169 Ex
362 1131 551 1182 spondaeo
572 1138 612 1170 et
629 1131 836 1183 pyrrichio,
857 1132 1005 1169 ionicus
1027 1143 1050 1168 a
1069 1129 1226 1179 majore.

192 1195 253 1232 13.
283 1194 342 1231 Ex
360 1195 533 1232 trochaeo
561 1200 600 1232 et
620 1194 824 1246 spondaeo,
853 1191 1279 1245 trochaeo-spondaeuS,
1307 1202 1375 1229 seu
1408 1188 1584 1241 epitritus

135 1256 346 1297 secundus.

192 1325 252 1362 14.
282 1323 341 1361 Ex
361 1323 549 1374 spondaeo
573 1329 613 1362 et
637 1322 825 1369 trochaeo,
854 1318 1278 1374 spondaeo-trochaeuS,
1308 1330 1378 1357 seu
1407 1317 1584 1369 epitritus

133 1394 310 1437 quartuS.

190 1452 250 1489 15.
282 1451 339 1488 Ex
359 1449 484 1488 iambo
505 1456 544 1488 et
563 1450 766 1503 spondaeo,
787 1450 962 1501 epitritus
982 1448 1140 1500 primus.

194 1516 254 1553 16.
285 1515 342 1552 Ex
364 1515 550 1565 spondaeo
568 1523 607 1553 et
627 1516 768 1561 iambo,
788 1514 965 1565 epitritus
985 1512 1136 1551 tertius.

186 1581 246 1617 Ex
264 1578 372 1616 hisce
393 1578 524 1616 metris
545 1586 712 1629 quatuor
744 1578 870 1616 solum
901 1576 951 1614 ad
984 1587 1158 1627 praesens
1184 1572 1402 1611 institutum
1423 1571 1584 1619 faciunt,

133 1643 330 1684 secundus
350 1642 512 1689 scilicet,
532 1649 710 1694 quartus,
731 1641 906 1680 decimus
926 1640 1076 1684 tertius,
1103 1645 1142 1677 et
1161 1637 1335 1676 decimus
1356 1643 1529 1687 quartus.

187 1710 233 1748 In
253 1709 339 1747 haec
359 1713 526 1759 quatuor
544 1714 679 1753 metra,
699 1706 822 1744 aliave
843 1719 931 1756 quae
962 1704 1008 1742 iis
1030 1709 1122 1742 sunt
1150 1702 1387 1753 temporibus
1405 1701 1584 1752 aequalia,

133 1786 266 1812 omnes
295 1785 430 1811 versus
463 1771 699 1817 Terentiani,
733 1771 904 1822 exceptis
938 1767 1117 1820 pauculis
1149 1766 1313 1818 paeonici
1346 1765 1511 1816 generis,
1545 1770 1586 1801 ut

133 1850 224 1875 mox
243 1836 475 1882 videbimus,
495 1835 637 1874 resolvi
656 1842 837 1886 possunt.
895 1833 968 1871 His
1002 1832 1117 1883 igitur
1147 1830 1264 1881 probe
1288 1828 1469 1879 cognitis,
1489 1827 1584 1865 nihil

131 1900 204 1939 erit
235 1900 274 1938 in
302 1899 434 1938 metris
465 1898 722 1945 Terenfianis,
753 1897 859 1949 quod
879 1910 957 1935 non
978 1896 1036 1935 vel
1057 1894 1172 1934 tironi
1190 1892 1415 1932 facillimum
1434 1891 1584 1931 videbi·

130 1971 206 2011 tur,
226 1970 365 2016 praeter
385 1963 575 2009 licentias,
597 1961 645 2000 de
661 1962 801 2013 quibus
823 1974 893 1999 suo
912 1961 1014 1999 loco.

185 2029 316 2066 Metra
343 2034 473 2065 autem
492 2040 580 2077 quae
602 2033 768 2077 quatuor
800 2038 918 2076 supra
946 2023 1167 2062 memoratis
1198 2028 1414 2071 temporum
1434 2019 1583 2057 ratione

130 2092 238 2143 paria
257 2096 361 2138 sunt,
380 2097 420 2129 et
434 2102 567 2128 eorum
586 2090 708 2128 vicem
738 2089 927 2128 sustinere
948 2093 1126 2139 possunt,
1155 2098 1323 2137 sequens
1354 2083 1499 2122 tabella
1516 2096 1582 2122 ex-

130 2156 248 2193 hibet.

162 2240 423 2268 Trochaeo-trochaeo
514 2239 787 2272 Trochaeo-spondaeo
897 2237 1162 2272 Spondaeo-trochaeo
1274 2235 1549 2269 spondaeospondaeo

197 2298 246 2317 seu
259 2290 407 2316 ditrochaeo
493 2296 541 2314 seu
552 2289 666 2322 epitrito
681 2289 806 2313 secundo
882 2296 931 2314 seu
947 2289 1058 2322 epitrito
1074 2291 1172 2320 quarto
1290 2293 1338 2310 seu
1355 2284 1524 2318 dispondaeo.

215 495 258 978 ,ὍΡΟΓῚΦΨΡΕΟΞΦ

575 2390 674 2427 Sunt
692 2390 929 2441 temporibus
949 2389 1138 2440 aequales,

131 2467 319 2499 Ditribracbys
491 2466 798 2500 Tribrachy-spondaeus
867 2465 1165 2500 Spondaeo-tribrachys
1246 2463 1409 2497 Spondaeo-d
1415 2463 1522 2494 actylus

128 2516 423 2549 Tribrachy-trochaeus
487 2516 729 2548 Tribrachy-dacty
736 2516 778 2541 lus
870 2516 1139 2547 numm-trochaeus
1249 2514 1524 2547 Dactylo-spondaeus

127 2568 424 2600 Trochaeo-tribracbys
488 2567 806 2599 Tribrachy-anapaestus
866 2566 1150 2598 Dactylo-tribrachys
1248 2565 1549 2598 Spondae0·anapaestue

491 2616 728 2648 Trochaeo-dactyl
735 2624 764 2640 us
865 2616 1164 2649 Anapaesto-trochaeus
1244 2612 1552 2647 Anapaesto-spondaeus

494 2665 792 2699 Trochaeo·anapaestus
870 2665 1180 2699 Anapaesto-tribraehys
1248 2663 1531 2694 Dactyloanapaestus

1242 2713 1390 2745 Anapaesto
1403 2710 1530 2743 dactylus

1243 2761 1408 2790 Didactylus

1246 2810 1446 2843 Dianaptestm.
