1903 3306
324 206 410 248 184
732 214 1014 246 JoAcHIMUS
1048 212 1376 243 cAMEaARms

489 310 628 347 Fateor
645 322 654 346 ι
685 309 746 346 abi
765 307 946 358 deprome
964 319 973 344 ι
1004 317 1075 355 age
1096 311 1137 343 tu
1158 305 1305 342 interea
1321 305 1413 343 huic
1429 303 1643 343 somnium:

328 374 391 412 abi
425 372 486 417 de,
522 371 732 423 spondaeus
751 384 760 407 2
801 370 891 407 huic
923 382 1022 414 som,
1053 367 1262 418 spondaeus
1279 380 1289 406 :
1324 371 1399 407 κατ’
1427 370 1718 419 ἑπισυναλοιφὴν
1738 371 1777 404 et

330 438 538 483 συνίὲησιν.

490 496 791 549 Superstitiosus
811 495 875 533 hic
894 493 1049 544 quidem
1071 499 1144 539 est,
1164 504 1255 530 vera
1273 493 1484 544 praedicat:

330 564 497 608 Quidem
517 571 578 601 est
597 576 657 609 ve,
679 559 889 612 spondaeus
911 561 986 596 κατ’
1006 559 1318 609 ε’πισυναλοιφήνῑ
1348 557 1434 596 haec
1454 557 1606 596 collisio
1626 558 1778 596 creber-

328 630 422 667 rime
444 627 608 666 occurrit
627 626 665 662 in
687 623 843 663 comicis
864 622 1052 661 versibus.

438 693 514 736 Qui
533 691 726 743 perjurum
747 688 951 727 convenire
970 687 1054 725 vult
1071 685 1281 731 hominem,
1302 685 1411 723 mitto
1430 686 1470 723 in
1488 685 1684 724 comitium
1701 699 1711 725 ε

331 756 382 794 Νἰ
402 770 440 795 re
460 757 556 801 vult,
577 753 802 805 spondaeus,
824 751 920 789 elisa
937 764 976 795 n,
998 763 1067 801 pro
1087 756 1342 787 consonante.

492 821 579 863 Quo
599 819 631 856 is
651 818 767 855 homo
786 814 995 853 insinuavit
1013 815 1115 851 facto
1137 827 1178 851 se
1199 812 1250 850 ad
1268 812 1336 850 te?
1365 825 1433 863 per
1459 812 1672 864 Dionysia:

331 885 417 928 Quo
439 884 470 920 is
491 884 555 929 ho,
575 881 774 932 τρίβραχυς
795 883 886 918 κατὰ
906 878 1086 927 διαίρεσιν
1107 878 1271 928 syllaba,
1292 877 1394 920 Quo.

438 947 540 984 Nam
561 959 648 984 eum
668 952 777 996 pater
789 944 871 995 ejus
893 942 1067 993 subegit:
1097 954 1201 979 nunc
1220 954 1307 979 mea
1327 947 1448 979 mater
1467 940 1566 979 irata
1585 947 1646 980 est
1664 941 1780 979 mihi:

332 1011 433 1048 Nam
455 1024 542 1048 eum
561 1017 683 1060 pater,
706 1008 885 1058 dactylus
906 1013 991 1044 est:
1023 1006 1105 1057 ejus
1127 1006 1213 1051 sub,
1248 1011 1317 1042 aut
1336 1005 1516 1057 dactylus
1537 1005 1783 1056 liquescente

332 1089 348 1112 s
369 1088 376 1112 ε
408 1080 475 1111 aut
493 1073 702 1118 trochaeus,
723 1075 797 1110 κατ’
818 1073 1121 1121 ἑπισυναλοιφὴν,
1142 1076 1199 1115 ut,
1220 1069 1317 1119 ejus,
1343 1082 1422 1107 una
1442 1070 1492 1107 sit
1511 1069 1675 1121 syllaba.

494 1137 621 1188 Hujus
641 1150 730 1187 quae
749 1136 882 1173 locuta
898 1142 959 1172 est
979 1146 1150 1185 quaerere
1171 1134 1301 1171 aiebas
1321 1133 1464 1171 filiam:

334 1202 474 1253 HujUs‚
497 1205 570 1239 κατ’
591 1202 894 1251 ἐπισυναλοιφὴν,
913 1212 993 1236 una
1013 1198 1188 1249 syllaba:
1221 1198 1334 1244 Sicut,
1355 1198 1500 1243 aiebas,
1521 1196 1626 1236 duae.

494 1266 578 1316 Ego
598 1264 648 1302 ad
669 1276 785 1301 anum
802 1274 956 1300 recurro
976 1274 1141 1299 rursum.
1200 1259 1424 1312 Lampadio,
1445 1261 1628 1298 obsecro:

335 1331 414 1366 Aut
442 1335 516 1374 est,
550 1328 634 1378 Ego
655 1326 704 1363 ad
734 1338 863 1371 anum,
896 1332 1134 1376 anapaestus,
1155 1323 1470 1374 pronuntiatione
1490 1337 1511 1361 e
1541 1323 1686 1361 initiale
1705 1323 1786 1362 col·
1842 1372 1844 1374 v

332 1394 530 1443 liquante:
562 1398 629 1429 aut
649 1390 762 1428 etiarn
802 1389 934 1440 prioris
953 1389 1029 1426 hoc
1055 1401 1142 1426 cum
1161 1400 1295 1425 versus
1315 1387 1461 1425 ultimae
1482 1386 1662 1425 dictionis
1682 1386 1788 1425 finali

335 1457 498 1508 syllaba,
519 1463 562 1493 ut
578 1468 682 1506 saepe
703 1455 760 1501 fit,
782 1453 1005 1491 collidente.

388 1520 532 1558 Videar
551 1519 716 1557 fortasse
736 1518 775 1554 in
803 1517 862 1554 his
884 1517 999 1554 alicui
1028 1515 1140 1553 nimis
1171 1514 1233 1553 diu
1267 1515 1421 1560 morari,
1449 1522 1487 1553 et
1507 1528 1584 1552 non
1605 1527 1770 1553 necessa

334 1585 442 1630 riam,
461 1584 523 1621 vel
539 1583 654 1620 etiam
675 1581 850 1618 inutilem
871 1592 1027 1630 operam
1049 1592 1292 1616 consumere.
1351 1579 1624 1617 Verumtamen
1645 1592 1719 1629 ego
1739 1578 1790 1617 de

334 1662 375 1686 re
396 1660 522 1698 neque
543 1659 700 1697 prorsus
721 1643 960 1694 negligenda
976 1650 1014 1680 et
1034 1642 1154 1693 digna
1174 1642 1399 1680 liberalibus
1421 1642 1574 1688 studiis,
1595 1649 1633 1680 et
1654 1655 1677 1680 a
1707 1643 1790 1693 ple-

334 1713 463 1762 risque
484 1717 651 1748 tractata
684 1708 961 1759 negligentius,
994 1706 1204 1745 dicendum
1238 1707 1312 1744 hoc
1342 1707 1429 1744 loco
1465 1706 1611 1757 aliquid
1633 1708 1789 1757 putavi:

337 1775 440 1828 quod
461 1775 616 1826 quidem
636 1772 825 1824 ejusmodi
845 1785 931 1809 esse
951 1771 1119 1817 confido,
1150 1777 1209 1815 ut,
1237 1771 1303 1821 qui
1330 1771 1427 1808 forte
1449 1770 1642 1808 voluerint
1661 1771 1699 1807 in
1729 1770 1790 1809 his

336 1839 481 1878 versari
497 1837 732 1882 accuratius,
748 1836 979 1874 mediocrem
997 1835 1243 1873 occasionem
1266 1833 1472 1872 exercendi
1493 1834 1662 1872 studium
1679 1848 1791 1873 suum

337 1903 505 1942 habituri
525 1915 612 1940 esse
630 1901 848 1939 videantur.
907 1900 991 1937 Etsi
1012 1906 1141 1937 autem
1169 1899 1255 1936 haec
1277 1906 1367 1936 sunt
1387 1898 1597 1949 praecipua,
1616 1911 1684 1950 per
1703 1911 1791 1949 quae

338 1972 523 2017 poterunt
554 1965 702 2002 numeri
732 1977 914 2002 versuum
948 1965 1180 2001 comicorum
1213 1961 1384 2012 expediri
1418 1969 1456 2000 et
1489 1961 1600 2012 quasi
1630 1961 1792 2009 exsolvi,

339 2036 469 2067 tamen
498 2037 537 2067 et
568 2029 645 2066 alia
663 2027 843 2079 quaedam
864 2026 914 2064 ad
932 2027 1033 2063 hanc
1061 2039 1192 2063 curam
1214 2024 1449 2062 assumenda
1469 2031 1573 2070 sunt,
1587 2033 1634 2062 ret
1659 2025 1696 2062 in
1716 2025 1793 2075 pri-

340 2094 413 2130 mis
435 2093 668 2145 syllabarum
688 2091 908 2142 productio,
941 2105 1029 2141 quae
1049 2092 1203 2135 ἕκτασις,
1224 2102 1269 2127 ac
1288 2088 1492 2139 correptio,
1522 2101 1609 2138 quae
1631 2091 1793 2134 συστολὴ

340 2157 573 2195 nominatur.
634 2156 694 2193 Fit
714 2162 841 2193 autem
872 2157 1029 2200 ἕκτασις,
1058 2154 1184 2192 vocali
1218 2152 1411 2190 interdum
1446 2151 1638 2202 producta
1657 2160 1794 2190 natura

339 2221 465 2258 brevi:
496 2227 552 2265 ut,
573 2220 658 2266 fuit,
678 2226 717 2257 et
736 2219 830 2265 fieri,
852 2219 958 2270 quod
979 2231 1095 2269 supra
1114 2216 1326 2255 retulimus.
1379 2215 1575 2254 Interdum
1597 2215 1793 2266 geminata

343 2289 598 2328 consonante,
616 2289 671 2328 ut,
693 2282 858 2333 relligio,
878 2281 1065 2327 redduco,
1086 2281 1273 2332 reppe1·it;
1306 2282 1464 2324 συστολὴ
1484 2287 1625 2325 autem,
1643 2279 1795 2331 syllaba

343 2353 543 2397 correpta:
573 2353 616 2383 ut
636 2346 785 2391 omitto,
805 2352 842 2383 et
860 2345 1004 2396 rejicio,
1026 2352 1065 2382 et
1086 2349 1307 2393 συναιρέσει,
1327 2345 1455 2389 reicio,
1478 2350 1542 2381 ut:

502 2409 647 2460 Tityre,
667 2414 872 2458 pascentes
891 2421 913 2445 a
932 2408 1089 2445 flumine
1116 2408 1214 2446 reice
1235 2407 1421 2458 capellas.

344 2474 404 2510 Ita
423 2479 580 2522 putatur
601 2474 858 2522 ἐκτεταμένον,
879 2472 995 2509 vitam
1031 2470 1212 2508 dederitis
1244 2470 1282 2506 in
1311 2469 1452 2507 undis:
1482 2474 1534 2515 et,
1566 2467 1793 2506 transieritis

345 2549 481 2587 aquas.
539 2535 621 2572 Etsi
643 2535 875 2586 quibusdam
907 2542 1046 2572 natura
1076 2534 1248 2572 flexionis
1280 2534 1477 2584 postulare
1498 2532 1663 2578 videtur,
1691 2537 1735 2569 ut
1753 2531 1792 2569 in

342 2598 565 2649 hujusmodi
583 2598 722 2642 verbis,
752 2598 796 2642 ri,
829 2598 981 2648 syllaba
1010 2597 1259 2648 producatur,
1293 2603 1333 2635 et
1364 2597 1431 2634 illa
1450 2596 1674 2646 corripiatur
1701 2597 1793 2632 κατὰ

348 2667 542 2708 συστολὴν,
599 2662 696 2699 Haec
716 2669 755 2698 et
781 2663 958 2711 superius
989 2661 1246 2699 iudicatorum
1266 2662 1394 2699 παθῶν
1421 2659 1469 2697 de
1490 2659 1659 2697 Homero
1678 2659 1793 2697 etiam

347 2739 451 2764 nunc
470 2725 650 2777 quaedam
672 2724 1024 2763 demonstrabimus
1042 2738 1050 2761 :
1081 2725 1146 2768 Ἰλ.
1164 2726 1208 2762 σ’.
