1903 3306
467 221 693 253 EUNUCHI
730 221 839 250 Ac'r.
873 219 939 248 ιν.
974 219 1040 248 sc.
1078 220 1151 248 ιιι.
1470 206 1555 248 475

471 377 674 420 ACTUS
709 376 792 418 IV.
852 376 1058 418 SCENA
1090 375 1180 416 III.

462 511 693 541 PYTHIAS.
728 510 982 540 PHAEDRIA.
1017 509 1211 539 DORIAS.

103 591 193 634 PY.
226 591 318 632 UBI
345 604 426 644 ego
458 591 580 631 illum
612 590 899 638 scelerosum,
930 588 1101 637 misera,
1133 590 1265 640 atque
1286 586 1469 639 impium
1493 587 1557 627 in-

273 659 477 699 veniam?
501 662 578 699 aut
598 658 675 698 ubi
694 657 921 711 quaeram'?
1516 668 1518 670 ·

103 724 309 767 Hoccine
343 730 432 767 tam
454 725 605 766 audax
633 725 806 765 facinus
830 724 973 765 facere
995 735 1094 763 esse
1116 722 1299 762 ausum?
1347 721 1435 763 ΡΗ.
1469 721 1555 762 Pe-

273 793 349 834 rii!
375 793 460 833 hoc
481 792 585 846 quid
607 792 665 832 sit
685 803 853 832 vereor.

103 859 193 901 PY.
225 858 346 910 Quin
376 861 508 901 etiam
540 861 720 913 insuper
750 860 910 909 scelus,
940 863 1182 912 postquam
1212 857 1466 899 ludificatus
1490 863 1557 899 est

273 941 499 981 vlrglnem,

103 994 288 1037 Vestem
318 1009 491 1036 omnem
521 996 696 1036 miserae-
726 994 936 1046 discidit3
966 998 1058 1035 tum
1088 994 1236 1048 ipsam
1266 993 1431 1048 capillo
1454 1007 1558 1036 con-

276 1063 420 1105 scidit.

102 1131 192 1173 ΡΗ.
227 1131 368 1172 Hem!
429 1131 520 1171 PY.
551 1130 642 1181 Qui
662 1143 778 1172 nunc
800 1130 838 1171 si
860 1130 985 1171 detur
1005 1129 1125 1180 mihi,
1528 1131 1556 1169 5

104 1200 166 1242 Ut
186 1213 267 1254 ego
287 1200 505 1254 unguibus
526 1200 656 1241 facile
677 1200 740 1240 illi
761 1200 806 1240 in
829 1199 984 1240 oculos
1006 1199 1196 1239 involem
1218 1198 1442 1240 venefico!

103 1268 194 1310 ΡΗ.
236 1269 423 1319 Nescio,
459 1268 568 1322 quid
604 1267 806 1322 profecto
845 1268 1031 1309 absente
1070 1266 1200 1306 nobis
1243 1267 1464 1307 turbatum
1504 1264 1559 1306 'st

276 1335 411 1377 domi.

106 1403 266 1447 Adibo.
327 1404 447 1455 Quid
468 1403 611 1446 istuc?
641 1404 750 1458 quid
772 1403 985 1445 festinas?
1019 1406 1098 1443 aut
1118 1414 1246 1455 quem
1268 1401 1446 1455 quaeris,
1468 1400 1558 1455 Py-

273 1472 418 1514 thias?

146 1592 216 1626 ΡΥ.
241 1594 375 1626 Ubinam
389 1604 445 1634 ego
458 1594 570 1634 infelix
580 1595 666 1626 illum
672 1594 870 1635 flagitiosum
885 1597 915 1625 et
927 1593 1111 1632 sacrilegum
1123 1592 1307 1624 Eunuchum
1318 1590 1560 1632 deprehendam?

102 1634 170 1666 Aut
185 1637 236 1668 ubi
251 1636 469 1676 investigabo?
498 1639 631 1669 Hoccine
645 1641 708 1668 tam
724 1638 923 1668 temerarium
930 1636 1058 1673 fucinus
1069 1639 1260 1667 committere
1275 1645 1367 1665 ausus
1382 1632 1454 1665 est?
1486 1632 1558 1664 ΡΗ.

102 1678 222 1712 Perii!
243 1681 314 1721 quid
329 1681 384 1711 hoc
397 1681 451 1720 sit,
475 1683 556 1720 quod
573 1681 707 1721 Pythias
722 1682 875 1721 queritur,
891 1683 1004 1711 metuo.
1050 1679 1120 1710 Pv.
1146 1680 1229 1714 Quin
1244 1678 1337 1708 etiam
1354 1677 1484 1717 amplius
1498 1684 1560 1705 sce-

101 1722 207 1762 lestum,
217 1727 382 1763 postquam
395 1733 451 1763 per
471 1724 575 1754 ludum
589 1727 619 1754 et
636 1723 742 1761 jocum
760 1724 915 1762 virginem
923 1721 1053 1762 fefellit,
1068 1732 1185 1753 omnem
1201 1720 1346 1752 vestitum
1362 1721 1480 1751 miserae
1496 1719 1562 1748 ‹lis-

101 1766 231 1805 cerpsil,
246 1773 337 1806 atque
350 1767 410 1806 ipsi
425 1775 525 1797 comas
539 1767 677 1797 divulsit.
725 1767 796 1797 ΡΗ.
821 1765 930 1797 Hem!
976 1766 1045 1797 ΡΥ.
1073 1766 1172 1800 Quem
1187 1775 1243 1803 ego
1266 1764 1293 1793 si
1314 1774 1394 1794 nunc
1415 1766 1560 1799 tenerem,

102 1816 194 1847 quam
216 1809 278 1839 cito
299 1808 452 1848 unguibus
479 1810 525 1840 illi
552 1810 683 1851 venefico
709 1809 742 1840 in
769 1810 868 1840 oculos
884 1807 1061 1840 irruerem?
1107 1808 1177 1839 Pu.
1203 1806 1356 1847 Equidem
1372 1806 1474 1837 nescio
1487 1805 1561 1844 quid

102 1850 275 1887 turbarum,
291 1861 342 1882 me
364 1851 497 1888 absente,
523 1853 695 1883 excitatum
720 1857 763 1883 est
787 1853 880 1883 domi.
926 1851 1079 1882 Accedam
1101 1852 1140 1882 ad
1166 1851 1325 1891 Pythiam.
1372 1849 1456 1884 Quid
1476 1848 1561 1878 istud

101 1897 145 1924 est
157 1897 171 1925 ?
203 1894 287 1930 Quid
309 1895 448 1926 celeras?
471 1896 538 1926 Aut
560 1899 630 1936 post
657 1905 744 1936 quem
768 1897 882 1935 curris,
901 1895 1036 1936 Pythias
1050 1898 1061 1925 2¹
1105 1894 1174 1925 ΡΥ.
1202 1894 1300 1931 Eheu,
1330 1891 1495 1931 Phceclria,
1510 1899 1560 1920 ro—

708 1987 951 2000 eeeeeeeeeee

145 2060 162 2089 l
188 2057 298 2090 Abest
312 2068 369 2098 ego
384 2069 403 2089 a
420 2058 504 2090 GM.
527 2062 535 2076 ‘
554 2058 713 2091 Qnaeram
725 2057 733 2070 '
753 2058 894 2089 trudunt
913 2058 992 2098 Rip.
1009 2057 1132 2097 Delph.
1150 2056 1182 2087 in
1200 2065 1332 2087 versum
1346 2058 1441 2088 2.-2
1461 2056 1571 2098 Perii]

104 2101 191 2133 Haec
208 2111 271 2132 vox
289 2102 321 2132 in
340 2101 460 2132 Leidd.
479 2101 648 2140 omnibus,
674 2102 732 2131 Τι·.
751 2101 845 2141 Lips.
863 2100 906 2131 G.
924 2101 982 2131 sed
1000 2106 1034 2132 et
1051 2101 1152 2131 editis
1174 2099 1375 2140 quibusdam
1401 2100 1563 2130 vetustis-

100 2144 194 2176 simis
211 2145 313 2176 etiam
327 2144 462 2185 Pythiae
481 2145 652 2175 tribuitur.
695 2145 803 2177 Quam
822 2144 901 2176 lect.
917 2153 959 2174 ex
979 2144 1062 2174 Mss.
1080 2143 1146 2174 suis
1162 2142 1300 2173 laudant
1315 2141 1359 2173 G.
1373 2142 1407 2173 F.
1424 2147 1457 2172 et
1474 2142 1562 2174 Gov.

101 2197 168 2219 nou
186 2188 286 2218 male.
308 2187 409 2219 West.
455 2187 525 2218 PH.
550 2187 655 2228 Perii]
681 2186 789 2217 Immo
818 2196 894 2217 cum
922 2187 1006 2217 libb.
1035 2186 1105 2217 fere
1130 2185 1283 2216 omnibns
1313 2190 1348 2216 et
1373 2184 1451 2216 edd.
1477 2189 1562 2217 vett.

101 2231 111 2248 ‘
131 2230 226 2261 Perii
238 2230 248 2244 '
264 2230 400 2271 Pythiae
418 2229 610 2261 donandum
626 2234 689 2260 est.
707 2229 804 2260 Bene.
851 2233 860 2247 ‘
878 2229 970 2260 Perii
984 2230 992 2241 ¹
1011 2229 1142 2269 Pythiae
1160 2227 1305 2259 donand.
1323 2233 1384 2258 est.
1429 2227 1510 2258 Itid.
1526 2227 1562 2259 iu

102 2272 178 2305 GC.
196 2273 342 2304 invenio.
367 2273 453 2304 Pera.
497 2274 554 2304 Sic
578 2273 708 2304 donant
726 2273 785 2302 ΒΓ.
806 2272 882 2312 ssip.
900 2272 1066 2303 Rom—3
1091 2272 1200 2303 Scelus
1225 2271 1350 2311 insuper
1374 2270 1477 2301 Both.
1502 2271 1562 2312 qui

101 2319 147 2348 est
161 2315 298 2348 omittit.
345 2316 475 2356 Insuper
502 2316 595 2347 etiam
623 2315 677 2346 ed.
701 2315 893 2355 Delph.—4
920 2315 1016 2346 Lect.
1035 2315 1226 2345 mendosam
1245 2319 1280 2344 et
1297 2323 1362 2344 non
1381 2312 1561 2344 ferendam

102 2360 302 2399 pronuntiat
317 2358 486 2398 Guyetus‚
509 2358 732 2395 substituens,
754 2358 852 2398 ipsom
878 2358 1032 2397 capillom.
1077 2358 1144 2389 Ms.
1171 2357 1263 2395 Lips.
1285 2357 1394 2396 capillo
1420 2356 1562 2388 discidit.

99 2402 178 2433 Tum
192 2402 289 2441 ipsam
305 2402 415 2442 capillo
427 2402 590 2440 conscidit,
609 2410 682 2441 pro,
698 2407 766 2432 tum
786 2401 849 2440 ipsi
867 2401 1027 2440 capillum
1042 2409 1156 2431 conse.
1193 2400 1344 2430 Donatus
1362 2399 1462 2429 etiam
1481 2399 1561 2430 lect.

103 2445 190 2484 vulg.
208 2444 334 2475 laudat.
362 2444 462 2475 West.
510 2445 613 2474 Bent.
631 2443 740 2474 edidit
756 2443 887 2478 miserae.
912 2443 1001 2484 quod
1020 2443 1129 2473 minus
1147 2442 1273 2482 placet.
1295 2442 1394 2473 Zeun.
1440 2442 1562 2473 Misere

104 2486 222 2519 Guelf.
240 2489 270 2517 1.
319 2487 456 2526 Capillos
472 2487 641 2517 Rom—6
669 2486 846 2525 Unguibus]
871 2486 962 2517 Edit.
981 2485 1059 2516 add.
1076 2485 1187 2523 facile,
1211 2485 1482 2525 superscriptum
1511 2494 1562 2515 re-

100 2530 193 2561 centi
208 2534 246 2560 ut
263 2528 396 2560 videtur
413 2539 524 2560 mann.
552 2530 666 2560 Bruns.
715 2529 878 2567 Unguibus
899 2532 933 2559 ut
959 2529 992 2559 in
1015 2529 1115 2559 oculos
1130 2528 1229 2565 facile
1252 2538 1307 2567 ego
1325 2528 1425 2558 Both.
1445 2527 1560 2558 deleto

101 2572 160 2604 iui.
205 2572 245 2604 In
260 2572 354 2603 oculis
369 2572 402 2604 J.
421 2576 456 2603 et
472 2573 625 2603 Venetus
642 2570 718 2603 cod.
767 2569 877 2602 Abest
904 2581 959 2611 ego
986 2581 1006 2602 a
1031 2570 1149 2603 Guelf.
1168 2573 1261 2604 3.-7
1292 2570 1435 2609 Profecto
1461 2570 1562 2602 nescio

762 2657 901 2690 NOTAE

142 2725 163 2754 4
200 2722 321 2755 Vestem
359 2731 478 2754 omnem
509 2721 632 2753 miseroe
660 2721 805 2763 discidit]
853 2720 1020 2754 luctatum
1038 2730 1123 2753 esse.

99 2775 152 2807 Ex
169 2774 218 2806 his
231 2778 378 2816 apparet
395 2773 558 2815 virgInem
586 2773 728 2807 multum
750 2782 802 2804 re-
