1903 3306
500 225 725 256 Eunucm
761 226 872 255 Ac'r.
906 225 957 254 ιι.
991 225 1056 255 sc.
1092 227 1165 257 111.
1501 217 1584 258 433

137 319 278 361 Modo
299 319 417 374 quod
439 332 585 370 ames3
631 319 674 359 in
705 332 758 360 ea
787 332 831 359 re
860 318 1099 360 utilitatem
1130 332 1210 371 ego
1231 319 1391 360 faciam
1414 324 1460 362 ut
1482 333 1583 373 cog-

306 399 469 428 noscas
488 400 632 427 meam
651 399 661 436 ;

135 452 245 494 Cum
277 454 322 493 in
354 453 555 494 cellulam
587 452 643 492 ad
681 458 722 492 te
749 451 887 505 patris
910 464 1071 505 penum
1093 465 1266 493 omnem
1289 454 1576 505 congerebam

306 521 565 561 clanculum.

135 587 222 628 ΡΑ.
254 586 366 640 Age,
402 586 574 640 inepte!
635 585 721 626 CH.
755 585 857 627 Hoc
889 587 1034 628 hercle
1068 587 1233 628 factum
1271 592 1367 628 est:
1412 587 1482 628 fac
1518 588 1579 628 sis

303 667 416 694 nunc
436 653 658 707 promissa
679 659 949 707 appareant3

131 720 237 761 Sive
257 720 366 760 adeo
387 721 519 774 digna
538 733 606 760 res
629 726 710 769 est,
733 721 809 760 ubi
832 724 877 761 tu
899 734 1058 761 nervos
1079 721 1277 761 intendas
1300 725 1412 761 tuos.
1522 723 1578 763 20

133 786 271 828 Haud
292 787 450 828 similis
481 788 603 840 virgo
633 792 698 829 est
725 788 937 841 virginum
971 793 1231 836 nostrarum,
1268 801 1379 840 quas
1415 792 1576 830 matres

303 853 483 896 student

129 984 162 1014 in
178 994 213 1014 ea
229 994 262 1014 re
269 983 401 1024 faciam,
417 988 452 1016 ut
463 984 646 1025 experiaris,
661 989 846 1026 quantopere
860 985 971 1026 possim
987 986 1045 1016 tibi
1061 995 1123 1016 esse
1138 985 1243 1021 utilis:
1269 989 1345 1024 tam,
1357 996 1425 1016 cam
1441 985 1472 1016 in
1484 985 1574 1015 cellu-

129 1027 190 1058 lam
205 1030 289 1057 laam
303 1037 420 1058 omnem
430 1037 541 1067 penum
555 1029 655 1068 patris
669 1028 848 1069 afferebam,
862 1033 893 1059 et
908 1030 1060 1059 cumulate
1074 1029 1132 1059 tibi
1147 1029 1344 1068 apponebam,
1358 1029 1464 1059 insciis
1480 1028 1575 1058 omni-

130 1068 195 1100 bus.
240 1069 305 1100 ΡΑ.
329 1071 412 1109 Age,
427 1071 615 1110 imprudens,
631 1072 783 1111 exprobra
805 1081 871 1111 quse
895 1072 971 1101 mihi
989 1071 1171 1108 benefecisse
1190 1071 1352 1110 proedicas.
1399 1072 1467 1101 CH.
1484 1070 1578 1100 Nunc

128 1110 228 1142 hercle
241 1111 297 1142 hoc
309 1113 422 1143 evenit.
467 1113 577 1143 Inveni
592 1115 670 1153 quod
692 1124 788 1144 amem
802 1124 813 1149 ;
829 1114 897 1152 fac,
919 1115 946 1143 si
971 1114 1028 1152 vis,
1055 1116 1089 1143 ut
1105 1114 1256 1152 promissa
1272 1117 1391 1151 extent,
1406 1113 1471 1143 sive
1483 1121 1576 1152 prop-

126 1156 211 1184 terea
226 1155 304 1194 quod
319 1155 384 1184 hoec
395 1155 484 1192 virgo
499 1157 573 1185 adeo
588 1156 685 1193 digna
696 1165 746 1186 res
760 1159 818 1194 est,
833 1157 865 1186 in
879 1166 937 1195 qua
952 1166 1068 1186 omnem
1081 1158 1154 1194 vim,
1169 1157 1315 1190 studium,
1338 1159 1368 1185 et
1388 1155 1576 1185 industriam

125 1205 230 1235 pona-⁹.
276 1197 349 1228 Non
363 1197 475 1228 similis
487 1201 532 1228 est
544 1199 716 1237 puellarum
730 1202 916 1237 nostrarum,
942 1208 1022 1238 quoe,
1043 1201 1076 1229 ut
1101 1198 1249 1229 demissos
1271 1198 1400 1228 habeant
1424 1198 1575 1235 humeros,

724 1308 962 1321 oooooooooooo

126 1385 156 1414 te
167 1384 319 1422 ostendes,
330 1383 385 1424 qui
395 1383 445 1414 τὶν·
460 1384 512 1415 sis.
530 1385 601 1416 Dat
618 1384 714 1415 Ehem
726 1386 892 1425 Bip.-17
911 1387 1002 1426 Lege
1019 1393 1095 1416 cum
1107 1385 1245 1417 Donato
1258 1386 1363 1424 Mst0‚
1379 1390 1463 1416 vett.
1483 1385 1571 1416 Edd.

127 1430 162 1456 et
179 1426 288 1456 tribus
302 1426 427 1457 nostris
443 1427 633 1464 codicibus,
655 1428 823 1459 utilitatem
839 1429 871 1458 in
888 1439 923 1459 ea
935 1438 969 1459 re
987 1429 1118 1465 faciam.
1164 1429 1310 1459 Tantum
1328 1439 1394 1467 ego,
1412 1429 1500 1469 quod
1528 1428 1574 1458 illi

126 1467 263 1506 habent,
288 1472 325 1499 ut
350 1478 597 1508 supervacuum
615 1471 707 1500 tollo.
732 1471 829 1501 Bent.
876 1471 1086 1511 Obseqnitur
1115 1471 1209 1502 Perl.
1236 1476 1271 1502 et
1295 1472 1397 1501 Both.
1425 1471 1482 1512 qui
1514 1471 1576 1502 dat

128 1510 219 1545 Quod
242 1520 336 1549 ames,
365 1513 551 1542 modo.-18
575 1512 636 1542 Pr.
663 1512 748 1543 Inst.
779 1513 854 1544 Lib.
887 1522 948 1544 xv.
979 1513 1216 1552 congregabam.
1242 1514 1315 1544 ΕΡ,
1339 1523 1451 1553 penum
1475 1523 1576 1545 omne.

126 1552 232 1583 West.
256 1553 378 1584 Penum
388 1563 505 1584 omnem
521 1554 553 1584 in
567 1555 665 1584 Bem.
681 1559 714 1585 et
727 1556 770 1586 V.
784 1560 818 1586 et
835 1556 882 1586 sic
897 1556 1001 1586 etiam
1016 1556 1080 1596 legi
1094 1556 1160 1585 Do.
1180 1561 1348 1587 testatur:
1364 1560 1399 1586 et
1414 1557 1459 1586 ita
1471 1556 1575 1586 etiam

124 1593 184 1626 Pr.
200 1595 286 1626 citat
299 1595 387 1626 libro
405 1597 535 1636 quinto.
564 1596 622 1627 Fa.
646 1597 730 1628 Tres
747 1602 877 1629 tantun]
896 1608 937 1628 ex
954 1599 1077 1628 nostris
1100 1608 1198 1629 omne.
1224 1599 1283 1629 Pr.
1302 1598 1352 1628 bis
1376 1598 1485 1628 locum
1504 1599 1576 1629 lau-

125 1636 186 1668 dat
204 1647 237 1677 p.
255 1639 329 1668 654.
351 1643 385 1668 et
403 1641 495 1670 1017.
519 1639 576 1669 ubi
604 1639 688 1669 Msti
717 1649 848 1680 quoque
876 1649 1001 1671 omnem.
1026 1639 1128 1670 Bent.
1168 1642 1266 1672 Omne
1292 1641 1440 1671 Biz—19
1465 1641 1525 1672 Pr.
1540 1644 1576 1671 ut

123 1688 195 1719 app.
209 1680 277 1720 ipsa
289 1680 338 1711 M.
355 1679 455 1711 West.
483 1681 580 1712 Famis
594 1691 674 1712 nunc
682 1682 833 1720 promissa
849 1683 1032 1722 appareant]
1053 1683 1106 1713 Ita
1120 1687 1156 1713 et
1169 1683 1201 1713 in
1216 1684 1313 1714 Bem.
1329 1683 1386 1714 sed
1398 1683 1442 1714 V.
1456 1687 1492 1714 et
1507 1683 1576 1722 alii,

115 1722 175 1760 sac
187 1722 250 1752 sis.-
272 1722 352 1762 quin
368 1723 451 1753 etin
464 1723 562 1754 Rem.
586 1728 640 1754 est
656 1724 823 1763 glossema
841 1725 992 1756 indicans
1008 1725 1137 1755 dictum
1155 1735 1229 1756 esse
1248 1726 1343 1764 faxis
1358 1735 1418 1766 pro
1436 1725 1494 1764 fac
1520 1726 1575 1757 sis.

125 1763 184 1796 Fa.
229 1764 326 1795 Unus
352 1774 483 1806 quoque
508 1775 550 1796 ex
577 1767 701 1797 nostris
717 1766 831 1803 faxis:
867 1767 995 1807 inepte.
1041 1766 1224 1798 Cledonius
1251 1774 1378 1807 tamen,
1413 1768 1575 1808 magister

125 1810 245 1844 vetus;
272 1816 305 1847 p.
324 1810 418 1838 1916.
443 1809 452 1824 ‘
466 1808 557 1839 Faxo
574 1807 674 1848 faxis,
694 1809 836 1841 Terent.
858 1810 866 1826 ‘
886 1810 1001 1848 Faxis,
1028 1819 1117 1840 nunc
1145 1810 1308 1850 promissa
1338 1810 1550 1850 appareant!
1568 1810 1577 1824 ²

125 1848 286 1879 ceterum
303 1850 390 1880 male
415 1855 493 1889 post
514 1851 524 1867 ‘
537 1850 742 1890 appareant’
769 1852 899 1891 plenam
917 1851 1172 1883 distinctionem
1191 1853 1290 1884 hodie
1308 1857 1451 1892 ponunt.
1476 1853 1575 1884 Bent.

124 1890 162 1921 Si
178 1891 263 1924 Mss.
282 1891 363 1922 Par.
381 1892 468 1923 Perl.
494 1893 537 1931 B,
552 1894 591 1930 C,
606 1893 683 1924 Hel.
698 1893 756 1931 sac
771 1904 851 1925 nunc
863 1895 920 1933 sic,
941 1904 1021 1925 nanc
1044 1905 1143 1934 prom.
1167 1898 1246 1935 ipsa,
1272 1896 1324 1926 vel
1350 1894 1444 1936 (nam
1469 1896 1517 1925 sic
1534 1896 1578 1935 C)

123 1936 178 1963 tua
192 1933 336 1973 ipsa‚8sc.
359 1934 459 1964 Both.
477 1935 532 1975 qui
549 1935 609 1966 dat
625 1936 697 1966 Hoc
712 1936 811 1967 hercle
828 1946 921 1975 nunc,
937 1938 991 1974 sis,
1007 1947 1100 1976 nunc,
1114 1938 1172 1975 sac
1184 1947 1284 1977 prom.
1309 1938 1378 1978 ipsa
1395 1942 1578 1977 appareant.

125 1975 269 2006 Plenam
293 1976 550 2008 distinctionem
568 1982 644 2018 post
667 1978 784 2019 ‘app.'
813 1979 938 2009 habent
964 1980 1024 2010 Br.
1053 1979 1246 2011 Per1.—-2o.
1273 1983 1312 2010 21
1338 1979 1437 2010 Bodl.
1467 1980 1572 2011 verba

122 2017 196 2048 haec
211 2018 415 2049 Parmenoni
432 2019 570 2050 tribuit:
587 2021 636 2050 ita
652 2027 659 2050 ι
685 2020 752 2052 ΡΑ.
778 2020 816 2051 Si
828 2023 901 2052 adeo
916 2021 1012 2060 digna
1024 2031 1083 2060 res,
1100 2022 1151 2052 ubi
1167 2026 1200 2053 ιιι
1214 2032 1320 2053 nervos
1335 2022 1480 2053 intendas
1496 2026 1573 2054 tuos.

125 2060 193 2090 Cn.
216 2060 313 2090 Haud
327 2061 439 2091 similis
453 2062 552 2100 virgo.
596 2062 652 2093 Ita
668 2067 702 2093 et
720 2063 782 2094 Ms.
797 2063 886 2104 Lips.
903 2064 1001 2094 alter.
1029 2065 1127 2095 IVest.
1164 2065 1250 2095 Haec
1267 2065 1382 2103 verba,
1399 2074 1440 2095 ex
1458 2070 1575 2096 aucto-

123 2101 225 2133 ritate
256 2103 396 2142 Donati,
426 2104 578 2135 Chaereae
609 2105 836 2137 attribuimus,
869 2107 926 2137 Fa.
974 2107 1095 2137 Nostri
1126 2107 1213 2137 male
1242 2106 1327 2138 dant
1355 2107 1574 2138 Parmenoni-

123 2144 221 2175 Bent.
266 2145 375 2176 Recte
390 2145 439 2176 his
456 2146 632 2186 praescribi
647 2147 680 2177 in
697 2147 796 2179 codd.
812 2149 932 2178 nostris
953 2149 1173 2179 Parmenonis
1191 2159 1312 2180 nomen
1325 2150 1398 2190 jam
1416 2154 1576 2190 apparet,

122 2186 268 2228 legoque
296 2197 371 2218 cum
398 2188 526 2219 eisdem
552 2188 590 2220 Si
605 2191 692 2228 adeo,
714 2195 869 2221 correcto
886 2194 1000 2221 tamen
1014 2191 1115 2222 verbo
1142 2191 1227 2231 Sive,
1242 2201 1308 2222 nou
1324 2192 1460 2230 omisso,
1484 2193 1574 2233 quod

122 2229 201 2260 libri
231 2229 372 2261 faciunt.
410 2231 508 2262 Both.
553 2232 611 2272 qui
642 2233 700 2263 dat
728 2236 898 2273 appareant
915 2256 923 2264 .
937 2257 945 2264 .
962 2255 969 2263 .
984 2256 991 2265 .
1009 2234 1075 2265 ΡΑ.
1113 2234 1200 2264 Sine.
1248 2235 1317 2266 Cn.
1351 2234 1388 2265 Si
1418 2235 1492 2265 adeo
1524 2244 1575 2266 res

121 2274 169 2302 est
179 2272 350 2313 digna,8‚·c.
397 2272 434 2304 Sc·
449 2283 511 2315 pro
525 2273 597 2306 Sive
613 2275 671 2306 ΒΓ.
685 2276 741 2316 qui
759 2276 846 2306 hunc
864 2286 910 2307 vs.
927 2276 1130 2307 Parmenoni
1147 2277 1218 2308 dat.
1266 2277 1305 2308 Si
1323 2276 1436 2309 Guelf.
1451 2280 1483 2309 2.
1499 2279 1574 2308 3.—

763 2376 907 2409 NOTAE

167 2451 208 2480 18
231 2449 271 2480 In
289 2450 444 2492 cellulam]
470 2450 574 2482 Cellae
600 2456 698 2483 erant
723 2455 822 2492 tugu-
874 2462 939 2488 res,
957 2452 999 2483 ad
1025 2453 1152 2484 victum
1176 2453 1395 2493 necessariae,
1418 2455 1510 2485 intus
1537 2458 1573 2485 et

121 2499 206 2530 riola
222 2509 394 2530 servorum
412 2506 448 2532 et
464 2511 661 2542 pauperum.
707 2502 821 2533 Penus
876 2504 1011 2544 penitus
1040 2505 1281 2536 recondantur.
1341 2506 1479 2537 Dicitur
1505 2506 1572 2545 hic,

123 2556 176 2582 est
192 2560 291 2581 omne
309 2561 374 2591 quo
391 2557 574 2583 vescuntur
596 2553 760 2593 homines,
782 2558 822 2585 ut
875 2555 928 2584 vel
945 2555 1028 2593 baec,
1053 2560 1182 2594 quarta*
1200 2556 1448 2592 declinationis,
1466 2560 1501 2586 et
1518 2556 1572 2587 liic

123 2600 242 2632 definit
259 2602 405 2632 Cicero:
430 2607 531 2643 atque
545 2603 646 2633 etiam
674 2613 725 2643 ea,
750 2603 820 2644 qui·
877 2614 982 2644 penus
1010 2604 1087 2644 peni
1110 2605 1283 2644 secuuda·‚
1312 2610 1346 2636 et
1372 2605 1434 2636 lioc
1466 2615 1571 2646 penus

125 2651 186 2682 bus
204 2651 360 2682 animalia
376 2658 492 2683 nostro
520 2653 592 2683 usui
617 2658 699 2693 apta
714 2654 819 2684 nutri·
876 2654 1024 2693 penoris
1040 2659 1074 2684 et
1097 2655 1160 2686 hoc
1177 2665 1312 2696 penum,
1340 2660 1373 2686 et
1391 2656 1453 2686 boc
1482 2663 1571 2696 penu

125 2705 238 2739 untur,
256 2706 293 2732 ut
310 2701 382 2732 vult
399 2701 564 2741 Ulpianus
591 2702 818 2734 Jurisconsui.
873 2703 1121 2736 indeclinabile.

123 2755 187 2782 tus.
230 2751 334 2782 Dicta
363 2761 483 2792 penuS‚
510 2752 598 2792 quod
626 2752 817 2792 hujusmodi

208 2804 321 2844 Delph.
333 2808 364 2835 et
381 2804 455 2835 γαν.
471 2805 557 2835 Clas.
789 2805 912 2837 Terent,
1411 2812 1430 2839 2
1456 2809 1483 2839 E
