1903 3306
492 218 700 249 FABULAE
736 214 1200 247 lNTERLOCUTORES,

119 316 184 347 ait:
223 315 363 346 ‘Intelh
394 315 546 345 libertus.
587 314 696 353 Vulgo
732 312 818 342 male

119 364 398 407 additurfilius.']

160 418 180 446 5
204 413 371 455 [Parthus]
396 413 436 445 In
455 413 609 455 quibusd.
635 416 719 444 vett.
734 413 819 452 pari-

117 464 206 496 libus.
231 464 348 504 Lind.]

160 518 182 547 6
205 515 275 547 Tib.
289 517 343 555 &aa
368 514 489 556 [Tibiis
502 513 644 554 paribus,
669 516 699 544 et
723 514 822 553 impa-

117 566 224 598 ribus:
247 567 381 604 dextris,
396 568 425 596 et
437 564 592 604 sinistris]
615 564 726 595 Tibiae
740 563 820 594 dex-

118 621 180 648 trae
197 622 233 648 et
246 616 391 647 sinistrae
408 615 510 647 dictae
528 618 607 645 sunt
623 624 642 645 a
658 614 820 645 lateribus

117 666 208 698 unde
234 665 445 698 inflarentur.
498 665 605 695 Pares
632 669 709 695 sunt
737 664 818 695 dex-

118 721 198 755 trae,
213 716 265 747 vel
289 716 448 754 sinistrae,
462 715 488 745 si
508 715 586 745 solis
603 714 747 753 dextris,
765 715 819 745 vel

118 767 198 799 solis
215 767 361 798 sinistris
388 771 588 797 caneretur:
612 764 774 806 impares,
792 765 820 796 si

118 827 186 849 una
209 817 344 855 dextra,
363 817 473 848 altera
488 816 646 847 sinistra:
672 826 746 857 quae
760 816 820 846 im-

118 877 217 909 pares
245 868 349 899 dictae
377 872 467 907 sunt,
497 868 590 908 quia,
622 872 659 898 ut
684 877 822 898 numero

118 917 333 957 foraminum,
365 917 414 948 sic
443 917 548 948 etiarn
580 927 663 948 sono
687 916 822 948 differe-

116 967 214 999 bant.
261 968 350 999 Nam
379 967 503 998 dextra
533 966 694 1007 pauciora
719 967 823 998 habe·

118 1017 179 1049 bat
195 1015 374 1056 foramina,
390 1027 429 1048 ac
448 1016 592 1057 proinde
608 1027 725 1048 sonum
749 1026 823 1057 gra-

117 1068 268 1099 viorem:
296 1066 435 1097 sinistra
451 1066 562 1106 plura,
577 1066 704 1098 idcirco
721 1076 823 1098 sonus

119 1122 195 1149 erat
216 1116 360 1148 acutior.
397 1116 497 1149 Quod
523 1117 548 1147 si
574 1117 697 1148 dextra
720 1121 757 1148 et
780 1117 822 1147 si-

118 1167 477 1207 nisti-injungerentur,
491 1176 590 1197 sonus
606 1171 680 1198 erat
696 1167 823 1198 mixtus

119 1226 162 1248 ex
185 1218 278 1257 gravi
305 1221 342 1248 et
373 1221 486 1247 acuto.
523 1216 666 1247 Dextrae
689 1226 823 1258 quoque

118 1269 237 1311 Lydiae
267 1269 489 1308 dicebantur3
529 1269 674 1300 sinistrae
706 1270 823 1300 Sarra-

118 1330 186 1360 nae,
205 1330 225 1351 a
245 1320 360 1360 Sarra,
385 1329 461 1361 quae
484 1320 586 1350 aliter
601 1320 712 1360 Tyrus
729 1319 824 1350 dicta

117 1375 183 1410 est,
197 1371 288 1402 unde
303 1371 488 1402 Sarranum
509 1374 651 1410 ostrum,
667 1379 727 1410 pro
745 1379 823 1410 pur-

116 1434 203 1467 pura
219 1424 339 1466 Tyria.
385 1424 522 1454 Dextra
538 1427 574 1454 et
603 1422 738 1453 sinistra
755 1421 824 1453 dic-

118 1480 166 1507 tae
183 1480 264 1506 sunt
286 1473 462 1514 Phrygiae.
498 1472 618 1514 Lydiae
645 1472 824 1504 convenie-

120 1525 205 1556 bant
227 1524 330 1555 rebus
352 1523 536 1563 gravibus;
559 1522 728 1562 Sarranae,
753 1521 825 1552 sive

120 1575 269 1607 sinistrae
288 1573 389 1615 jocis.
432 1573 593 1614 Phrygiae
617 1571 826 1603 adhibeban-

122 1629 192 1666 tur,
202 1624 325 1666 sijocis
339 1623 486 1664 gravitas
500 1623 714 1653 misceretur.
736 1621 823 1653 Haec

121 1673 241 1706 fabula
266 1673 399 1705 Andria
421 1678 497 1704 acta
530 1671 594 1704 fuit
618 1672 710 1704 tibiis
734 1672 823 1713 pari-

118 1724 195 1765 bus,
212 1723 337 1766 partim
350 1723 431 1755 solis
448 1722 590 1762 dextris,
606 1722 729 1763 partim
744 1721 823 1753 solis

1488 202 1572 243 267

875 309 1040 341 sinistris:
1076 318 1138 339 nec
1164 309 1252 338 enim
1280 316 1414 346 semper
1440 308 1473 337 in
1503 311 1574 337 tota

874 360 988 391 fabula
1016 359 1133 390 iisdem
1159 357 1267 389 modis
1288 356 1483 395 utebantur,
1515 356 1573 387 sed

875 418 967 450 saepe
995 418 1052 439 eos
1075 407 1273 438 mutabant:
1302 405 1391 446 quod
1416 415 1492 437 cum
1519 405 1577 436 fie-

874 459 947 499 bat,
962 459 1086 490 ascribi
1101 458 1245 496 solebat,
1257 458 1308 488 Μ.
1327 457 1376 487 Μ.
1390 457 1428 488 C.
1444 458 1506 487 hoc
1518 462 1578 495 est,

875 511 1057 541 Mutantur
1072 508 1169 539 Modi
1186 508 1333 538 Cantici.

919 563 938 590 7
964 560 1008 590 Et
1031 563 1076 590 est
1101 562 1166 590 tota
1185 558 1315 598 Graeca]
1339 557 1378 588 Id
1397 562 1462 597 est,
1480 567 1578 597 argu-

875 612 980 642 menti
999 611 1132 648 Graeci;
1155 609 1283 640 namin
1307 617 1349 639 ea
1371 607 1578 639 inducuntur

876 660 1006 699 Graeci,
1029 665 1222 700 cunctaque
1245 658 1442 690 scribuntur
1458 667 1577 689 secun-

875 710 955 740 dum
985 710 1068 741 ritus
1095 710 1309 741 Graecorum.
1357 708 1490 739 Graecae
1518 708 1581 739 Co-

875 758 1009 791 moediae
1023 759 1184 790 dicuntur
1200 759 1371 798 Palliatae‚
1387 763 1424 789 ut
1448 759 1579 789 Latinae

874 811 1013 850 Togatae
1027 821 1037 841 ε
1055 819 1132 840 nam
1154 809 1270 841 Graeci
1295 818 1398 849 super
1413 809 1577 839 Tunicam

878 860 1023 892 Pallinm
1038 859 1265 898 induceban13
1288 859 1401 890 Latini
1419 868 1498 889 vero
1515 859 1579 890 To-

877 920 965 951 gam.

920 965 940 992 8
964 961 1064 992 Edita
1077 961 1125 992 M.
1142 959 1309 1000 Marcello]
1332 960 1493 993 Priscum
1507 960 1581 1000 qni-

878 1012 956 1044 dem
979 1017 1015 1043 et
1042 1013 1185 1053 primum
1211 1010 1277 1042 fuit
1303 1011 1497 1042 institutum
1514 1011 1581 1043 Ro-

878 1073 1065 1103 manorum,
1088 1072 1150 1103 per
1175 1071 1279 1093 annos
1296 1063 1427 1103 Regum
1444 1066 1479 1093 et
1493 1062 1581 1093 Con-

879 1113 987 1144 sulum
1015 1118 1171 1153 tempora
1208 1117 1350 1143 notare:
1386 1121 1457 1143 mos
1490 1122 1582 1152 vero,

879 1174 1057 1195 numerare
1075 1173 1128 1194 res
1154 1167 1268 1203 gestas
1293 1163 1335 1194 ab
1358 1163 1453 1194 annis
1476 1163 1582 1194 Urbis

879 1214 1038 1254 conditae,
1051 1224 1127 1245 sero
1143 1213 1260 1253 coepit.

919 1267 940 1295 9
962 1264 1075 1306 [Glar.
1092 1264 1179 1303 legit
1197 1262 1303 1302 Cuia]

920 1318 961 1346 10
985 1315 1088 1356 [Mihi
1113 1316 1160 1346 sic
1187 1314 1374 1355 Inscriptio
1398 1314 1472 1345 haec
1489 1314 1581 1346 vide-

876 1369 933 1397 tur
959 1365 1127 1407 legenda:
1163 1365 1287 1396 Andria
1313 1364 1464 1397 Terentii.
1488 1365 1531 1396 Α.
1558 1368 1580 1396 l.

877 1417 928 1448 M.
942 1417 994 1447 M.
1021 1415 1144 1456 Fulvio,
1161 1415 1212 1446 M.
1238 1415 1281 1446 G.
1306 1425 1343 1445 ιε.
1365 1426 1392 1446 c.
1418 1416 1524 1456 Egere
1539 1417 1580 1447 L.

878 1468 921 1499 A.
939 1466 1066 1507 Turpio,
1087 1466 1124 1497 L.
1146 1465 1188 1497 A.
1213 1465 1256 1497 P.
1274 1464 1362 1503 M.f.
1380 1465 1472 1498 Clau.
1489 1466 1582 1498 Hac-2

878 1528 944 1558 cus,
963 1518 1053 1549 Clau.
1070 1517 1174 1548 Filius
1189 1519 1212 1548 t.
1236 1527 1267 1557 p.
1283 1519 1313 1547 et
1329 1516 1512 1557 imparibus,
1526 1517 1580 1548 hoc

878 1572 937 1609 est,
962 1569 1100 1600 sinistris
1120 1571 1149 1599 et
1171 1567 1304 1599 dextri&
1336 1568 1413 1598 Tota
1438 1567 1498 1598 Gr.
1523 1572 1582 1599 ese.

879 1620 1087 1650 Menandrou.
1122 1619 1222 1649 Edita
1252 1619 1303 1650 M.
1331 1618 1495 1659 Marcello,
1519 1620 1581 1650 Cr„

878 1669 913 1701 S.
934 1669 972 1702 C.
1002 1668 1108 1709 Gov.]

401 1878 673 1920 FABULAE
704 1877 775 1920 IN
779 1873 1301 1920 TERLOCUTORES.

121 2002 261 2051 SIMO,
291 2014 420 2052 senex,
453 2007 575 2056 pater
613 1999 850 2056 Pamphili:
879 2016 904 2041 α
931 2000 1030 2041 simo
1051 2014 1149 2040 uaso
1170 1998 1411 2040 nominatus.

232 2067 435 2110 iracundi.

121 2136 286 2187 SoslA,
324 2135 496 2177 libertus
525 2135 714 2176 Simonis.

120 2205 317 2254 DAVUS‚
357 2218 487 2244 servus
530 2202 718 2244 Simonis.

236 2270 363 2313 Daci.

121 2341 302 2391 MYSIS‚
324 2339 476 2381 ancilla
504 2338 705 2394 Glycerii.

120 2408 438 2458 PAMPHILUS,
466 2406 705 2457 adolescens,
717 2404 842 2459 filius
875 2405 1064 2446 Simonis.

233 2475 409 2516 omnium
437 2474 604 2515 amicus.

120 2542 407 2592 CHARINUS,
447 2540 684 2590 adolescens,
714 2554 853 2581 amans
889 2538 1194 2580 Philumenam.

237 2609 373 2650 tiosus.

1475 1998 1581 2040 Simi

776 2134 818 2174 A
839 2133 980 2185 σώζειν,
1001 2147 1175 2184 servare,
1197 2132 1241 2173 in
1263 2132 1365 2175 bello
1384 2140 1579 2174 servatus.

784 2203 824 2242 A
860 2202 1016 2256 patria.

1079 2200 1197 2242 Davi
1238 2201 1342 2243 enim
1377 2201 1498 2243 iidem
1533 2216 1579 2242 ac

768 2338 809 2378 A
823 2338 966 2393 patria
991 2335 1045 2377 M
1040 2338 1150 2393 ysici.

1125 2403 1164 2444 A
1196 2403 1238 2443 τὸ
1265 2406 1353 2453 πᾶν,
1381 2410 1419 2444 et
1441 2402 1578 2454 ᾠῖλος;

1256 2538 1298 2579 Α
1325 2538 1457 2594 χάρις,
1477 2553 1578 2593 gra-

119 2679 376 2728 BYRRH1A‚
402 2689 536 2716 servus
557 2673 745 2717 Charini.
807 2674 847 2715 A
877 2676 1020 2731 πυῤῥὸς,
1044 2672 1175 2729 rufus.

119 2747 320 2793 LESBIA,
349 2742 541 2784 obstetrix
576 2741 771 2797 Glycerii.

234 2811 398 2854 vissimi.

835 2741 875 2783 A
898 2741 1027 2784 Lesbo
1042 2740 1358 2797 patria,jerace
1378 2738 1463 2780 vini
1482 2754 1576 2779 suo-
