1903 3306
317 206 404 247 446
791 220 848 250 .1›.
880 220 1119 251 'runnu'ru
1156 223 1272 253 Anni

319 310 649 363 Perpaucorum
668 310 904 355 hominum.
966 314 1060 356 GN.
1092 315 1232 357 Immo
1252 317 1470 359 nullorum
1491 319 1691 372 arbitror,
1723 322 1749 344 s'

317 377 367 419 Si
390 383 533 418 tecum
551 378 678 419 vivit.
735 379 828 421 ΤΗ.
861 380 1063 422 Invidere
1086 394 1238 423 omnes
1258 383 1390 426 mihi:
1520 374 1522 376 ’
1712 389 1770 430 20

319 444 528 484 Mordere
549 445 823 487 clanculum:
845 459 925 499 ego
942 460 1026 488 non
1046 448 1176 490 flocci
1196 450 1401 503 pendere.

318 511 391 552 Illi
410 511 606 553 invidere
625 513 805 554 misere:
826 526 976 555 verum
996 528 1109 556 unus
1130 521 1277 557 tamen

316 578 537 632 Impense,
569 580 814 633 elephantis
837 594 964 635 quem
985 582 1156 625 Indicis
1178 583 1451 637 praefecerat.

316 644 365 686 Is
385 646 461 686 ubi
482 647 697 687 molestus
718 648 858 700 magis
881 654 962 699 est,
986 649 1172 702 Quaeso,
1194 652 1387 705 inquam,
1410 652 1573 703 Strato,

317 712 440 753 Eone
457 726 505 754 es
527 713 671 763 ferox,
692 714 798 767 quia
818 715 953 756 habes
975 715 1207 770 imperium
1227 718 1274 758 in
1294 719 1498 761 belluas?
1708 722 1766 763 25

314 779 407 821 GN.
440 780 627 821 Pulchre
645 781 864 823 mehercle
886 782 1068 833 dictum,
1089 787 1130 824 et
1151 785 1387 837 sapienter.
1449 786 1618 840 Papae!

313 847 343 888 J
347 847 554 900 ugularas
574 848 810 889 hominem.
871 848 991 900 Quid
1011 850 1121 892 ille‘?
1180 852 1272 892 ΤΗ.
1304 852 1461 894 Mutus
1481 854 1618 896 illico.

316 914 412 958 GN.
445 913 612 966 Quidni
633 916 781 957 esset?
842 916 929 958 PA.
963 917 1022 958 Di
1045 923 1238 960 vostram
1259 919 1412 962 fidem!
1433 920 1655 963 hominem
1672 934 1770 976 per-

487 981 628 1024 ditum

316 1048 628 1103 Miserumque,
649 1054 695 1091 et
713 1050 837 1091 illum
852 1051 1128 1105 sacrilegum.
1171 1052 1261 1095 ΤΗ.
1296 1052 1419 1104 Quid
1433 1054 1556 1106 illud,
1572 1055 1768 1107 Gnatho,

316 1115 421 1166 Quo
442 1121 577 1170 pacto
599 1117 823 1160 Rhodium
844 1119 1060 1174 tetigerim
1079 1120 1124 1161 in
1145 1121 1369 1173 convivio,
1712 1123 1770 1166 30

314 1271 384 1292 rum
389 1261 611 1300 familiaritate
625 1262 734 1295 utitur.
781 1263 851 1295 GN.
876 1264 986 1303 Immo,
1008 1264 1172 1304 nullorum,
1196 1266 1226 1296 .ςὶ
1251 1270 1349 1297 tecum
1363 1265 1443 1298 vivit
1457 1271 1488 1299 et
1502 1272 1654 1300 versatur.
1699 1268 1768 1301 ΤΗ.

316 1305 431 1336 Omnes
451 1304 528 1335 mihi
541 1305 730 1345 invidebant,
743 1307 858 1337 occulte
879 1307 1088 1338 obtrectabant
1099 1319 1110 1343 ,·
1138 1318 1194 1347 ego
1217 1308 1308 1339 nihili
1324 1309 1534 1342 oestimbam:
1557 1314 1768 1342 verumtamen

312 1357 391 1378 unus
404 1348 537 1378 maxime
551 1349 685 1379 omnium
699 1349 775 1379 mihi
789 1348 957 1388 invidebat,
970 1359 1058 1389 quem
1074 1350 1145 1381 Rex
1162 1351 1344 1391 Elephantis
1359 1352 1477 1383 Indicis
1495 1353 1677 1393 praefectum
1698 1363 1767 1384 con-

310 1389 466 1421 stituerat.
512 1390 546 1420 Is
560 1400 628 1422 cum
642 1391 832 1432 importunus
847 1391 949 1431 magis
970 1395 1058 1429 esset,
1082 1393 1206 1431 Quaeso,
1221 1393 1356 1434 inquam,
1371 1395 1491 1433 Strato,
1506 1405 1547 1426 an
1561 1395 1674 1427 idcirco
1680 1396 1768 1434 sero-

313 1433 398 1463 culus
413 1437 443 1464 et
457 1434 556 1464 elatus
569 1443 613 1471 es,
630 1434 703 1474 quia
718 1434 824 1465 belluis
839 1435 992 1474 imperas?
1036 1434 1107 1466 GN.
1132 1436 1233 1475 Belle,
1247 1437 1406 1477 mehercle,
1418 1441 1449 1468 et
1461 1437 1615 1478 sapienter
1629 1439 1767 1470 dictum.-

314 1474 412 1516 Papa>
423 1474 437 1506 Ι
460 1478 562 1506 v'ocem
576 1477 692 1507 homini.
700 1478 910 1517 praecluseras,
924 1476 1164 1517 quasijugulum
1176 1479 1378 1519 praecidisses.
1427 1480 1511 1516 Quid
1525 1480 1577 1512 ille
1591 1481 1768 1522 respondit?

313 1517 385 1548 ΤΗ.
413 1519 576 1550 Obmutuz't
589 1519 682 1550 illico.
728 1519 796 1550 GN.
823 1520 941 1555 Quidni
957 1520 1176 1552 obmutuisset?
1220 1522 1285 1553 ΡΑ.
1311 1522 1371 1553 Dii
1385 1524 1649 1563 vestramfldem!
1672 1523 1768 1554 homi-

312 1570 381 1590 nem
386 1562 552 1601 perditum,
565 1562 766 1602 miserumque
778 1573 789 1598 ,·
807 1565 835 1592 et
852 1563 939 1593 illum
952 1562 1136 1602 sacrilegum
1147 1563 1161 1595 ,Ι
1205 1564 1276 1595 ΤΗ.
1292 1564 1376 1600 Quid
1386 1565 1473 1601 illud,
1493 1565 1640 1597 Gnatho?
1659 1567 1768 1596 Ncmne

312 1604 503 1636 memorabile
517 1608 575 1645 est,
591 1604 699 1645 quibus
722 1604 819 1635 modis
836 1604 993 1636 Rhodium
1014 1606 1094 1636 salse
1117 1607 1290 1638 taxaverim
1315 1607 1348 1638 in
1368 1608 1526 1639 convivio?
1547 1609 1694 1649 numquid
1710 1607 1770 1639 tibi

922 1710 1156 1724 ‘'ww“

315 1785 414 1816 Immo
427 1785 472 1816 sic
486 1786 603 1817 homost
613 1797 623 1817 .·
647 1788 880 1827 Perpaucorum
894 1788 1094 1820 hominumst.
1118 1789 1219 1820 Bent.
1265 1789 1362 1819 Immo
1377 1788 1422 1819 sic
1437 1788 1525 1819 homo
1539 1789 1621 1820 Est.-
1641 1798 1770 1830 perpau-

311 1837 417 1859 corum
431 1829 586 1860 hominum
602 1830 680 1870 Bip.
726 1830 869 1861 Bothius
885 1830 1040 1871 sequitur
1056 1831 1244 1862 Bent.—l9
1268 1832 1365 1861 Immo
1380 1831 1534 1861 nullorum
1557 1831 1705 1870 arbitror,
1732 1831 1771 1863 Si

314 1874 413 1901 tecum
439 1872 529 1903 vivit.
574 1872 737 1903 Planiora
766 1873 876 1903 omnia
906 1873 1066 1912 evadent,
1095 1874 1121 1904 si
1149 1873 1355 1904 Parmenoni
1381 1873 1456 1903 haec
1486 1873 1625 1905 tribuas.
1672 1874 1771 1906 Quod

313 1911 396 1944 facit
415 1914 486 1946 ΕΡ.
504 1919 539 1945 et
556 1915 641 1955 Eug.
687 1915 818 1946 Gudins
835 1916 876 1946 ad
889 1915 1011 1946 Pliaed.
1030 1924 1085 1946 m.
1101 1919 1133 1947 6.
1150 1915 1357 1956 conjiciebat
1370 1915 1548 1955 scripsisse
1563 1916 1772 1956 Terentium,

316 1955 413 1985 Immo
427 1958 589 1996 mulorum,
613 1958 706 1996 quod
721 1958 854 1989 scilicet
869 1967 911 1988 ex
927 1957 1096 1989 asinorum
1113 1968 1238 1998 genere
1253 1958 1385 1989 Thraso
1399 1958 1573 1989 videretur
1588 1967 1662 1989 csse
1679 1957 1771 1990 Gna-

316 1997 408 2029 thoni
424 2008 433 2036 ;
450 2003 488 2030 ut
505 2000 589 2030 adeo
604 1999 641 2029 τὸ
656 2001 804 2031 mulorum
821 2005 1013 2041 opponatur
1027 2001 1072 2039 τῷ
1086 2001 1251 2032 hominum.
1284 2001 1482 2040 Elegantius
1495 2005 1606 2031 autem
1619 2001 1772 2032 nullorum

315 2041 500 2080 opponitur
515 2042 696 2072 Tlirasonis
713 2043 953 2083 Perpaucorum.
970 2044 1163 2075 West.-21
1184 2044 1253 2082 Ego
1267 2053 1327 2074 non
1339 2044 1435 2084 flocci
1450 2044 1600 2083 pendere:
1625 2043 1680 2074 Illi
1695 2043 1773 2074 invi·

313 2084 386 2114 dere
401 2083 522 2116 misere.
570 2085 615 2115 Et
631 2085 705 2116 liaec
721 2090 894 2125 expuncta
911 2086 982 2116 vult
1000 2085 1171 2126 Guyetus.
1207 2086 1346 2117 Scilicet
1359 2086 1436 2126 quia
1451 2085 1500 2116 illi
1510 2085 1649 2117 invidere
1663 2085 1772 2117 misere

316 2126 467 2166 repetita
481 2127 638 2158 videntur
653 2137 709 2166 ex,
726 2128 734 2144 ‘
747 2127 906 2158 Invidere
923 2137 1038 2159 omnes
1055 2128 1161 2160 mihi)
1203 2128 1270 2159 Sed
1282 2128 1356 2159 liaec
1368 2128 1676 2160 vindicavitBoecl.
1694 2138 1771 2159 raro

315 2169 514 2209 ceteroquin
531 2169 735 2200 dissentiens
752 2180 772 2201 a
789 2170 938 2210 Guyeto.
984 2171 1028 2202 Et
1053 2180 1133 2201 sane
1160 2170 1320 2210 repetitio
1346 2170 1421 2201 haec
1446 2169 1626 2202 infantiam
1654 2170 1771 2202 insulsi

314 2210 494 2242 Tlirasonis
508 2211 633 2252 arguit.
657 2212 760 2252 [Haec
773 2213 903 2252 repetit
915 2212 992 2252 Bip.
1004 2217 1040 2243 et
1053 2217 1172 2244 censet
1185 2213 1359 2254 Guyetum
1371 2213 1427 2244 hic
1440 2213 1525 2243 male
1538 2212 1771 2253 expunxisse]

317 2251 430 2291 Addo,
451 2253 492 2284 τὰ
505 2264 560 2293 ego
575 2265 636 2285 non
645 2254 738 2296 flocci
752 2257 894 2295 pendere,
919 2255 990 2285 sine
1007 2255 1186 2294 dispendio
1203 2255 1321 2286 abesse
1337 2265 1402 2286 non
1420 2265 1529 2296 posse.
1577 2255 1627 2288 M.
1644 2261 1680 2287 et
1696 2255 1770 2286 ΕΡ.

314 2304 371 2331 ego
385 2295 480 2336 flocci
492 2298 634 2336 pendere.
672 2298 783 2330 Quam
801 2298 882 2329 lect.
899 2297 1017 2328 laudat
1033 2297 1077 2329 G.
1095 2298 1134 2329 F.
1172 2298 1316 2328 Invidere
1330 2298 1440 2329 misere
1454 2297 1521 2330 Ms.
1539 2298 1634 2338 Lips.
1648 2297 1771 2328 omisso

317 2337 382 2368 Illi.
407 2338 459 2370 Id.
510 2339 741 2380 Floccipendere
757 2340 801 2372 G.
817 2341 884 2371 ET.
902 2340 981 2371 EM.
1005 2340 1055 2370 Id.
1070 2339 1201 2371 inAdd.
1238 2341 1312 2371 Non
1327 2340 1455 2371 omittit
1472 2340 1511 2370 R.
1535 2340 1629 2372 Lina.
1675 2340 1769 2372 Edit.

317 2379 395 2412 add.
417 2391 490 2419 non,
513 2382 602 2422 quod
628 2383 760 2423 respuit
786 2383 869 2423 Eug.
892 2383 1009 2413 Bruns.
1055 2382 1095 2413 Id
1122 2383 1252 2413 omittit
1278 2383 1426 2414 Bru—22
1454 2382 1670 2414 Verumtamen
1694 2392 1771 2413 unus

318 2422 459 2454 Bn—23
483 2424 532 2454 M.
551 2430 585 2455 et
601 2425 837 2456 vetustissimae
855 2424 932 2456 edd.
951 2424 1119 2465 quaedam,
1142 2426 1181 2456 el.
1199 2435 1286 2465 quem
1308 2435 1367 2456 rex
1381 2425 1452 2456 Ind.
1474 2435 1526 2466 pr.
1571 2426 1617 2456 Et
1633 2424 1771 2456 Fabrini

318 2464 351 2494 in
368 2466 523 2496 versione
539 2466 648 2505 addit,
672 2467 703 2498 Il
720 2468 778 2498 Re.
825 2467 1041 2498 Leidensium
1069 2477 1176 2498 unus:
1202 2468 1254 2497 El.
1280 2477 1368 2507 quem
1392 2468 1457 2498 ind.
1479 2477 1528 2507 pr.
1554 2467 1638 2499 Rex.
1663 2467 1770 2498 West.

320 2507 392 2537 Rex
405 2509 587 2547 prefecerat
603 2509 719 2541 Guelf.
734 2512 853 2541 2.—24
876 2510 968 2548 Mag.
984 2511 1056 2540 mol.
1081 2509 1125 2540 id.
1141 2511 1296 2541 Ms.—25
1321 2510 1386 2541 Ms.
1412 2509 1506 2549 Lips.
1530 2512 1713 2549 potestatem
1736 2509 1770 2539 in

317 2549 441 2581 belluas.
491 2552 634 2592 Proprie
649 2552 691 2582 de
710 2552 920 2592 Elephantis.
944 2552 1034 2583 Flor.
1053 2561 1078 2583 1.
1097 2554 1148 2583 18.
1177 2552 1367 2584 West.—29
1392 2549 1499 2587 Quid?
1521 2552 1598 2583 illud
1622 2551 1769 2583 Both.—

316 2593 358 2622 30
386 2593 453 2628 Quo
471 2593 512 2624 R.
527 2604 558 2633 p.
581 2593 710 2626 id.—-31
738 2595 908 2635 Numquid.
954 2593 1008 2625 An
1027 2594 1206 2635 Nunquam,
1228 2594 1317 2635 quod
1344 2599 1396 2625 est
1418 2594 1451 2625 in
1467 2593 1669 2635 quibusdam
1686 2594 1769 2624 Mss.

971 2687 1110 2721 NOTAE

482 2753 520 2782 21
538 2751 682 2784 Mordere
697 2751 882 2793 clanculum]
907 2752 985 2786 Non
1002 2756 1136 2794 aperte,
1152 2752 1229 2794 quia
1246 2763 1265 2784 a
1280 2762 1333 2784 me
1350 2751 1415 2783 sibi
1432 2750 1609 2783 timebant.
