1903 3306
553 255 780 289 EUNtcn1
815 256 978 288 Acr.n
1011 257 1152 289 sc.n.
1489 254 1575 294 413

120 350 211 393 ΡΗ.
241 351 307 393 At
325 364 406 405 ego
427 353 687 395 nesciebam
706 366 916 408 quorsum
939 358 986 394 tu
1007 354 1126 395 ires?
1148 355 1334 408 parvola
1518 359 1574 398 75

120 419 240 460 Hinc
259 424 326 460 est
346 421 555 473 abrepta:
588 421 745 463 eduxit
772 426 909 464 mater
929 435 1009 476 pro
1032 435 1114 463 sua
1132 435 1141 463 :

119 486 253 528 Soror
274 491 342 527 est
363 487 503 529 dicta:
531 489 660 542 cupio
682 488 922 539 abducere,
942 493 992 530 ut
1011 489 1190 530 reddam
1214 490 1323 530 suis.

118 553 294 607 Nempe
315 555 462 596 omnia
483 555 578 596 haec
601 569 713 597 nunc
735 557 870 597 verba
890 557 973 597 huc
996 556 1176 597 redeunt
1197 557 1386 611 denique
1406 572 1416 610 ;

116 621 213 673 Ego
236 621 471 663 excludor:
507 623 581 663 ille
603 623 836 676 recipitur:
867 636 956 677 qua
976 624 1145 676 gratia?

118 687 224 729 Nisi
244 687 366 728 illum
388 689 489 742 plus
512 702 651 740 amaS,
674 703 806 743 quam
827 704 922 732 me:
944 695 985 731 et
1004 692 1132 732 istam
1152 704 1264 732 nunc
1286 692 1430 742 times,
1518 693 1574 735 80

118 753 234 804 Quae
255 755 443 796 advecta
464 760 546 806 est,
566 769 622 796 ne
644 757 768 797 illum
788 757 921 798 talem
944 759 1170 812 praeripiat
1195 759 1286 800 tibi.

117 822 210 863 ΤΗ.
241 820 380 874 Egon’
401 823 447 863 id
476 823 643 864 timeo?
705 824 795 864 ΡΗ.
842 823 963 874 Quid
986 831 1027 866 te
1054 838 1158 878 ergo
1186 826 1308 867 aliud
1344 827 1572 868 solicitat?

290 889 417 931 cedo.

119 957 239 999 Num
261 957 383 998 solus
403 957 477 998 ille
498 957 615 998 dona
636 957 744 998 dat?
773 959 962 999 nuncubi
984 971 1125 1000 meam

119 1024 447 1077 Benignitatem
469 1025 647 1066 sensisti
669 1026 714 1065 in
735 1030 780 1066 te
802 1025 1034 1067 claudier?

119 1091 295 1141 Nonne,
317 1093 393 1133 ubi
414 1093 519 1134 mihi
541 1093 654 1134 dixti
676 1105 834 1146 cupere
857 1097 898 1134 te
920 1106 977 1134 ex
1001 1093 1230 1148 AEthiopia
1520 1097 1575 1137 85

117 1215 254 1247 vocasti:
267 1214 338 1253 jam
363 1215 413 1246 vir
438 1225 480 1246 es.
526 1216 601 1247 ΡΗ.
623 1218 669 1248 At
695 1226 751 1255 ego
774 1216 955 1255 nesciebam,
983 1227 1039 1257 quo
1066 1220 1221 1257 spectaret
1245 1221 1298 1248 lua
1325 1228 1431 1258 nempe
1456 1220 1576 1250 oralia.-

115 1259 246 1299 parvula
258 1268 273 1288 e
287 1258 385 1289 Sunio
400 1261 445 1289 est
459 1259 604 1299 abrepta.-
627 1261 770 1290 educavit
786 1263 885 1289 mater
900 1269 965 1289 eam
980 1270 1034 1299 pro
1049 1270 1104 1290 sua
1111 1260 1197 1301 filiu.
1242 1261 1335 1291 Soror
1351 1271 1417 1291 mea
1438 1263 1576 1293 nomina-

118 1304 152 1332 ta
167 1304 232 1332 est:
255 1301 343 1340 cupio
358 1301 508 1332 abducere
522 1305 556 1332 ut
571 1303 698 1332 reddam
717 1301 793 1332 suis.
838 1302 966 1332 Scilicet
982 1303 1085 1332 omnia
1101 1303 1166 1333 haec
1179 1303 1270 1333 rerba
1286 1304 1317 1333 in
1338 1304 1416 1334 hanc
1428 1314 1576 1335 summam

116 1353 198 1374 nunc
212 1343 405 1383 conveniunt,
426 1347 461 1375 ut
487 1345 648 1383 excludar,
674 1344 760 1375 miles
786 1343 837 1374 ille
862 1345 1059 1376 admittatur.
1109 1346 1206 1385 Cujus
1230 1347 1274 1377 rei
1296 1356 1398 1385 causa,
1419 1347 1480 1377 nisi
1495 1350 1576 1387 quod

116 1386 204 1417 illum
219 1396 309 1426 quam
324 1396 371 1417 me
385 1387 535 1417 cariorem
549 1387 655 1423 lia-bes,
678 1386 848 1426 metuisque
862 1397 900 1418 ne
914 1388 1095 1426 Pamphila,
1109 1398 1197 1427 quum
1210 1399 1228 1418 α
1246 1389 1402 1420 Thrasone
1417 1390 1576 1430 recepisti,

117 1438 185 1460 eum
200 1429 258 1460 tibi
282 1429 490 1469 intercipiat?
531 1430 597 1461 ΤΗ.
623 1431 731 1469 Egone
759 1430 790 1459 id
816 1428 935 1461 timeo?
980 1430 1051 1461 PH.
1079 1431 1164 1466 Quid
1187 1442 1260 1470 ergo
1277 1435 1306 1462 te
1329 1432 1440 1463 incitat
1463 1434 1575 1464 adhoc

114 1470 317 1505 faciendum?
339 1473 482 1512 Expone.
529 1472 615 1503 Num
628 1474 708 1503 solus
721 1473 773 1502 ille
786 1471 845 1502 tibi
861 1470 980 1503 donat?
1006 1474 1165 1513 Numquid
1182 1474 1295 1504 alicubi
1318 1485 1416 1506 meam
1439 1475 1575 1506 liberali-

118 1517 214 1546 tatem
228 1514 338 1546 vidisti
359 1515 419 1547 tibi
440 1514 618 1556 praecludi?
640 1525 750 1552 nonne,
765 1515 874 1545 statim
889 1518 980 1556 atque
995 1516 1072 1546 mihi
1085 1517 1274 1558 significasti
1291 1528 1399 1558 cupere
1413 1520 1444 1549 te
1455 1529 1575 1550 servam

726 1610 963 1623 ‘Mumoe

117 1674 178 1706 ΒΓ.
200 1675 248 1706 Eu
262 1678 368 1706 noster
383 1676 494 1707 laudo:
519 1677 740 1708 tandem—ff
767 1678 910 1709 Variant
932 1678 1016 1709 Mss.
1039 1678 1138 1709 codd.
1167 1682 1202 1709 et
1226 1679 1394 1719 impressi,
1419 1679 1451 1709 in
1469 1680 1576 1720 prima

117 1726 215 1749 voce.
252 1718 372 1749 Leidd.
390 1719 456 1749 duo
473 1728 548 1750 cum
566 1719 665 1750 Bodl.
683 1719 759 1760 [ΒΓ.
775 1720 891 1753 Guelf.
909 1721 957 1760 3.]
975 1722 1104 1758 legunt,
1128 1721 1196 1752 Aut
1212 1731 1268 1760 ego
1285 1732 1318 1752 η.
1337 1721 1472 1762 quando
1497 1733 1575 1754 con-

118 1760 213 1791 tinua
238 1761 304 1791 erit
332 1761 501 1792 Phaedriae
527 1763 646 1801 oratio,
669 1773 744 1792 enni
763 1765 860 1803 signo
876 1763 1108 1802 interrogandi
1127 1764 1359 1804 exprimenda,
1387 1766 1474 1805 quod
1491 1765 1576 1797 facit

118 1803 214 1842 Lips.
230 1803 327 1834 Leid.
347 1814 444 1843 unns,
461 1805 560 1835 Haud
574 1815 601 1835 e.
625 1816 657 1836 n.
682 1807 769 1845 qnod
790 1807 845 1837 Fa.
864 1811 989 1838 tuetur.
1025 1806 1089 1837 Sed
1110 1808 1263 1837 Boeclero
1280 1807 1316 1837 τὸ
1332 1807 1377 1838 At
1395 1808 1494 1849 longe
1510 1809 1575 1849 sig-

117 1845 310 1877 nificantius
328 1852 381 1877 est
397 1847 428 1878 11.
446 1847 467 1878 Ι.
485 1857 585 1888 quam
604 1848 712 1879 Haud.
746 1849 830 1879 Tum
859 1849 1091 1882 Quintilianus
1111 1852 1152 1880 At
1177 1850 1273 1889 legit,
1298 1851 1365 1880 loc.
1392 1852 1451 1881 cit.
1481 1852 1576 1882 West.

116 1887 158 1919 Τὸ
169 1888 216 1919 At
231 1898 364 1930 quoqne
381 1889 502 1929 probat
517 1890 619 1920 Bent-
641 1894 649 1908 ‘
662 1891 868 1923 Rectissime
886 1902 903 1922 e
922 1893 1004 1922 Mss.
1019 1892 1125 1923 edidit
1139 1893 1240 1923 Bent.
1256 1894 1302 1923 At
1318 1904 1344 1924 e.
1362 1892 1404 1924 n.’
1428 1894 1467 1924 R.
1485 1895 1576 1925 D.—

117 1933 159 1962 ⁷7
183 1931 280 1962 Beni.
296 1941 370 1962 cnm
386 1942 452 1973 qno
464 1933 518 1963 hic
531 1934 749 1965 consentiunt
769 1945 883 1965 omnes
898 1934 972 1965 fere
991 1935 1072 1967 libb.
1086 1941 1253 1974 recentes,
1267 1935 1367 1966 habet
1386 1936 1481 1967 Soror
1491 1937 1576 1968 dicta

117 1976 175 2006 est.
223 1974 265 2005 Ut
280 1975 406 2005 reddam
419 1984 477 2015 pra
492 1975 574 2015 suis]
598 1976 690 2007 Edit.
708 1977 821 2008 omitt.
838 1987 906 2017 pro,
924 1978 1011 2018 qnod
1034 1978 1195 2008 mendose
1208 1978 1342 2018 irrepsit
1361 1988 1404 2009 ex
1423 1981 1574 2019 praeced.

116 2025 228 2047 versu.
253 2017 462 2048 Erum—79
485 2017 595 2049 Abest
615 2019 682 2057 Ego
707 2019 822 2050 Guelf.
851 2023 883 2051 2.
912 2020 1013 2051 Both.
1045 2021 1140 2060 legit,
1164 2021 1325 2051 Exi-ludar
1348 2031 1416 2060 ego.
1442 2022 1499 2053 Br.
1515 2033 1576 2062 qua

115 2059 237 2098 gralia,
254 2060 425 2091 Nisa—80
448 2061 507 2092 Vs.
533 2061 616 2092 satis
641 2062 875 2094 inconcinnus.
910 2061 1083 2103 Adjuvant
1110 2064 1165 2093 alii
1192 2064 1338 2102 codices,
1366 2064 1421 2104 qni
1447 2065 1524 2095 Nisi
1549 2067 1578 2097 si

116 2102 224 2132 illum:
248 2102 305 2133 sed
325 2103 413 2133 aliud
428 2107 547 2134 restat.
567 2104 670 2144 Lege,
688 2105 764 2135 Nisi
778 2106 806 2135 si
819 2105 905 2136 illum
918 2116 950 2145 p.
968 2116 998 2145 q.
1016 2116 1053 2136 m-
1069 2115 1166 2143 amas,
1179 2110 1209 2136 et
1226 2107 1315 2137 istam
1330 2117 1360 2136 n.
1379 2110 1402 2137 t.
1437 2108 1493 2138 Me
1506 2118 1576 2138 om-

116 2145 196 2175 nino
220 2144 251 2175 in
269 2145 339 2176 ictu
365 2155 440 2176 esse
458 2151 603 2186 oportet,
627 2147 723 2178 Bent.
769 2148 845 2178 Nisi
859 2148 887 2178 sz'
913 2148 1012 2179 Bodl.
1043 2149 1132 2179 Peri.
1152 2149 1335 2180 Rota—81
1362 2149 1425 2181 Ed.
1449 2151 1574 2191 Delph.

119 2187 162 2222 Q.
178 2186 309 2218 abducta
323 2191 380 2219 est.
408 2189 467 2219 ΒΓ.
483 2189 782 2229 interrogationem
796 2191 897 2221 habet
912 2195 989 2230 post
1006 2191 1160 2222 libel-82
1184 2192 1285 2230 Vulg.
1304 2193 1423 2230 Egone.
1437 2193 1576 2234 Syllaba

116 2239 156 2261 ne
179 2229 351 2270 superflua
368 2231 595 2263 incommodat
611 2237 734 2264 metro.
765 2233 850 2264 Perl.
897 2233 967 2272 Ego
989 2234 1022 2264 id
1045 2244 1177 2274 quoque
1194 2236 1328 2275 reponit
1344 2236 1446 2266 Bent.
1472 2237 1574 2269 Both.

115 2272 254 2313 legend.
271 2278 401 2314 monet,
426 2275 498 2314 Ego
520 2273 618 2306 idne?
643 2276 826 2311 Quid.-83
850 2276 946 2307 Bem.
972 2281 1007 2306 et
1038 2277 1139 2318 aliqui
1165 2287 1207 2308 ex
1234 2278 1392 2317 antiquis,
1408 2283 1443 2310 et
1460 2289 1576 2311 omnes

118 2314 192 2346 fere
208 2321 377 2356 recentes,
391 2326 466 2348 num
480 2317 544 2349 ubi.
559 2318 606 2349 ita
624 2323 659 2349 et
674 2319 846 2349 Donatus.
870 2318 930 2349 Fa.
975 2319 1065 2350 Illud
1081 2320 1226 2359 nuncubi,
1243 2321 1332 2361 quod
1347 2326 1401 2352 est
1421 2322 1453 2352 in
1471 2323 1575 2362 pluri-

119 2357 182 2389 bus
198 2358 299 2390 codd.
323 2369 498 2400 nusquam,
521 2361 652 2401 opinor,
679 2362 760 2392 alibi
783 2361 976 2392 invenitur:
999 2372 1072 2392 num
1096 2362 1146 2393 ubi
1174 2372 1288 2394 versus
1311 2364 1385 2403 ipse
1403 2365 1573 2404 repudiat.

118 2400 213 2440 Lego
235 2401 351 2440 igitur,
371 2412 445 2433 num
470 2402 540 2433 tibi.
576 2404 677 2434 Bent.
702 2404 758 2435 Ita
784 2403 888 2435 Both.
937 2404 997 2435 ΒΓ.
1023 2410 1057 2435 et
1082 2405 1172 2441 Pei-l.
1190 2416 1269 2436 nunc
1297 2407 1447 2438 alul—84
1471 2408 1575 2439 Varie

119 2443 193 2475 haec
208 2444 379 2483 leguntur.
397 2446 526 2476 Mureti
554 2447 668 2477 cah-ier
694 2446 724 2476 11.
751 2455 778 2477 e.
805 2446 935 2486 decipi,
958 2447 1050 2478 ridet
1077 2448 1171 2488 Lips.
1196 2448 1311 2489 legens
1327 2450 1468 2481 claudere
1495 2451 1525 2482 h.
1544 2461 1574 2482 e.

119 2485 314 2517 claudicare
338 2492 374 2518 et
396 2487 556 2519 deficere.
582 2489 625 2520 G.
651 2489 731 2519 ΕΜ.
759 2493 796 2520 et
821 2489 942 2520 Leidd.
969 2499 1066 2528 1111115,
1092 2491 1329 2522 interclaudier:
1352 2492 1574 2534 additumque

121 2529 187 2560 alia
200 2538 315 2567 mann,
331 2529 341 2546 ‘
359 2530 532 2570 intercipi,
546 2531 626 2572 quin
650 2541 785 2572 semper
808 2531 972 2571 facerem,
997 2542 1069 2572 quae
1089 2533 1251 2564 voluisti.'
1277 2534 1342 2564 sed
1361 2540 1395 2566 et
1410 2537 1576 2567 interclau-

120 2572 189 2602 dier
211 2581 254 2603 ex
281 2573 365 2602 Mss.
394 2576 430 2604 et
455 2573 557 2604 codd.
583 2578 670 2605 vett.
698 2574 818 2606 laudat
844 2574 942 2605 Lind.
978 2575 1022 2605 Et
1046 2580 1098 2606 est
1120 2576 1153 2606 in
1178 2577 1251 2608 ΕΡ.
1279 2577 1367 2608 Vide
1392 2583 1426 2608 et
1454 2579 1574 2610 Barth.

119 2613 218 2645 Adve
227 2624 268 2646 rs.
295 2623 435 2647 xxxin.
461 2618 491 2646 7.
519 2616 620 2648 West.
666 2616 705 2647 In
722 2626 811 2648 omn.
827 2617 916 2648 Pan.
938 2621 1026 2648 teste
1043 2618 1124 2649 Par.
1140 2619 1288 2651 claudier.
1305 2620 1390 2651 GM.
1406 2621 1576 2652 interclau-

120 2657 197 2689 dier.
214 2658 316 2689 Bent.
333 2658 434 2689 Both.
453 2658 545 2690 Peri.
562 2659 773 2691 intercludier.
797 2660 858 2691 Br.
884 2661 979 2691 Bem.
998 2661 1036 2691 Z.
1054 2666 1091 2692 ut
1109 2665 1266 2693 1105.-85
1294 2663 1351 2695 Br.
1365 2663 1573 2696 divisit—57

782 2746 922 2778 NOTAE

165 2811 203 2839 85
243 2808 297 2839 Ex
330 2809 507 2850 AEthiopia]
544 2811 712 2852 Quicquid
748 2812 837 2844 ultra
877 2813 1020 2853 Nigrum
1047 2814 1187 2845 Flumen
1220 2821 1270 2846 est
1309 2821 1343 2846 et
1375 2816 1572 2856 Aigyptum.
