1903 3306
574 228 778 260 ANDRIAE
811 228 919 260 Aer.
952 229 984 261 1.
1015 231 1085 262 sc,
1121 231 1148 261 ι,
1499 222 1582 262 283

142 324 467 383 Nonnunquam
489 323 845 383 collacrymabat.
906 325 1082 365 Placuit
1102 330 1195 365 tum
1216 324 1260 365 id
1282 325 1410 366 mihi:

141 391 219 437 Sic
240 380 510 444 cogitabam:
542 382 820 445 Hio,'parvae
840 392 1169 433 consuetudinis

143 459 307 508 Causa,
326 458 454 512 hujus
474 464 658 499 mortem
680 464 768 500 tam
788 460 871 500 sert
889 458 1187 501 familiariter:

143 524 280 576 Quid,
301 527 338 567 si
358 527 456 580 ipse
476 530 668 568 amasset
680 514 837 580 ‘f—q'uid
857 527 930 568 hic
951 527 1055 567 mihi
1075 527 1220 576 faciet,
1243 526 1391 579 patri?
1530 527 1586 567 85

142 593 260 635 Haec
283 606 365 646 ego
385 594 597 646 putabam
616 607 712 634 esse
734 595 883 635 omnia
903 594 1081 635 humani
1101 594 1254 648 ingeni,

142 660 450 714 Mansuetique
472 661 604 701 animi
623 660 782 702 officia.
843 661 963 712 Quid
985 662 1133 703 multis
1155 663 1331 703 moror?

141 728 324 781 Egomet
343 741 518 781 quoque
540 727 636 781 ejus
657 741 795 770 causa
816 729 861 769 in
880 729 1009 769 funus
1030 729 1211 783 prodeo,

142 795 268 836 Nihil
284 795 520 848 suspicans
538 795 670 836 etiam
687 795 810 837 mali.
850 796 928 836 So.
951 796 1086 844 Hem,
1105 796 1208 849 quid
1225 796 1320 837 est‘?
1362 794 1427 836 Sl.
1450 795 1584 836 Scies.

141 854 523 904 Efferturffim‘tss.
582 861 762 903 Interea
781 862 894 903 inter
915 864 1133 912 mulieres,
1532 864 1588 904 90

142 929 259 981 Quae
277 931 339 970 ibi
360 930 553 979 aderant,
573 929 686 970 forte
707 942 839 970 unam
860 930 1030 983 aspicio
1052 930 1444 980 adolescentulam,

144 997 326 1039 Forma!
388 997 466 1038 So.
497 997 625 1038 Bona
643 997 847 1039 fortasse.
907 998 976 1038 Sl.
1008 997 1063 1038 Et
1083 998 1218 1046 voltu,
1242 998 1388 1055 Sosia,

12 1071 55 1120 ῃ(
118 1045 509 1120 Qdfiblmodesto,
532 1065 644 1106 adeo
664 1069 869 1115 venusto,
901 1070 951 1106 ut
969 1065 1079 1105 nihil
1101 1078 1245 1119 supra.

144 1120 382 1182 Quifftum
400 1132 506 1172 mihi
525 1132 752 1174 lamentari
771 1137 931 1186 praeter
951 1136 1117 1174 ceteras

134 1261 247 1300 funus.
291 1262 465 1304 Aliquando
481 1263 766 1305 collacrymabatur.
807 1263 930 1295 Placuit
956 1267 1029 1296 tunc
1043 1264 1180 1296 idmihi.
1224 1264 1278 1296 Sic
1298 1264 1491 1304 cogitabant,-
1525 1264 1588 1300 hic,

143 1304 180 1336 ob
192 1307 455 1341 conversationem
481 1306 580 1337 brevis
601 1307 757 1347 temporis,
781 1310 909 1338 mortem
934 1306 1026 1346 hujus
1050 1309 1188 1338 mulieris
1209 1317 1293 1347 oegre
1309 1308 1381 1345 sert
1407 1309 1492 1348 adeo,
1512 1312 1544 1338 ut
1560 1307 1590 1337 si

135 1347 310 1385 familiaris
325 1349 354 1380 ei
369 1348 458 1387 longo
474 1352 606 1389 tempore
615 1349 730 1388 fuisset
742 1360 753 1380 .·
775 1351 849 1390 quid
870 1350 898 1380 si
913 1360 979 1380 eum
994 1349 1149 1381 amasset?
1171 1350 1246 1390 quid
1262 1351 1334 1389 mei,
1349 1351 1398 1391 quz'
1414 1354 1502 1390 pater
1514 1360 1591 1388 sum,

142 1399 234 1422 causa
244 1390 439 1429 nonfaciet?
473 1391 555 1423 Hoec
570 1401 625 1431 ego
639 1392 739 1433 officia
750 1392 897 1432 putabam
911 1402 975 1423 esse
990 1393 1110 1432 ingenii
1123 1393 1260 1432 humani,
1274 1397 1304 1424 et
1323 1390 1459 1432 benigni.
1506 1392 1592 1428 Quid

142 1436 174 1464 te
196 1433 336 1474 pluribus
351 1433 451 1465 verbis
471 1432 618 1466 detineo?
658 1436 792 1473 Egomet
815 1445 928 1475 quoque
952 1435 1016 1473 ejus
1030 1445 1120 1466 causa
1144 1436 1177 1466 in
1193 1437 1293 1474 funus
1318 1438 1442 1476 prodeo,
1458 1437 1590 1466 nonaum

143 1475 258 1508 habens
272 1485 339 1507 eum
353 1480 525 1517 suspectum
534 1478 572 1507 de
587 1487 701 1508 amore.
747 1478 806 1508 So.
831 1477 927 1517 Hem,
941 1479 1015 1517 quid
1029 1476 1098 1509 est?
1134 1478 1185 1509 Si.
1212 1478 1257 1508 Tu
1271 1479 1389 1509 audies.
1435 1480 1588 1518 Experta-

142 1521 196 1548 im·
209 1520 350 1550 cadaver.
397 1521 492 1551 lmus.
538 1519 662 1551 Interea
686 1520 769 1551 inter·
784 1520 936 1559 mulieres,
950 1530 1017 1560 «μα’
1038 1521 1083 1550 ibi
1108 1522 1250 1559 aderant,
1270 1521 1461 1558 forteunam
1476 1521 1591 1560 aspicio

142 1561 535 1601 adolescentulam‚sorma.
579 1564 638 1594 So.
662 1562 752 1593 Bona
766 1562 915 1600 fortasse.
959 1563 1011 1593 SI.
1040 1563 1080 1593 Et
1094 1564 1192 1603 vultu,
1209 1563 1327 1594 Sosia!
1352 1565 1426 1594 adeo
1446 1565 1594 1601 modesto,

145 1606 220 1637 adeo
233 1604 379 1645 eleganti,
404 1609 439 1635 ut
454 1605 534 1635 nihil
555 1614 647 1645 supra
662 1605 725 1636 dici
743 1605 851 1645 possit.
898 1605 981 1640 Quia
1004 1608 1076 1636 tunc
1092 1606 1168 1636 mihi
1183 1607 1249 1637 visa
1267 1609 1310 1637 est
1327 1606 1490 1638 lamentari
1510 1607 1596 1646 plus·

747 1706 985 1718 Ostaeeoemeee

145 1777 230 1799 meus
245 1768 348 1800 Both.
364 1769 419 1801 ed.
433 1770 489 1812 qni
511 1780 595 1802 meus
620 1770 652 1801 in
671 1780 718 1803 vs,
734 1781 838 1812 praec.
857 1776 934 1813 post
961 1773 970 1790 ‘
983 1771 1071 1803 filius
1084 1772 1092 1785 ’
1115 1772 1181 1813 legi
1197 1773 1231 1803 in
1246 1772 1324 1803 Hel.
1339 1776 1449 1804 notat.
1494 1772 1591 1803 Ama-

142 1814 215 1842 rant
230 1812 403 1852 accipiunt
416 1813 519 1844 Bent.
538 1814 718 1845 Pom—84
741 1814 823 1852 Alii,
842 1815 915 1855 flet.
961 1816 1092 1847 Glossae
1117 1817 1174 1845 τοῦ
1199 1816 1258 1846 Br.
1287 1816 1389 1845 Causa
1416 1815 1457 1845 ad
1485 1815 1592 1855 prior.

143 1862 233 1886 vers.
251 1853 368 1886 Guelf.
387 1859 502 1887 1.-85
528 1856 702 1888 Minimam
717 1857 851 1896 στιγμὴν
868 1858 962 1898 posui
981 1864 1058 1898 post
1074 1857 1187 1896 faciet,
1215 1857 1303 1899 quod
1321 1858 1371 1888 ita
1388 1858 1594 1896 ἐμφατικώτε-

143 1907 196 1936 ρον
208 1896 381 1928 videretur
405 1896 443 1928 τὸ
455 1899 565 1939 μαινίς
589 1904 658 1930 tum
685 1900 774 1940 quod
790 1902 961 1932 Donatum
985 1902 1032 1932 ita
1049 1900 1287 1942 pronuntiasse
1302 1900 1462 1931 viderem.
1491 1901 1593 1932 West.

142 1939 222 1969 Non
237 1945 425 1980 sequuntur
441 1942 508 1972 alii.
555 1942 650 1982 Lego
665 1943 739 1982 quid
755 1943 832 1973 mihi
855 1943 914 1974 hic.
941 1944 1042 1975 Bent.
1077 1953 1178 1984 quem
1202 1943 1356 1983 sequitur
1389 1944 1479 1974 Perl.
1527 1943 1594 1974 Hic

142 1981 216 2022 quid
227 1982 506 2015 mihiBoth.—89
531 1984 615 2019 Quid
626 1985 660 2015 id
677 1989 720 2016 est
734 1986 794 2016 ΒΥ.
809 1986 901 2017 Perl.
919 1986 1021 2017 Both.
1067 1986 1170 2017 ‘Tres
1195 1987 1294 2016 codd.
1319 1986 1437 2026 legunt
1461 1986 1534 2026 quid
1558 1986 1591 2016 ia

143 2027 200 2055 eat.
245 2025 376 2057 Recte.'
403 2026 495 2057 Bent.
541 2029 549 2044 ‘
565 2027 690 2067 Vulgo,
713 2028 788 2067 quid
813 2032 868 2064 est,
895 2029 995 2059 solito
1020 2038 1148 2060 errore.
1205 2029 1336 2068 Sequor
1364 2030 1388 2059 Β
1409 2030 1435 2060 C
1460 2029 1526 2060 Gu.
1550 2028 1592 2060 1.'

144 2065 242 2098 Both.
288 2067 402 2100 Guelf.
418 2071 449 2099 3.
465 2070 562 2101 abest
576 2070 766 2101 etiams-91
783 2071 866 2101 Vult
882 2071 969 2102 Gov.
995 2072 1036 2106 Q.
1053 2071 1076 2101 i.
1092 2082 1122 2103 a.
1137 2071 1295 2111 asp.forte
1306 2072 1474 2102 adol.—92
1492 2072 1594 2102 Bent.

145 2109 260 2140 Forma
280 2110 356 2142 bona
370 2133 378 2142 .
393 2131 401 2140 .
414 2134 422 2143 .
438 2111 553 2143 SostA.
580 2113 733 2144 Fortasse.
780 2114 809 2143 Ο
826 2113 972 2154 vulgatis
988 2114 1103 2145 abest:
1129 2119 1225 2144 extat
1240 2114 1271 2143 iu
1289 2115 1354 2145 Gu.
1370 2116 1400 2145 1.
1419 2113 1505 2154 quod
1524 2114 1593 2154 pla—

144 2156 210 2184 cet.
232 2152 329 2184 Both.
364 2154 418 2194 qui
435 2154 545 2185 edidit
571 2154 684 2185 Forma
700 2177 708 2186 .
722 2175 730 2184 .
744 2177 752 2184 .
767 2178 775 2186 .
788 2156 906 2186 SosrA.
930 2157 1062 2194 Bonas.
1084 2157 1191 2188 S1M0.
1224 2157 1267 2187 Et
1285 2167 1313 2188 v.
1327 2167 1343 2187 o
1359 2156 1393 2186 S.
1439 2157 1593 2187 Primam

146 2203 262 2226 versus
281 2200 412 2234 partem
431 2197 478 2227 sic
496 2197 597 2227 etiam
616 2198 673 2228 dat
686 2198 865 2229 Perl.-—93
893 2199 1103 2239 Discrepant
1129 2200 1337 2240 exemplaria
1354 2199 1518 2230 Prisciani
1540 2199 1597 2229 lib.

144 2244 221 2269 xiv.
266 2238 352 2269 Adeo
378 2240 524 2279 modesta,
550 2241 624 2270 adeo
649 2243 786 2271 venusta.
811 2241 908 2272 Lintl.
965 2240 1075 2272 Abest
1103 2240 1219 2272 Guelf.
1247 2245 1279 2273 2.
1313 2243 1388 2272 adeo
1413 2242 1595 2281 posterius,

145 2280 257 2320 posito
270 2284 362 2322 atque
376 2281 410 2311 in
437 2281 511 2322 ejus
536 2282 658 2313 locum.
683 2283 858 2314 Pera—94
885 2284 962 2318 Quoe
987 2287 1052 2315 tum
1076 2284 1116 2315 V.
1132 2284 1171 2315 C.
1197 2284 1290 2315 Lina.
1336 2285 1390 2315 Sic
1418 2285 1477 2315 ΒΓ.
1503 2284 1592 2325 quod

143 2323 354 2363 probandum
371 2323 644 2364 videtui-‚judice
667 2325 791 2356 Bruns.
836 2328 845 2343 ‘
861 2326 979 2356 Nostri
1004 2326 1103 2358 codd.
1122 2336 1250 2357 summo
1266 2336 1435 2358 consensu
1459 2332 1493 2357 et
1514 2326 1593 2357 edd.

145 2365 269 2405 priscae
297 2376 359 2407 pro
388 2367 471 2402 Quia
496 2370 561 2398 tum
583 2368 702 2408 legunt
727 2368 805 2403 Quoe
830 2371 907 2399 tum.
958 2369 1050 2399 Vera
1073 2369 1173 2400 lectio
1198 2374 1252 2400 est
1278 2370 1354 2405 Qua>
1378 2369 1470 2400 cum!
1492 2370 1594 2400 Bent.

149 2408 227 2444 Quae
240 2419 308 2440 cum
324 2410 383 2440 dat
398 2410 493 2441 Peri.
515 2409 606 2451 quod
633 2416 734 2442 vocat
757 2411 945 2452 elegantius
962 2421 1061 2453 quam
1091 2412 1176 2447 Quia
1200 2415 1278 2453 tum,
1302 2417 1339 2444 et
1368 2412 1469 2443 Both.
1498 2417 1595 2444 notat

799 2491 946 2523 NOTAE

189 2562 232 2591 90
256 2558 415 2600 Effertur]
441 2559 590 2590 Verbum
605 2559 746 2591 funebre
760 2571 767 2591 :
793 2571 844 2592 so·
901 2561 1078 2600 Censorio,
1092 2565 1127 2593 et
1141 2561 1249 2593 altero
1263 2562 1431 2593 Praetore.

147 2609 264 2641 lebant
280 2609 367 2639 enim
383 2618 527 2648 corpora
544 2615 753 2641 mortuorum
774 2611 844 2641 alte
941 2614 980 2642 93
1005 2612 1091 2642 Adeo
1115 2610 1254 2651 venusto]
1278 2611 1318 2641 Id
1341 2615 1405 2650 est,
1432 2611 1591 2651 pulchro:

148 2658 232 2690 ferri
257 2659 403 2689 humeris
431 2668 450 2689 a
474 2659 783 2700 propinquioriban
808 2666 845 2692 ut
899 2670 919 2691 a
942 2661 1089 2692 Venere.
1126 2661 1296 2691 venustas
1314 2662 1451 2701 proprie
1477 2661 1518 2691 tle
1535 2660 1593 2693 foe=

148 2709 310 2740 Metellus
322 2709 431 2740 elatus
444 2709 509 2740 fuit
521 2719 539 2739 a
549 2708 624 2739 filiis
637 2710 743 2740 tribus
757 2710 843 2741 Con-
899 2711 997 2742 minis
1014 2711 1162 2751 elicitum
1185 2711 1331 2752 dignitas
1348 2711 1390 2743 de
1408 2711 1496 2742 viris.

149 2759 763 2800 sularibus,duobusTriumphalibus,
780 2770 844 2791 uno
