<?xml version="1.0" encoding="UTF-8"?>
<!DOCTYPE html PUBLIC "-//W3C//DTD XHTML 1.0 Transitional//EN"
    "http://www.w3.org/TR/xhtml1/DTD/xhtml1-transitional.dtd">
<html xmlns="http://www.w3.org/1999/xhtml" xml:lang="en" lang="en">
 <head>
  <title>
</title>
<meta http-equiv="Content-Type" content="text/html;charset=utf-8" />
  <meta name='ocr-system' content='tesseract 3.04.00' />
  <meta name='ocr-capabilities' content='ocr_page ocr_carea ocr_par ocr_line ocrx_word'/>
</head>
<body>
  <div class='ocr_page' id='page_1' title='image "./pubterentiiafric01tereuoft/pubterentiiafric01tereuoft_0244.png"; bbox 0 0 1903 3306; ppageno 0'>
   <div class='ocr_carea' id='block_1_1' title="bbox 358 213 1610 258">
    <p class='ocr_par' dir='ltr' id='par_1_1' title="bbox 358 213 1610 258">
     <span class='ocr_line' id='line_1_1' title="bbox 358 213 1610 258; baseline 0.001 -3"><span class='ocrx_word' id='word_1_1' title='bbox 358 213 445 256; x_wconf 74' lang='lat'>234</span> <span class='ocrx_word' id='word_1_2' title='bbox 573 224 882 257; x_wconf 67' lang='lat' dir='ltr'>FRAncrscus</span> <span class='ocrx_word' id='word_1_3' title='bbox 916 225 1053 256; x_wconf 77' lang='lat' dir='ltr'>nARE</span> <span class='ocrx_word' id='word_1_4' title='bbox 1087 225 1150 255; x_wconf 85' lang='lat' dir='ltr'>DE</span> <span class='ocrx_word' id='word_1_5' title='bbox 1184 224 1367 256; x_wconf 69' lang='lat' dir='ltr'>marnis</span> <span class='ocrx_word' id='word_1_6' title='bbox 1400 226 1610 258; x_wconf 74' lang='lat' dir='ltr'>comicis.</span> 
     </span>
    </p>
   </div>
   <div class='ocr_carea' id='block_1_2' title="bbox 386 320 1763 434">
    <p class='ocr_par' dir='ltr' id='par_1_2' title="bbox 386 320 1763 434">
     <span class='ocr_line' id='line_1_2' title="bbox 571 321 1064 357; baseline 0.004 -2"><span class='ocrx_word' id='word_1_7' title='bbox 571 322 598 355; x_wconf 88' lang='grc'><strong>4</strong></span> <span class='ocrx_word' id='word_1_8' title='bbox 1039 321 1064 357; x_wconf 89' lang='grc'><em>5</em></span> 
     </span>
     <span class='ocr_line' id='line_1_3' title="bbox 386 320 1763 434; baseline 0.001 -15"><span class='ocrx_word' id='word_1_9' title='bbox 386 380 506 420; x_wconf 86' lang='lat' dir='ltr'>Tibiis</span> <span class='ocrx_word' id='word_1_10' title='bbox 527 381 719 420; x_wconf 84' lang='lat' dir='ltr'>Sarranis.</span> <span class='ocrx_word' id='word_1_11' title='bbox 880 382 998 421; x_wconf 79' lang='lat' dir='ltr'>Tibiis</span> <span class='ocrx_word' id='word_1_12' title='bbox 1020 382 1190 434; x_wconf 86' lang='lat' dir='ltr'>paribus.</span> <span class='ocrx_word' id='word_1_13' title='bbox 1402 382 1521 421; x_wconf 89' lang='lat' dir='ltr'>Tibiis</span> <span class='ocrx_word' id='word_1_14' title='bbox 1540 320 1763 434; x_wconf 49' lang='lat' dir='ltr'>ifjnparibus.</span> 
     </span>
    </p>
   </div>
   <div class='ocr_carea' id='block_1_3' title="bbox 357 475 1805 592">
    <p class='ocr_par' dir='ltr' id='par_1_3' title="bbox 357 475 1805 592">
     <span class='ocr_line' id='line_1_4' title="bbox 414 475 1805 529; baseline -0.001 -13"><span class='ocrx_word' id='word_1_15' title='bbox 414 478 493 516; x_wconf 86' lang='lat' dir='ltr'>Sed</span> <span class='ocrx_word' id='word_1_16' title='bbox 520 477 701 529; x_wconf 86' lang='lat' dir='ltr'>quaedam</span> <span class='ocrx_word' id='word_1_17' title='bbox 732 490 779 515; x_wconf 87' lang='lat' dir='ltr'>ex</span> <span class='ocrx_word' id='word_1_18' title='bbox 806 477 866 515; x_wconf 89' lang='lat' dir='ltr'>his</span> <span class='ocrx_word' id='word_1_19' title='bbox 888 490 966 515; x_wconf 85' lang='lat' dir='ltr'>non</span> <span class='ocrx_word' id='word_1_20' title='bbox 986 477 1081 515; x_wconf 84' lang='lat' dir='ltr'>satis</span> <span class='ocrx_word' id='word_1_21' title='bbox 1103 477 1254 514; x_wconf 87' lang='lat' dir='ltr'>sincera</span> <span class='ocrx_word' id='word_1_22' title='bbox 1274 488 1360 515; x_wconf 89' lang='lat' dir='ltr'>esse</span> <span class='ocrx_word' id='word_1_23' title='bbox 1381 475 1504 529; x_wconf 90' lang='lat' dir='ltr'>liquet</span> <span class='ocrx_word' id='word_1_24' title='bbox 1522 489 1611 516; x_wconf 85' lang='lat' dir='ltr'>cum</span> <span class='ocrx_word' id='word_1_25' title='bbox 1630 489 1679 515; x_wconf 86' lang='lat' dir='ltr'>ex</span> <span class='ocrx_word' id='word_1_26' title='bbox 1697 476 1805 516; x_wconf 88' lang='lat' dir='ltr'>codi-</span> 
     </span>
     <span class='ocr_line' id='line_1_5' title="bbox 357 540 1307 592; baseline -0.004 -11"><span class='ocrx_word' id='word_1_27' title='bbox 357 554 448 581; x_wconf 88' lang='lat' dir='ltr'>cum</span> <span class='ocrx_word' id='word_1_28' title='bbox 467 541 667 588; x_wconf 84' lang='lat' dir='ltr'>varietate,</span> <span class='ocrx_word' id='word_1_29' title='bbox 686 547 769 579; x_wconf 86' lang='lat' dir='ltr'>turn</span> <span class='ocrx_word' id='word_1_30' title='bbox 789 553 837 578; x_wconf 90' lang='lat' dir='ltr'>ex</span> <span class='ocrx_word' id='word_1_31' title='bbox 858 540 1029 588; x_wconf 84' lang='lat' dir='ltr'>Donato,</span> <span class='ocrx_word' id='word_1_32' title='bbox 1043 540 1158 592; x_wconf 84' lang='lat' dir='ltr'>juxta</span> <span class='ocrx_word' id='word_1_33' title='bbox 1176 552 1307 590; x_wconf 88' lang='lat' dir='ltr'>quem,</span> 
     </span>
    </p>
   </div>
   <div class='ocr_carea' id='block_1_4' title="bbox 397 623 1792 729">
    <p class='ocr_par' dir='ltr' id='par_1_4' title="bbox 397 623 1792 729">
     <span class='ocr_line' id='line_1_6' title="bbox 471 623 1696 668; baseline -0.001 -5"><span class='ocrx_word' id='word_1_34' title='bbox 471 625 656 665; x_wconf 87' lang='lat' dir='ltr'>Secunda</span> <span class='ocrx_word' id='word_1_35' title='bbox 676 630 764 663; x_wconf 86' lang='lat' dir='ltr'>acta</span> <span class='ocrx_word' id='word_1_36' title='bbox 783 631 845 662; x_wconf 88' lang='lat' dir='ltr'>est</span> <span class='ocrx_word' id='word_1_37' title='bbox 1135 623 1286 668; x_wconf 88' lang='lat' dir='ltr'>Quarta</span> <span class='ocrx_word' id='word_1_38' title='bbox 1577 624 1696 662; x_wconf 83' lang='lat' dir='ltr'>Sexta</span> 
     </span>
     <span class='ocr_line' id='line_1_7' title="bbox 397 686 1792 729; baseline -0.002 -1"><span class='ocrx_word' id='word_1_39' title='bbox 397 689 499 729; x_wconf 88' lang='lat' dir='ltr'>tibiis</span> <span class='ocrx_word' id='word_1_40' title='bbox 519 689 655 728; x_wconf 81' lang='lat' dir='ltr'>dextra</span> <span class='ocrx_word' id='word_1_41' title='bbox 673 695 713 727; x_wconf 86' lang='lat' dir='ltr'>et</span> <span class='ocrx_word' id='word_1_42' title='bbox 732 687 901 726; x_wconf 84' lang='lat' dir='ltr'>sinistra.</span> <span class='ocrx_word' id='word_1_43' title='bbox 1074 687 1178 726; x_wconf 90' lang='lat' dir='ltr'>tibiis</span> <span class='ocrx_word' id='word_1_44' title='bbox 1199 686 1359 726; x_wconf 86' lang='lat' dir='ltr'>dextris.</span> <span class='ocrx_word' id='word_1_45' title='bbox 1478 686 1581 725; x_wconf 86' lang='lat' dir='ltr'>tibiis</span> <span class='ocrx_word' id='word_1_46' title='bbox 1602 687 1792 725; x_wconf 85' lang='lat' dir='ltr'>Sarranis.</span> 
     </span>
    </p>
   </div>
   <div class='ocr_carea' id='block_1_5' title="bbox 353 770 1810 1271">
    <p class='ocr_par' dir='ltr' id='par_1_5' title="bbox 353 770 1810 1271">
     <span class='ocr_line' id='line_1_8' title="bbox 412 770 1808 823; baseline -0.001 -12"><span class='ocrx_word' id='word_1_47' title='bbox 412 774 466 812; x_wconf 89' lang='lat' dir='ltr'>Ut</span> <span class='ocrx_word' id='word_1_48' title='bbox 482 774 567 813; x_wconf 81' lang='lat' dir='ltr'>haec</span> <span class='ocrx_word' id='word_1_49' title='bbox 588 780 716 812; x_wconf 84' lang='lat' dir='ltr'>autem</span> <span class='ocrx_word' id='word_1_50' title='bbox 735 772 1013 823; x_wconf 80' lang='lat' dir='ltr'>intelligamus,</span> <span class='ocrx_word' id='word_1_51' title='bbox 1033 771 1317 811; x_wconf 88' lang='lat' dir='ltr'>observandum</span> <span class='ocrx_word' id='word_1_52' title='bbox 1345 776 1406 809; x_wconf 86' lang='lat' dir='ltr'>est</span> <span class='ocrx_word' id='word_1_53' title='bbox 1424 771 1609 809; x_wconf 87' lang='lat' dir='ltr'>Veterum</span> <span class='ocrx_word' id='word_1_54' title='bbox 1629 770 1808 810; x_wconf 84' lang='lat' dir='ltr'>tibicines</span> 
     </span>
     <span class='ocr_line' id='line_1_9' title="bbox 355 835 1810 888; baseline -0.003 -10"><span class='ocrx_word' id='word_1_55' title='bbox 355 839 455 878; x_wconf 88' lang='lat' dir='ltr'>duas</span> <span class='ocrx_word' id='word_1_56' title='bbox 475 838 589 877; x_wconf 88' lang='lat' dir='ltr'>simul</span> <span class='ocrx_word' id='word_1_57' title='bbox 608 839 722 876; x_wconf 87' lang='lat' dir='ltr'>tibias</span> <span class='ocrx_word' id='word_1_58' title='bbox 743 837 875 876; x_wconf 89' lang='lat' dir='ltr'>inflare</span> <span class='ocrx_word' id='word_1_59' title='bbox 895 837 1030 875; x_wconf 91' lang='lat' dir='ltr'>solitos</span> <span class='ocrx_word' id='word_1_60' title='bbox 1051 850 1151 885; x_wconf 88' lang='lat' dir='ltr'>esse,</span> <span class='ocrx_word' id='word_1_61' title='bbox 1172 850 1275 888; x_wconf 84' lang='lat' dir='ltr'>quae,</span> <span class='ocrx_word' id='word_1_62' title='bbox 1296 836 1328 874; x_wconf 85' lang='lat' dir='ltr'>si</span> <span class='ocrx_word' id='word_1_63' title='bbox 1348 835 1486 875; x_wconf 88' lang='lat' dir='ltr'>dextra</span> <span class='ocrx_word' id='word_1_64' title='bbox 1513 848 1631 874; x_wconf 90' lang='lat' dir='ltr'>manu</span> <span class='ocrx_word' id='word_1_65' title='bbox 1651 835 1810 874; x_wconf 89' lang='lat' dir='ltr'>dextra·-</span> 
     </span>
     <span class='ocr_line' id='line_1_10' title="bbox 354 899 1810 955; baseline -0.003 -13"><span class='ocrx_word' id='word_1_66' title='bbox 354 917 431 955; x_wconf 89' lang='lat' dir='ltr'>que</span> <span class='ocrx_word' id='word_1_67' title='bbox 464 903 541 942; x_wconf 89' lang='lat' dir='ltr'>oris</span> <span class='ocrx_word' id='word_1_68' title='bbox 571 908 679 954; x_wconf 88' lang='lat' dir='ltr'>parte</span> <span class='ocrx_word' id='word_1_69' title='bbox 711 908 948 948; x_wconf 88' lang='lat' dir='ltr'>tenerentur,</span> <span class='ocrx_word' id='word_1_70' title='bbox 980 901 1127 940; x_wconf 84' lang='lat' dir='ltr'>dextrae</span> <span class='ocrx_word' id='word_1_71' title='bbox 1161 900 1278 939; x_wconf 84' lang='lat' dir='ltr'>dictae</span> <span class='ocrx_word' id='word_1_72' title='bbox 1314 906 1428 938; x_wconf 86' lang='lat' dir='ltr'>sunt:</span> <span class='ocrx_word' id='word_1_73' title='bbox 1458 913 1548 951; x_wconf 82' lang='lat' dir='ltr'>quae</span> <span class='ocrx_word' id='word_1_74' title='bbox 1577 912 1670 939; x_wconf 90' lang='lat' dir='ltr'>vero</span> <span class='ocrx_word' id='word_1_75' title='bbox 1707 899 1810 938; x_wconf 83' lang='lat' dir='ltr'>laeva</span> 
     </span>
     <span class='ocr_line' id='line_1_11' title="bbox 353 962 1805 1017; baseline -0.003 -12"><span class='ocrx_word' id='word_1_76' title='bbox 353 980 472 1005; x_wconf 87' lang='lat' dir='ltr'>manu</span> <span class='ocrx_word' id='word_1_77' title='bbox 491 966 668 1017; x_wconf 87' lang='lat' dir='ltr'>laevaque</span> <span class='ocrx_word' id='word_1_78' title='bbox 688 966 764 1004; x_wconf 85' lang='lat' dir='ltr'>oris</span> <span class='ocrx_word' id='word_1_79' title='bbox 794 972 917 1016; x_wconf 87' lang='lat' dir='ltr'>parte,</span> <span class='ocrx_word' id='word_1_80' title='bbox 938 965 1102 1002; x_wconf 76' lang='lat' dir='ltr'>sinistrae</span> <span class='ocrx_word' id='word_1_81' title='bbox 1120 977 1130 1003; x_wconf 92' lang='lat'>:</span> <span class='ocrx_word' id='word_1_82' title='bbox 1161 963 1265 1001; x_wconf 88' lang='lat' dir='ltr'>hune</span> <span class='ocrx_word' id='word_1_83' title='bbox 1285 962 1390 1014; x_wconf 85' lang='lat' dir='ltr'>apud</span> <span class='ocrx_word' id='word_1_84' title='bbox 1411 963 1498 1001; x_wconf 91' lang='lat' dir='ltr'>illos</span> <span class='ocrx_word' id='word_1_85' title='bbox 1518 975 1664 1002; x_wconf 87' lang='lat' dir='ltr'>morem</span> <span class='ocrx_word' id='word_1_86' title='bbox 1681 963 1805 1001; x_wconf 85' lang='lat' dir='ltr'>fuisse</span> 
     </span>
     <span class='ocr_line' id='line_1_12' title="bbox 355 1026 1808 1081; baseline -0.003 -13"><span class='ocrx_word' id='word_1_87' title='bbox 355 1030 518 1081; x_wconf 86' lang='lat' dir='ltr'>antiqua</span> <span class='ocrx_word' id='word_1_88' title='bbox 555 1043 748 1069; x_wconf 87' lang='lat' dir='ltr'>marmora</span> <span class='ocrx_word' id='word_1_89' title='bbox 784 1035 824 1066; x_wconf 86' lang='lat' dir='ltr'>et</span> <span class='ocrx_word' id='word_1_90' title='bbox 853 1029 998 1067; x_wconf 90' lang='lat' dir='ltr'>nummi</span> <span class='ocrx_word' id='word_1_91' title='bbox 1038 1041 1182 1079; x_wconf 84' lang='lat' dir='ltr'>magno</span> <span class='ocrx_word' id='word_1_92' title='bbox 1215 1040 1378 1066; x_wconf 88' lang='lat' dir='ltr'>numero</span> <span class='ocrx_word' id='word_1_93' title='bbox 1412 1026 1640 1066; x_wconf 87' lang='lat' dir='ltr'>ostendunt.</span> <span class='ocrx_word' id='word_1_94' title='bbox 1696 1026 1808 1064; x_wconf 90' lang='lat' dir='ltr'>Duas</span> 
     </span>
     <span class='ocr_line' id='line_1_13' title="bbox 353 1090 1810 1144; baseline -0.003 -12"><span class='ocrx_word' id='word_1_95' title='bbox 353 1107 445 1132; x_wconf 90' lang='lat' dir='ltr'>vero</span> <span class='ocrx_word' id='word_1_96' title='bbox 465 1093 637 1140; x_wconf 86' lang='lat' dir='ltr'>dextras,</span> <span class='ocrx_word' id='word_1_97' title='bbox 650 1106 728 1131; x_wconf 90' lang='lat' dir='ltr'>non</span> <span class='ocrx_word' id='word_1_98' title='bbox 747 1105 861 1144; x_wconf 89' lang='lat' dir='ltr'>pares</span> <span class='ocrx_word' id='word_1_99' title='bbox 881 1091 1052 1139; x_wconf 88' lang='lat' dir='ltr'>dextras,</span> <span class='ocrx_word' id='word_1_100' title='bbox 1073 1098 1112 1130; x_wconf 88' lang='lat' dir='ltr'>et</span> <span class='ocrx_word' id='word_1_101' title='bbox 1130 1091 1294 1143; x_wconf 86' lang='lat' dir='ltr'>proinde</span> <span class='ocrx_word' id='word_1_102' title='bbox 1314 1090 1412 1129; x_wconf 89' lang='lat' dir='ltr'>duas</span> <span class='ocrx_word' id='word_1_103' title='bbox 1434 1091 1628 1137; x_wconf 87' lang='lat' dir='ltr'>sinistras,</span> <span class='ocrx_word' id='word_1_104' title='bbox 1646 1095 1750 1128; x_wconf 86' lang='lat' dir='ltr'>recte</span> <span class='ocrx_word' id='word_1_105' title='bbox 1771 1096 1810 1127; x_wconf 88' lang='lat' dir='ltr'>et</span> 
     </span>
     <span class='ocr_line' id='line_1_14' title="bbox 354 1153 1809 1209; baseline -0.003 -13"><span class='ocrx_word' id='word_1_106' title='bbox 354 1157 508 1209; x_wconf 87' lang='lat' dir='ltr'>proprie</span> <span class='ocrx_word' id='word_1_107' title='bbox 528 1157 603 1195; x_wconf 88' lang='lat' dir='ltr'>dici</span> <span class='ocrx_word' id='word_1_108' title='bbox 622 1162 729 1208; x_wconf 88' lang='lat' dir='ltr'>patet</span> <span class='ocrx_word' id='word_1_109' title='bbox 758 1162 799 1194; x_wconf 91' lang='lat' dir='ltr'>et</span> <span class='ocrx_word' id='word_1_110' title='bbox 820 1168 868 1194; x_wconf 85' lang='lat' dir='ltr'>ex</span> <span class='ocrx_word' id='word_1_111' title='bbox 898 1154 960 1193; x_wconf 91' lang='lat' dir='ltr'>his</span> <span class='ocrx_word' id='word_1_112' title='bbox 987 1154 1126 1202; x_wconf 90' lang='lat' dir='ltr'>titulis,</span> <span class='ocrx_word' id='word_1_113' title='bbox 1154 1160 1194 1192; x_wconf 92' lang='lat' dir='ltr'>et</span> <span class='ocrx_word' id='word_1_114' title='bbox 1223 1168 1272 1194; x_wconf 89' lang='lat' dir='ltr'>ex</span> <span class='ocrx_word' id='word_1_115' title='bbox 1301 1154 1506 1193; x_wconf 86' lang='lat' dir='ltr'>notissimo</span> <span class='ocrx_word' id='word_1_116' title='bbox 1529 1153 1687 1193; x_wconf 82' lang='lat' dir='ltr'>Phaedri</span> <span class='ocrx_word' id='word_1_117' title='bbox 1720 1153 1809 1192; x_wconf 86' lang='lat' dir='ltr'>loco</span> 
     </span>
     <span class='ocr_line' id='line_1_15' title="bbox 353 1219 1549 1271; baseline 0 -13"><span class='ocrx_word' id='word_1_118' title='bbox 353 1221 382 1260; x_wconf 91' lang='lat' dir='ltr'>l.</span> <span class='ocrx_word' id='word_1_119' title='bbox 406 1234 446 1259; x_wconf 90' lang='lat' dir='ltr'>v.</span> <span class='ocrx_word' id='word_1_120' title='bbox 469 1221 563 1260; x_wconf 92' lang='lat' dir='ltr'>Fab.</span> <span class='ocrx_word' id='word_1_121' title='bbox 586 1222 624 1259; x_wconf 82' lang='lat'>6.</span> <span class='ocrx_word' id='word_1_122' title='bbox 646 1220 696 1258; x_wconf 90' lang='lat' dir='ltr'>de</span> <span class='ocrx_word' id='word_1_123' title='bbox 712 1219 882 1267; x_wconf 82' lang='lat' dir='ltr'>tibicine,</span> <span class='ocrx_word' id='word_1_124' title='bbox 903 1219 968 1271; x_wconf 92' lang='lat' dir='ltr'>qui</span> <span class='ocrx_word' id='word_1_125' title='bbox 990 1219 1185 1258; x_wconf 86' lang='lat' dir='ltr'>sinistram</span> <span class='ocrx_word' id='word_1_126' title='bbox 1204 1219 1372 1270; x_wconf 84' lang='lat' dir='ltr'>fregerat</span> <span class='ocrx_word' id='word_1_127' title='bbox 1389 1219 1520 1257; x_wconf 88' lang='lat' dir='ltr'>tibiam</span> <span class='ocrx_word' id='word_1_128' title='bbox 1539 1231 1549 1258; x_wconf 67' lang='grc' dir='ltr'>ε</span> 
     </span>
    </p>
   </div>
   <div class='ocr_carea' id='block_1_6' title="bbox 620 1313 1495 1366">
    <p class='ocr_par' dir='ltr' id='par_1_6' title="bbox 620 1313 1495 1366">
     <span class='ocr_line' id='line_1_16' title="bbox 620 1313 1495 1366; baseline -0.001 -12"><span class='ocrx_word' id='word_1_129' title='bbox 620 1316 743 1354; x_wconf 80' lang='lat' dir='ltr'>DuAs</span> <span class='ocrx_word' id='word_1_130' title='bbox 764 1328 851 1354; x_wconf 89' lang='lat' dir='ltr'>cum</span> <span class='ocrx_word' id='word_1_131' title='bbox 873 1327 1078 1353; x_wconf 78' lang='lat' dir='ltr'><strong>DEXTRAS</strong></span> <span class='ocrx_word' id='word_1_132' title='bbox 1098 1314 1302 1353; x_wconf 87' lang='lat' dir='ltr'>maluisset</span> <span class='ocrx_word' id='word_1_133' title='bbox 1319 1313 1495 1366; x_wconf 84' lang='lat' dir='ltr'>perdere.</span> 
     </span>
    </p>
   </div>
   <div class='ocr_carea' id='block_1_7' title="bbox 349 1385 1810 2398">
    <p class='ocr_par' dir='ltr' id='par_1_7' title="bbox 349 1385 1810 2398">
     <span class='ocr_line' id='line_1_17' title="bbox 408 1385 1810 1441; baseline -0.003 -13"><span class='ocrx_word' id='word_1_134' title='bbox 408 1391 468 1428; x_wconf 84' lang='lat' dir='ltr'>Ex</span> <span class='ocrx_word' id='word_1_135' title='bbox 495 1390 609 1429; x_wconf 85' lang='lat' dir='ltr'>tertio</span> <span class='ocrx_word' id='word_1_136' title='bbox 640 1390 755 1428; x_wconf 87' lang='lat' dir='ltr'>titulo</span> <span class='ocrx_word' id='word_1_137' title='bbox 785 1390 909 1441; x_wconf 89' lang='lat' dir='ltr'>liquet</span> <span class='ocrx_word' id='word_1_138' title='bbox 943 1390 1057 1428; x_wconf 88' lang='lat' dir='ltr'>tibias</span> <span class='ocrx_word' id='word_1_139' title='bbox 1095 1389 1253 1428; x_wconf 85' lang='lat' dir='ltr'>dextras</span> <span class='ocrx_word' id='word_1_140' title='bbox 1288 1390 1339 1428; x_wconf 85' lang='lat' dir='ltr'>ab</span> <span class='ocrx_word' id='word_1_141' title='bbox 1370 1388 1580 1440; x_wconf 88' lang='lat' dir='ltr'>imparibus</span> <span class='ocrx_word' id='word_1_142' title='bbox 1610 1385 1810 1438; x_wconf 87' lang='lat' dir='ltr'>distingui,</span> 
     </span>
     <span class='ocr_line' id='line_1_18' title="bbox 351 1454 1809 1506; baseline -0.003 -13"><span class='ocrx_word' id='word_1_143' title='bbox 351 1454 518 1506; x_wconf 83' lang='lat' dir='ltr'>ideoque</span> <span class='ocrx_word' id='word_1_144' title='bbox 538 1467 651 1506; x_wconf 88' lang='lat' dir='ltr'>pares</span> <span class='ocrx_word' id='word_1_145' title='bbox 671 1454 806 1501; x_wconf 76' lang='lat' dir='ltr'>fuisse,</span> <span class='ocrx_word' id='word_1_146' title='bbox 825 1454 866 1493; x_wconf 90' lang='lat' dir='ltr'>id</span> <span class='ocrx_word' id='word_1_147' title='bbox 887 1461 960 1502; x_wconf 86' lang='lat' dir='ltr'>est,</span> <span class='ocrx_word' id='word_1_148' title='bbox 990 1454 1147 1506; x_wconf 88' lang='lat' dir='ltr'>paribus</span> <span class='ocrx_word' id='word_1_149' title='bbox 1180 1454 1449 1500; x_wconf 87' lang='lat' dir='ltr'>foraminibus,</span> <span class='ocrx_word' id='word_1_150' title='bbox 1477 1464 1670 1504; x_wconf 89' lang='lat' dir='ltr'>paresque</span> <span class='ocrx_word' id='word_1_151' title='bbox 1690 1463 1809 1490; x_wconf 91' lang='lat' dir='ltr'>sonos</span> 
     </span>
     <span class='ocr_line' id='line_1_19' title="bbox 351 1515 1808 1570; baseline -0.003 -14"><span class='ocrx_word' id='word_1_152' title='bbox 351 1517 539 1566; x_wconf 86' lang='lat' dir='ltr'>edidisse,</span> <span class='ocrx_word' id='word_1_153' title='bbox 559 1518 665 1570; x_wconf 90' lang='lat' dir='ltr'>quod</span> <span class='ocrx_word' id='word_1_154' title='bbox 683 1517 786 1557; x_wconf 89' lang='lat' dir='ltr'>idem</span> <span class='ocrx_word' id='word_1_155' title='bbox 804 1517 986 1569; x_wconf 85' lang='lat' dir='ltr'>parijure</span> <span class='ocrx_word' id='word_1_156' title='bbox 1008 1516 1057 1555; x_wconf 92' lang='lat' dir='ltr'>de</span> <span class='ocrx_word' id='word_1_157' title='bbox 1077 1517 1228 1555; x_wconf 83' lang='lat' dir='ltr'>duabus</span> <span class='ocrx_word' id='word_1_158' title='bbox 1250 1517 1418 1555; x_wconf 88' lang='lat' dir='ltr'>sinistris</span> <span class='ocrx_word' id='word_1_159' title='bbox 1446 1516 1563 1555; x_wconf 85' lang='lat' dir='ltr'>etiam</span> <span class='ocrx_word' id='word_1_160' title='bbox 1583 1515 1808 1554; x_wconf 90' lang='lat' dir='ltr'>dicendum.</span> 
     </span>
     <span class='ocr_line' id='line_1_20' title="bbox 352 1579 1809 1634; baseline -0.003 -13"><span class='ocrx_word' id='word_1_161' title='bbox 352 1582 524 1634; x_wconf 87' lang='lat' dir='ltr'>Impares</span> <span class='ocrx_word' id='word_1_162' title='bbox 544 1583 661 1634; x_wconf 84' lang='lat' dir='ltr'>igitur</span> <span class='ocrx_word' id='word_1_163' title='bbox 681 1583 787 1620; x_wconf 89' lang='lat' dir='ltr'>fuere</span> <span class='ocrx_word' id='word_1_164' title='bbox 821 1581 911 1620; x_wconf 83' lang='lat' dir='ltr'>duae</span> <span class='ocrx_word' id='word_1_165' title='bbox 944 1582 1062 1628; x_wconf 84' lang='lat' dir='ltr'>tibiae,</span> <span class='ocrx_word' id='word_1_166' title='bbox 1094 1594 1258 1633; x_wconf 90' lang='lat' dir='ltr'>quarum</span> <span class='ocrx_word' id='word_1_167' title='bbox 1285 1580 1424 1620; x_wconf 85' lang='lat' dir='ltr'>dextra</span> <span class='ocrx_word' id='word_1_168' title='bbox 1457 1580 1592 1626; x_wconf 88' lang='lat' dir='ltr'>altera,</span> <span class='ocrx_word' id='word_1_169' title='bbox 1613 1579 1734 1617; x_wconf 87' lang='lat' dir='ltr'>altera</span> <span class='ocrx_word' id='word_1_170' title='bbox 1754 1580 1809 1617; x_wconf 93' lang='lat' dir='ltr'>si-</span> 
     </span>
     <span class='ocr_line' id='line_1_21' title="bbox 351 1642 1809 1698; baseline -0.001 -14"><span class='ocrx_word' id='word_1_171' title='bbox 351 1648 499 1685; x_wconf 88' lang='lat' dir='ltr'>nistra:</span> <span class='ocrx_word' id='word_1_172' title='bbox 529 1646 568 1684; x_wconf 89' lang='lat' dir='ltr'>in</span> <span class='ocrx_word' id='word_1_173' title='bbox 588 1647 709 1698; x_wconf 88' lang='lat' dir='ltr'>primo</span> <span class='ocrx_word' id='word_1_174' title='bbox 729 1646 844 1698; x_wconf 86' lang='lat' dir='ltr'>igitur</span> <span class='ocrx_word' id='word_1_175' title='bbox 864 1646 990 1693; x_wconf 84' lang='lat' dir='ltr'>titulo,</span> <span class='ocrx_word' id='word_1_176' title='bbox 1010 1659 1098 1685; x_wconf 88' lang='lat' dir='ltr'>cum</span> <span class='ocrx_word' id='word_1_177' title='bbox 1118 1645 1220 1684; x_wconf 90' lang='lat' dir='ltr'>tibiis</span> <span class='ocrx_word' id='word_1_178' title='bbox 1240 1645 1397 1696; x_wconf 84' lang='lat' dir='ltr'>paribus</span> <span class='ocrx_word' id='word_1_179' title='bbox 1418 1643 1586 1682; x_wconf 87' lang='lat' dir='ltr'>addatur</span> <span class='ocrx_word' id='word_1_180' title='bbox 1603 1642 1749 1681; x_wconf 87' lang='lat' dir='ltr'>dextris</span> <span class='ocrx_word' id='word_1_181' title='bbox 1769 1651 1809 1683; x_wconf 88' lang='lat' dir='ltr'>et</span> 
     </span>
     <span class='ocr_line' id='line_1_22' title="bbox 351 1706 1808 1763; baseline -0.002 -15"><span class='ocrx_word' id='word_1_182' title='bbox 351 1709 534 1757; x_wconf 82' lang='lat' dir='ltr'>sinistris,</span> <span class='ocrx_word' id='word_1_183' title='bbox 554 1710 593 1748; x_wconf 92' lang='lat' dir='ltr'>in</span> <span class='ocrx_word' id='word_1_184' title='bbox 614 1710 752 1762; x_wconf 90' lang='lat' dir='ltr'>quinto</span> <span class='ocrx_word' id='word_1_185' title='bbox 771 1723 862 1749; x_wconf 88' lang='lat' dir='ltr'>vero</span> <span class='ocrx_word' id='word_1_186' title='bbox 882 1710 984 1749; x_wconf 85' lang='lat' dir='ltr'>tibiis</span> <span class='ocrx_word' id='word_1_187' title='bbox 1004 1710 1163 1763; x_wconf 86' lang='lat' dir='ltr'>paribus</span> <span class='ocrx_word' id='word_1_188' title='bbox 1197 1709 1294 1748; x_wconf 87' lang='lat' dir='ltr'>nihil</span> <span class='ocrx_word' id='word_1_189' title='bbox 1323 1708 1402 1747; x_wconf 87' lang='lat' dir='ltr'>tale</span> <span class='ocrx_word' id='word_1_190' title='bbox 1431 1706 1614 1753; x_wconf 83' lang='lat' dir='ltr'>addatur,</span> <span class='ocrx_word' id='word_1_191' title='bbox 1643 1719 1808 1745; x_wconf 87' lang='lat' dir='ltr'>censen-</span> 
     </span>
     <span class='ocr_line' id='line_1_23' title="bbox 350 1769 1807 1826; baseline -0.004 -13"><span class='ocrx_word' id='word_1_192' title='bbox 350 1774 444 1813; x_wconf 91' lang='lat' dir='ltr'>dum</span> <span class='ocrx_word' id='word_1_193' title='bbox 465 1781 527 1813; x_wconf 90' lang='lat' dir='ltr'>est</span> <span class='ocrx_word' id='word_1_194' title='bbox 545 1774 607 1813; x_wconf 85' lang='lat' dir='ltr'>vel</span> <span class='ocrx_word' id='word_1_195' title='bbox 625 1775 664 1813; x_wconf 90' lang='lat' dir='ltr'>in</span> <span class='ocrx_word' id='word_1_196' title='bbox 684 1774 807 1826; x_wconf 88' lang='lat' dir='ltr'>primo</span> <span class='ocrx_word' id='word_1_197' title='bbox 827 1774 972 1813; x_wconf 84' lang='lat' dir='ltr'>dextris</span> <span class='ocrx_word' id='word_1_198' title='bbox 992 1782 1031 1813; x_wconf 92' lang='lat' dir='ltr'>et</span> <span class='ocrx_word' id='word_1_199' title='bbox 1049 1774 1214 1813; x_wconf 88' lang='lat' dir='ltr'>sinistris</span> <span class='ocrx_word' id='word_1_200' title='bbox 1235 1787 1283 1812; x_wconf 85' lang='lat' dir='ltr'>ex</span> <span class='ocrx_word' id='word_1_201' title='bbox 1303 1771 1517 1814; x_wconf 86' lang='lat' dir='ltr'>abundanti</span> <span class='ocrx_word' id='word_1_202' title='bbox 1536 1769 1666 1821; x_wconf 89' lang='lat' dir='ltr'>adjici,</span> <span class='ocrx_word' id='word_1_203' title='bbox 1686 1770 1746 1808; x_wconf 91' lang='lat' dir='ltr'>vel</span> <span class='ocrx_word' id='word_1_204' title='bbox 1767 1770 1807 1808; x_wconf 94' lang='lat' dir='ltr'>in</span> 
     </span>
     <span class='ocr_line' id='line_1_24' title="bbox 351 1833 1809 1890; baseline -0.002 -15"><span class='ocrx_word' id='word_1_205' title='bbox 351 1838 491 1889; x_wconf 87' lang='lat' dir='ltr'>quinto</span> <span class='ocrx_word' id='word_1_206' title='bbox 521 1851 638 1877; x_wconf 86' lang='lat' dir='ltr'>voces</span> <span class='ocrx_word' id='word_1_207' title='bbox 666 1851 734 1877; x_wconf 90' lang='lat' dir='ltr'>eas</span> <span class='ocrx_word' id='word_1_208' title='bbox 761 1838 900 1890; x_wconf 86' lang='lat' dir='ltr'>injuria</span> <span class='ocrx_word' id='word_1_209' title='bbox 928 1838 1099 1890; x_wconf 90' lang='lat' dir='ltr'>quadam</span> <span class='ocrx_word' id='word_1_210' title='bbox 1119 1838 1337 1877; x_wconf 84' lang='lat' dir='ltr'>excidisse:</span> <span class='ocrx_word' id='word_1_211' title='bbox 1367 1847 1547 1886; x_wconf 90' lang='lat' dir='ltr'>cumque,</span> <span class='ocrx_word' id='word_1_212' title='bbox 1567 1833 1642 1872; x_wconf 91' lang='lat' dir='ltr'>nisi</span> <span class='ocrx_word' id='word_1_213' title='bbox 1661 1833 1809 1885; x_wconf 91' lang='lat' dir='ltr'>aliquid</span> 
     </span>
     <span class='ocr_line' id='line_1_25' title="bbox 349 1897 1808 1953; baseline -0.003 -14"><span class='ocrx_word' id='word_1_214' title='bbox 349 1901 543 1951; x_wconf 88' lang='lat' dir='ltr'>ejusmodi</span> <span class='ocrx_word' id='word_1_215' title='bbox 582 1901 763 1948; x_wconf 86' lang='lat' dir='ltr'>addatur,</span> <span class='ocrx_word' id='word_1_216' title='bbox 802 1903 900 1940; x_wconf 88' lang='lat' dir='ltr'>scire</span> <span class='ocrx_word' id='word_1_217' title='bbox 929 1914 1182 1953; x_wconf 86' lang='lat' dir='ltr'>nequeamus,</span> <span class='ocrx_word' id='word_1_218' title='bbox 1215 1908 1344 1940; x_wconf 84' lang='lat' dir='ltr'>utrum</span> <span class='ocrx_word' id='word_1_219' title='bbox 1374 1899 1523 1938; x_wconf 82' lang='lat' dir='ltr'>dextrae</span> <span class='ocrx_word' id='word_1_220' title='bbox 1557 1911 1606 1936; x_wconf 92' lang='lat' dir='ltr'>an</span> <span class='ocrx_word' id='word_1_221' title='bbox 1640 1897 1808 1936; x_wconf 82' lang='lat' dir='ltr'>sinistrae</span> 
     </span>
     <span class='ocr_line' id='line_1_26' title="bbox 349 1961 1809 2017; baseline -0.003 -14"><span class='ocrx_word' id='word_1_222' title='bbox 349 1966 508 2013; x_wconf 87' lang='lat' dir='ltr'>fuerint,</span> <span class='ocrx_word' id='word_1_223' title='bbox 528 1966 666 2017; x_wconf 89' lang='lat' dir='ltr'>opinor</span> <span class='ocrx_word' id='word_1_224' title='bbox 684 1966 842 2017; x_wconf 86' lang='lat' dir='ltr'>paribus</span> <span class='ocrx_word' id='word_1_225' title='bbox 858 1966 960 2004; x_wconf 90' lang='lat' dir='ltr'>tibiis</span> <span class='ocrx_word' id='word_1_226' title='bbox 977 1973 1144 2017; x_wconf 87' lang='lat' dir='ltr'>quatuor</span> <span class='ocrx_word' id='word_1_227' title='bbox 1160 1964 1338 2016; x_wconf 83' lang='lat' dir='ltr'>intelligi,</span> <span class='ocrx_word' id='word_1_228' title='bbox 1355 1963 1452 2002; x_wconf 85' lang='lat' dir='ltr'>duas</span> <span class='ocrx_word' id='word_1_229' title='bbox 1473 1961 1620 2000; x_wconf 90' lang='lat' dir='ltr'>scilicet</span> <span class='ocrx_word' id='word_1_230' title='bbox 1637 1961 1809 2008; x_wconf 83' lang='lat' dir='ltr'>dextras,</span> 
     </span>
     <span class='ocr_line' id='line_1_27' title="bbox 350 2024 1809 2080; baseline -0.004 -13"><span class='ocrx_word' id='word_1_231' title='bbox 350 2041 439 2067; x_wconf 88' lang='lat' dir='ltr'>cum</span> <span class='ocrx_word' id='word_1_232' title='bbox 459 2029 613 2067; x_wconf 91' lang='lat' dir='ltr'>duabus</span> <span class='ocrx_word' id='word_1_233' title='bbox 634 2028 812 2076; x_wconf 84' lang='lat' dir='ltr'>sinistris,</span> <span class='ocrx_word' id='word_1_234' title='bbox 828 2036 868 2067; x_wconf 89' lang='lat' dir='ltr'>et</span> <span class='ocrx_word' id='word_1_235' title='bbox 882 2029 1056 2068; x_wconf 90' lang='lat' dir='ltr'>diversas</span> <span class='ocrx_word' id='word_1_236' title='bbox 1074 2028 1234 2067; x_wconf 88' lang='lat' dir='ltr'>Fabulae</span> <span class='ocrx_word' id='word_1_237' title='bbox 1248 2034 1379 2080; x_wconf 88' lang='lat' dir='ltr'>partes</span> <span class='ocrx_word' id='word_1_238' title='bbox 1397 2025 1559 2064; x_wconf 87' lang='lat' dir='ltr'>diversis</span> <span class='ocrx_word' id='word_1_239' title='bbox 1579 2024 1680 2063; x_wconf 85' lang='lat' dir='ltr'>tibiis</span> <span class='ocrx_word' id='word_1_240' title='bbox 1700 2030 1809 2062; x_wconf 86' lang='lat' dir='ltr'>actas</span> 
     </span>
     <span class='ocr_line' id='line_1_28' title="bbox 349 2087 1806 2158; baseline -0.005 -27"><span class='ocrx_word' id='word_1_241' title='bbox 349 2093 470 2131; x_wconf 85' lang='lat' dir='ltr'>fuisse</span> <span class='ocrx_word' id='word_1_242' title='bbox 489 2108 498 2138; x_wconf 92' lang='lat'><strong>;</strong></span> <span class='ocrx_word' id='word_1_243' title='bbox 535 2092 630 2131; x_wconf 89' lang='lat' dir='ltr'>alias</span> <span class='ocrx_word' id='word_1_244' title='bbox 651 2105 790 2144; x_wconf 90' lang='lat' dir='ltr'>nempe</span> <span class='ocrx_word' id='word_1_245' title='bbox 822 2092 974 2158; x_wconf 56' lang='lat' dir='ltr'>duabps</span> <span class='ocrx_word' id='word_1_246' title='bbox 1005 2092 1168 2138; x_wconf 83' lang='lat' dir='ltr'>dextris,</span> <span class='ocrx_word' id='word_1_247' title='bbox 1190 2091 1287 2130; x_wconf 88' lang='lat' dir='ltr'>alias</span> <span class='ocrx_word' id='word_1_248' title='bbox 1317 2103 1408 2128; x_wconf 88' lang='lat' dir='ltr'>vero</span> <span class='ocrx_word' id='word_1_249' title='bbox 1443 2089 1594 2127; x_wconf 85' lang='lat' dir='ltr'>duabus</span> <span class='ocrx_word' id='word_1_250' title='bbox 1616 2087 1779 2125; x_wconf 84' lang='lat' dir='ltr'>sinistris</span> <span class='ocrx_word' id='word_1_251' title='bbox 1796 2100 1806 2130; x_wconf 89' lang='lat'>;</span> 
     </span>
     <span class='ocr_line' id='line_1_29' title="bbox 352 2152 1806 2206; baseline -0.005 -10"><span class='ocrx_word' id='word_1_252' title='bbox 352 2158 413 2198; x_wconf 90' lang='lat' dir='ltr'>vel</span> <span class='ocrx_word' id='word_1_253' title='bbox 433 2165 553 2196; x_wconf 86' lang='lat' dir='ltr'>totam</span> <span class='ocrx_word' id='word_1_254' title='bbox 573 2158 760 2196; x_wconf 88' lang='lat' dir='ltr'>Fabulam</span> <span class='ocrx_word' id='word_1_255' title='bbox 781 2157 902 2196; x_wconf 88' lang='lat' dir='ltr'>altera</span> <span class='ocrx_word' id='word_1_256' title='bbox 917 2157 1002 2196; x_wconf 89' lang='lat' dir='ltr'>viee</span> <span class='ocrx_word' id='word_1_257' title='bbox 1019 2156 1082 2195; x_wconf 88' lang='lat' dir='ltr'>his</span> <span class='ocrx_word' id='word_1_258' title='bbox 1101 2156 1221 2202; x_wconf 89' lang='lat' dir='ltr'>tibiis,</span> <span class='ocrx_word' id='word_1_259' title='bbox 1241 2155 1362 2194; x_wconf 87' lang='lat' dir='ltr'>altera</span> <span class='ocrx_word' id='word_1_260' title='bbox 1380 2153 1469 2192; x_wconf 83' lang='lat' dir='ltr'>illis.</span> <span class='ocrx_word' id='word_1_261' title='bbox 1526 2153 1741 2206; x_wconf 80' lang='lat' dir='ltr'>Utrumque</span> <span class='ocrx_word' id='word_1_262' title='bbox 1767 2152 1806 2190; x_wconf 90' lang='lat' dir='ltr'>in</span> 
     </span>
     <span class='ocr_line' id='line_1_30' title="bbox 350 2217 1806 2268; baseline -0.005 -8"><span class='ocrx_word' id='word_1_263' title='bbox 350 2236 426 2261; x_wconf 89' lang='lat' dir='ltr'>usu</span> <span class='ocrx_word' id='word_1_264' title='bbox 446 2222 565 2261; x_wconf 88' lang='lat' dir='ltr'>fuisse</span> <span class='ocrx_word' id='word_1_265' title='bbox 584 2234 662 2259; x_wconf 87' lang='lat' dir='ltr'>non</span> <span class='ocrx_word' id='word_1_266' title='bbox 682 2231 743 2260; x_wconf 87' lang='lat' dir='ltr'>est</span> <span class='ocrx_word' id='word_1_267' title='bbox 761 2227 805 2260; x_wconf 86' lang='lat' dir='ltr'>ut</span> <span class='ocrx_word' id='word_1_268' title='bbox 824 2221 1061 2268; x_wconf 77' lang='lat' dir='ltr'>dubitemus,</span> <span class='ocrx_word' id='word_1_269' title='bbox 1092 2233 1180 2258; x_wconf 91' lang='lat' dir='ltr'>cum</span> <span class='ocrx_word' id='word_1_270' title='bbox 1200 2232 1248 2258; x_wconf 85' lang='lat' dir='ltr'>ex</span> <span class='ocrx_word' id='word_1_271' title='bbox 1264 2219 1373 2257; x_wconf 89' lang='lat' dir='ltr'>hisce</span> <span class='ocrx_word' id='word_1_272' title='bbox 1392 2217 1516 2256; x_wconf 90' lang='lat' dir='ltr'>titulis</span> <span class='ocrx_word' id='word_1_273' title='bbox 1537 2222 1694 2255; x_wconf 80' lang='lat' dir='ltr'>constet</span> <span class='ocrx_word' id='word_1_274' title='bbox 1712 2228 1806 2254; x_wconf 84' lang='lat' dir='ltr'>ean-</span> 
     </span>
     <span class='ocr_line' id='line_1_31' title="bbox 350 2278 1804 2336; baseline -0.006 -12"><span class='ocrx_word' id='word_1_275' title='bbox 350 2285 440 2324; x_wconf 91' lang='lat' dir='ltr'>dem</span> <span class='ocrx_word' id='word_1_276' title='bbox 468 2285 640 2324; x_wconf 86' lang='lat' dir='ltr'>fabulam</span> <span class='ocrx_word' id='word_1_277' title='bbox 659 2298 737 2324; x_wconf 90' lang='lat' dir='ltr'>non</span> <span class='ocrx_word' id='word_1_278' title='bbox 759 2298 912 2336; x_wconf 87' lang='lat' dir='ltr'>semper</span> <span class='ocrx_word' id='word_1_279' title='bbox 937 2285 1076 2323; x_wconf 89' lang='lat' dir='ltr'>iisdem</span> <span class='ocrx_word' id='word_1_280' title='bbox 1094 2284 1195 2322; x_wconf 85' lang='lat' dir='ltr'>tibiis</span> <span class='ocrx_word' id='word_1_281' title='bbox 1215 2289 1345 2322; x_wconf 86' lang='lat' dir='ltr'>actam</span> <span class='ocrx_word' id='word_1_282' title='bbox 1365 2282 1513 2326; x_wconf 88' lang='lat' dir='ltr'>suisse;</span> <span class='ocrx_word' id='word_1_283' title='bbox 1544 2286 1583 2319; x_wconf 84' lang='lat' dir='ltr'>et</span> <span class='ocrx_word' id='word_1_284' title='bbox 1601 2281 1639 2318; x_wconf 91' lang='lat' dir='ltr'>in</span> <span class='ocrx_word' id='word_1_285' title='bbox 1668 2278 1804 2317; x_wconf 86' lang='lat' dir='ltr'>eadem</span> 
     </span>
     <span class='ocr_line' id='line_1_32' title="bbox 349 2342 1806 2398; baseline -0.006 -10"><span class='ocrx_word' id='word_1_286' title='bbox 349 2350 502 2388; x_wconf 87' lang='lat' dir='ltr'>actione</span> <span class='ocrx_word' id='word_1_287' title='bbox 526 2349 673 2388; x_wconf 51' lang='lat' dir='ltr'>modos¹</span> <span class='ocrx_word' id='word_1_288' title='bbox 693 2349 934 2388; x_wconf 88' lang='lat' dir='ltr'>canticorum</span> <span class='ocrx_word' id='word_1_289' title='bbox 955 2356 995 2388; x_wconf 88' lang='lat' dir='ltr'>et</span> <span class='ocrx_word' id='word_1_290' title='bbox 1013 2348 1271 2387; x_wconf 89' lang='lat' dir='ltr'>diverbiorum</span> <span class='ocrx_word' id='word_1_291' title='bbox 1291 2359 1397 2398; x_wconf 84' lang='lat' dir='ltr'>saepe</span> <span class='ocrx_word' id='word_1_292' title='bbox 1418 2351 1588 2383; x_wconf 89' lang='lat' dir='ltr'>mutatos</span> <span class='ocrx_word' id='word_1_293' title='bbox 1609 2342 1806 2382; x_wconf 87' lang='lat' dir='ltr'>annotarit</span> 
     </span>
    </p>
   </div>
   <div class='ocr_carea' id='block_1_8' title="bbox 350 2413 1804 2521">
    <p class='ocr_par' dir='ltr' id='par_1_8' title="bbox 350 2413 1804 2521">
     <span class='ocr_line' id='line_1_33' title="bbox 350 2413 545 2452; baseline -0.005 0"><span class='ocrx_word' id='word_1_294' title='bbox 350 2413 545 2452; x_wconf 87' lang='lat' dir='ltr'>Donatus.</span> 
     </span>
     <span class='ocr_line' id='line_1_34' title="bbox 405 2469 1804 2521; baseline -0.007 -6"><span class='ocrx_word' id='word_1_295' title='bbox 405 2478 554 2521; x_wconf 84' lang='lat' dir='ltr'>Quarta</span> <span class='ocrx_word' id='word_1_296' title='bbox 586 2475 721 2515; x_wconf 81' lang='lat' dir='ltr'>sabula</span> <span class='ocrx_word' id='word_1_297' title='bbox 749 2482 838 2515; x_wconf 89' lang='lat' dir='ltr'>acta</span> <span class='ocrx_word' id='word_1_298' title='bbox 870 2476 1011 2515; x_wconf 87' lang='lat' dir='ltr'>dicitur</span> <span class='ocrx_word' id='word_1_299' title='bbox 1043 2475 1146 2513; x_wconf 86' lang='lat' dir='ltr'>tibiis</span> <span class='ocrx_word' id='word_1_300' title='bbox 1175 2474 1367 2521; x_wconf 87' lang='lat' dir='ltr'>Sarranis,</span> <span class='ocrx_word' id='word_1_301' title='bbox 1399 2472 1475 2519; x_wconf 88' lang='lat' dir='ltr'>vel,</span> <span class='ocrx_word' id='word_1_302' title='bbox 1506 2477 1551 2510; x_wconf 84' lang='lat' dir='ltr'>ut</span> <span class='ocrx_word' id='word_1_303' title='bbox 1571 2469 1634 2509; x_wconf 89' lang='lat' dir='ltr'>alii</span> <span class='ocrx_word' id='word_1_304' title='bbox 1653 2469 1804 2520; x_wconf 83' lang='lat' dir='ltr'>legunt,</span> 
     </span>
    </p>
   </div>
   <div class='ocr_carea' id='block_1_9' title="bbox 348 2534 1804 2778">
    <p class='ocr_par' dir='ltr' id='par_1_9' title="bbox 348 2534 1804 2778">
     <span class='ocr_line' id='line_1_35' title="bbox 349 2534 1801 2584; baseline -0.006 -5"><span class='ocrx_word' id='word_1_305' title='bbox 349 2541 547 2584; x_wconf 85' lang='lat' dir='ltr'>Serranis;</span> <span class='ocrx_word' id='word_1_306' title='bbox 569 2540 639 2578; x_wconf 86' lang='lat' dir='ltr'>sed</span> <span class='ocrx_word' id='word_1_307' title='bbox 660 2540 754 2578; x_wconf 90' lang='lat' dir='ltr'>mihi</span> <span class='ocrx_word' id='word_1_308' title='bbox 772 2539 977 2578; x_wconf 88' lang='lat' dir='ltr'>indubium</span> <span class='ocrx_word' id='word_1_309' title='bbox 1007 2546 1067 2578; x_wconf 91' lang='lat' dir='ltr'>est</span> <span class='ocrx_word' id='word_1_310' title='bbox 1096 2538 1285 2577; x_wconf 76' lang='lat' dir='ltr'>Sarranis</span> <span class='ocrx_word' id='word_1_311' title='bbox 1314 2549 1445 2577; x_wconf 88' lang='lat' dir='ltr'>veram</span> <span class='ocrx_word' id='word_1_312' title='bbox 1465 2548 1553 2574; x_wconf 89' lang='lat' dir='ltr'>esse</span> <span class='ocrx_word' id='word_1_313' title='bbox 1580 2534 1801 2580; x_wconf 72' lang='lat' dir='ltr'>lectIOnem,</span> 
     </span>
     <span class='ocr_line' id='line_1_36' title="bbox 350 2597 1804 2654; baseline -0.005 -11"><span class='ocrx_word' id='word_1_314' title='bbox 350 2618 375 2644; x_wconf 88' lang='lat' dir='ltr'>a</span> <span class='ocrx_word' id='word_1_315' title='bbox 390 2606 505 2642; x_wconf 87' lang='lat' dir='ltr'>Sarra</span> <span class='ocrx_word' id='word_1_316' title='bbox 524 2604 654 2649; x_wconf 86' lang='lat' dir='ltr'>dietis,</span> <span class='ocrx_word' id='word_1_317' title='bbox 673 2617 762 2654; x_wconf 85' lang='lat' dir='ltr'>quae</span> <span class='ocrx_word' id='word_1_318' title='bbox 782 2605 882 2654; x_wconf 88' lang='lat' dir='ltr'>Tyro</span> <span class='ocrx_word' id='word_1_319' title='bbox 901 2603 992 2642; x_wconf 92' lang='lat' dir='ltr'>olim</span> <span class='ocrx_word' id='word_1_320' title='bbox 1018 2615 1162 2641; x_wconf 88' lang='lat' dir='ltr'>nomen</span> <span class='ocrx_word' id='word_1_321' title='bbox 1191 2601 1286 2645; x_wconf 86' lang='lat' dir='ltr'>fuit;</span> <span class='ocrx_word' id='word_1_322' title='bbox 1316 2600 1422 2639; x_wconf 91' lang='lat' dir='ltr'>unde</span> <span class='ocrx_word' id='word_1_323' title='bbox 1450 2598 1653 2650; x_wconf 86' lang='lat' dir='ltr'>Virgilius,</span> <span class='ocrx_word' id='word_1_324' title='bbox 1684 2601 1695 2619; x_wconf 89' lang='lat'>‘</span> <span class='ocrx_word' id='word_1_325' title='bbox 1713 2597 1804 2636; x_wconf 83' lang='lat' dir='ltr'>Sar-</span> 
     </span>
     <span class='ocr_line' id='line_1_37' title="bbox 348 2659 1801 2715; baseline -0.007 -9"><span class='ocrx_word' id='word_1_326' title='bbox 348 2681 443 2707; x_wconf 87' lang='lat' dir='ltr'>rano</span> <span class='ocrx_word' id='word_1_327' title='bbox 468 2667 676 2706; x_wconf 86' lang='lat' dir='ltr'>indormiat</span> <span class='ocrx_word' id='word_1_328' title='bbox 709 2670 854 2705; x_wconf 89' lang='lat' dir='ltr'>ostro:’</span> <span class='ocrx_word' id='word_1_329' title='bbox 883 2667 933 2706; x_wconf 88' lang='lat' dir='ltr'>G.</span> <span class='ocrx_word' id='word_1_330' title='bbox 957 2680 1008 2705; x_wconf 86' lang='lat'>11.</span> <span class='ocrx_word' id='word_1_331' title='bbox 1027 2668 1119 2705; x_wconf 80' lang='lat'>506.</span> <span class='ocrx_word' id='word_1_332' title='bbox 1144 2672 1185 2704; x_wconf 87' lang='lat' dir='ltr'>et</span> <span class='ocrx_word' id='word_1_333' title='bbox 1216 2664 1410 2715; x_wconf 89' lang='lat' dir='ltr'>antiquior</span> <span class='ocrx_word' id='word_1_334' title='bbox 1444 2661 1606 2713; x_wconf 83' lang='lat' dir='ltr'>Virgilio</span> <span class='ocrx_word' id='word_1_335' title='bbox 1636 2659 1801 2706; x_wconf 90' lang='lat' dir='ltr'>Ennius,</span> 
     </span>
     <span class='ocr_line' id='line_1_38' title="bbox 349 2722 1804 2778; baseline -0.007 -7"><span class='ocrx_word' id='word_1_336' title='bbox 349 2731 518 2771; x_wconf 89' lang='lat' dir='ltr'>‘Poenos</span> <span class='ocrx_word' id='word_1_337' title='bbox 539 2731 656 2770; x_wconf 84' lang='lat' dir='ltr'>Sarra</span> <span class='ocrx_word' id='word_1_338' title='bbox 674 2730 889 2778; x_wconf 89' lang='lat' dir='ltr'>oriundos‚‘</span> <span class='ocrx_word' id='word_1_339' title='bbox 920 2738 965 2771; x_wconf 89' lang='lat' dir='ltr'>ut</span> <span class='ocrx_word' id='word_1_340' title='bbox 996 2731 1125 2770; x_wconf 85' lang='lat' dir='ltr'>locum</span> <span class='ocrx_word' id='word_1_341' title='bbox 1152 2730 1262 2769; x_wconf 88' lang='lat' dir='ltr'>illurn</span> <span class='ocrx_word' id='word_1_342' title='bbox 1290 2725 1464 2767; x_wconf 84' lang='lat' dir='ltr'>laudavit</span> <span class='ocrx_word' id='word_1_343' title='bbox 1483 2725 1649 2765; x_wconf 91' lang='lat' dir='ltr'>Probus.</span> <span class='ocrx_word' id='word_1_344' title='bbox 1703 2722 1804 2763; x_wconf 87' lang='lat' dir='ltr'>Mihi</span> 
     </span>
    </p>
   </div>
  </div>
 </body>
</html>
