1903 3306
318 235 560 267 scAmGER
594 235 656 266 DE
689 236 886 266 commis
921 237 1330 269 D1mnns10N1ssUs.
1459 230 1541 270 135

97 329 285 368 duarum:
315 329 504 375 dissolvit,
529 329 624 380 jam,
653 330 691 367 in
722 330 892 382 syllabas
920 331 1044 374 duas;
1074 333 1111 369 in
1132 338 1221 378 tres,
1242 345 1355 374 vero:
1388 333 1424 369 in
1446 346 1541 383 qua-

100 400 199 439 tuor,
233 393 444 444 virginem:
479 393 518 430 in
549 393 734 444 quinque,
769 394 972 445 ejusmodi.
1040 394 1283 441 Redducere,
1317 395 1541 442 redductus,

99 458 300 508 relliquus,
329 456 523 507 geminata
542 455 651 495 effert
668 464 922 496 consonante.
979 458 1155 503 Literarn‚
1178 472 1266 509 quae
1287 458 1339 503 in,
1360 459 1541 509 optimuS‚

98 529 272 559 extrema
301 527 374 565 est,
408 520 511 558 tollit
539 520 875 571 frequentissime:
905 529 1075 561 extrema
1106 522 1242 573 prioris
1268 535 1400 561 versus
1420 525 1544 561 vocali

98 592 161 622 est
173 597 260 622 cum
278 584 327 622 ad
346 584 603 622 inchoandum
620 592 845 637 sequentem
861 592 989 624 utatur
1004 593 1094 624 :est
1114 599 1215 632 cum,
1233 586 1265 623 si
1285 586 1384 624 forte
1400 587 1544 625 vocalis

100 648 163 694 sit,
193 661 216 686 a
240 648 363 686 vocali
382 662 469 699 quae
492 656 714 699 sequentem
743 650 901 688 inchoat
919 662 1072 687 versum
1105 648 1195 686 elidi
1224 649 1328 695 velit,
1358 651 1545 699 quemad-

100 712 257 750 modum
278 725 364 763 quae
393 720 617 763 sequentem
651 713 809 751 inchoat
842 715 890 751 ab
922 727 968 752 ea
1002 713 1153 751 interim
1187 713 1401 750 absumitur
1420 714 1545 751 vocali

98 789 188 826 quae
208 775 492 826 praecedentem
511 775 645 814 cludit.
704 777 801 815 Haec
828 777 978 827 judicio
998 781 1131 814 nostro
1152 783 1256 823 sunt,
1285 790 1373 828 quae
1394 777 1443 814 de
1462 790 1544 815 ver-

98 839 205 877 sibus
226 839 468 878 Terentianis
498 845 536 877 et
565 840 723 892 praecipi
754 840 970 879 debuerunt
1000 841 1234 887 necessari0‚
1265 848 1303 879 et
1326 853 1413 879 vere
1432 848 1545 891 potu-

97 909 223 942 erunt,

265 1143 437 1186 JULII
468 1141 753 1186 CAESARIS
788 1141 1130 1184 SCALIGERI
1161 1141 1370 1192 LIBER,

460 1236 524 1268 DE
547 1236 746 1269 comrels
773 1235 1173 1268 Drmnnsmmssos.

594 1330 647 1362 Ad
663 1330 795 1365 Silvium
813 1330 1089 1372 Coesaremfilium.

97 1411 271 1455 Qumus
313 1411 459 1449 artibus
499 1413 700 1462 poetarum
734 1412 890 1463 ingenia
934 1411 1213 1455 excolerentur,
1262 1423 1350 1449 cum
1383 1416 1489 1449 esset
1523 1423 1546 1448 a

98 1475 209 1513 nob1s
231 1474 382 1513 duobus
402 1475 505 1513 libris
538 1476 798 1527 explicatum3
830 1488 905 1513 non
928 1476 1032 1525 prius
1055 1475 1275 1513 absolutum
1306 1474 1427 1513 fuisse
1448 1487 1545 1526 opus

95 1537 192 1576 illud
212 1538 426 1584 videbatur,
447 1552 561 1590 quam
595 1539 730 1577 addita
759 1539 807 1576 de
834 1539 1009 1576 versibus
1030 1539 1192 1577 comicis
1221 1539 1546 1577 commentatione

96 1602 315 1640 institutum
343 1609 576 1641 teneremus.
634 1603 748 1648 Nam,
769 1615 857 1641 cum
878 1603 926 1641 de
948 1603 1108 1654 origine,
1130 1603 1350 1654 generibus,
1370 1602 1544 1653 partibus

100 1665 347 1712 Fabularum,
367 1679 454 1717 quae
477 1667 514 1704 in
538 1680 695 1705 scenam
717 1667 957 1714 afferrentur,
979 1675 1017 1706 et
1037 1668 1085 1705 ab
1100 1667 1186 1705 aliis
1207 1667 1312 1713 olim,
1333 1673 1373 1704 et
1392 1679 1415 1703 a
1433 1667 1544 1704 nobis

94 1729 192 1780 ipsis
221 1743 293 1768 suo
324 1730 410 1768 loco
440 1731 492 1770 sit
520 1731 789 1783 disputatum;
819 1733 857 1771 in
887 1732 1015 1770 animo
1043 1731 1296 1777 habebamus,
1321 1737 1443 1769 totum
1471 1730 1546 1769 hoc

97 1794 296 1844 negotium
335 1794 462 1846 legare
504 1796 564 1842 iis,
603 1797 669 1847 qui
699 1796 748 1834 de
776 1797 917 1847 pedum
946 1796 1176 1848 quantitate,
1205 1795 1331 1846 deque
1364 1807 1545 1832 versuum

97 1857 243 1895 ratione
272 1858 595 1909 conscripserant.
652 1860 807 1906 Verum,
831 1873 918 1898 cum
938 1867 977 1899 et
995 1859 1184 1897 maximus
1204 1859 1261 1897 vir
1288 1859 1486 1903 Erasmus,
1507 1863 1546 1895 et

97 1927 187 1971 post
223 1934 310 1959 eum
349 1922 523 1973 plerique
549 1923 612 1960 alii
642 1924 696 1961 ita
727 1924 829 1961 hanc
861 1924 1051 1962 conficere
1096 1922 1333 1974 provinciam
1371 1922 1547 1972 aggressi

97 1984 189 2030 sint,
208 1991 252 2022 ut
271 1991 309 2023 et
328 1984 392 2023 ille
424 1985 484 2023 his
520 1999 596 2024 non
629 1999 755 2038 pauca
785 1987 1002 2038 reliquisse,
1032 1993 1069 2025 et
1089 1986 1128 2024 hi
1150 1985 1287 2024 eadem
1307 1984 1374 2022 illa
1393 1991 1460 2022 aut
1479 1997 1546 2022 ne-

99 2047 233 2094 scisse,
263 2055 330 2086 aut
364 2049 595 2099 praeteriisse
630 2050 701 2087 visi
730 2050 832 2094 sint;
874 2058 1033 2088 coactus
1066 2063 1164 2096 sum,
1193 2048 1349 2086 Silviole
1378 2048 1444 2094 fili,
1473 2047 1547 2086 hac

95 2123 250 2162 quoque
278 2125 397 2162 opera
428 2113 632 2151 ostendere
667 2115 834 2151 animum
867 2127 959 2165 erga
979 2122 1016 2152 te
1047 2120 1246 2152 nostrum:
1286 2118 1341 2158 ut,
1372 2124 1486 2162 quem
1506 2112 1545 2149 in

96 2174 226 2213 locum
246 2183 394 2214 naturae
420 2190 493 2228 ope
522 2178 683 2228 teipsum
716 2177 876 2216 evehere
910 2178 1156 2224 mirabamur,
1186 2176 1328 2214 nostris
1365 2176 1545 2226 auspiciis

97 2240 313 2289 promoveri
349 2253 394 2278 ac
414 2242 615 2291 provenire
642 2254 687 2279 eo
717 2242 858 2292 possis.
917 2242 1032 2288 Nam,
1067 2255 1153 2279 cum
1174 2238 1463 2292 pernecessaria
1480 2251 1547 2289 per

96 2315 140 2340 se
159 2303 332 2353 cognitio
350 2310 410 2342 est
428 2304 526 2355 ipsa,
542 2311 623 2342 tum
636 2306 751 2343 etiam
774 2306 806 2344 si
826 2320 903 2344 non
926 2313 1045 2353 esset,
1062 2306 1243 2344 videntur
1261 2311 1389 2342 tamen
1405 2302 1475 2340 viri
1490 2302 1546 2340 illi

97 2365 216 2406 talem
237 2366 435 2411 effecisse;
467 2368 545 2406 sive
578 2368 628 2406 ad
650 2382 781 2407 eorum
809 2370 1117 2420 magnitudinem
1137 2369 1325 2410 intueare,
1356 2379 1473 2417 quam
1494 2365 1544 2403 ad

101 2429 322 2481 hujusmodi
351 2431 656 2470 lucubrationem
684 2433 944 2480 demisissent,
974 2434 1053 2472 sive
1073 2432 1352 2484 negligentiam
1379 2436 1545 2482 spectes,

100 2507 179 2544 qua
209 2494 383 2532 mutilam
410 2494 738 2547 depravatamque
769 2496 1041 2547 relinquerent.
1098 2497 1156 2534 Ac
1190 2496 1353 2546 primum
1386 2493 1544 2544 quidem

100 2570 215 2607 quam
237 2558 419 2596 Erasmus
441 2559 565 2606 affert,
585 2573 718 2599 vereor
733 2568 776 2598 ut
791 2561 1019 2612 accipienda
1036 2561 1086 2599 sit
1099 2559 1315 2598 dubitatio:
1347 2559 1408 2603 sit,
1422 2570 1546 2596 necne

99 2622 213 2659 certis
247 2622 410 2672 pedibus
432 2623 590 2662 astricta
610 2624 826 2663 Comoedia.
884 2626 999 2673 Nam,
1027 2636 1249 2676 quanquam
1281 2621 1544 2667 Quintilianus

97 2683 170 2721 hoc
191 2684 333 2723 dixisse
353 2685 516 2733 videtur,
539 2700 616 2726 non
639 2694 770 2727 tamen
802 2688 945 2739 pedum
965 2688 1071 2739 leges
1105 2688 1247 2739 potius,
1278 2699 1394 2737 quam
1414 2685 1544 2723 trime-

97 2754 239 2803 trogum
272 2750 598 2801 praescriptionem
632 2751 891 2790 desideravit:
936 2766 1060 2803 neque
1098 2752 1136 2790 in
1174 2750 1367 2794 omnibus,
1398 2747 1468 2786 sed
1507 2748 1543 2784 in
