1903 3306
493 256 554 284 DE
589 254 773 284 Meritis
806 253 1167 283 TEREN'riANis.
1468 248 1552 288 163

102 351 230 389 lectici
248 350 414 388 fuerint:
444 350 583 399 quibus
618 350 657 386 in
690 347 785 387 locis
817 347 968 384 iambici
1002 347 1184 393 iambum,
1212 353 1251 384 et
1271 348 1455 386 trochaici
1476 358 1552 388 tro-

102 414 253 453 chaeum
272 413 423 464 proprie
441 413 667 463 requirunt:
697 418 827 449 tamen
848 411 886 448 in
908 411 1222 449 catalecticorum
1244 411 1401 461 regione
1416 415 1554 462 penul-

103 478 197 516 tima
216 475 538 528 brachysyllabus
559 483 598 513 et
630 486 912 524 nonnunquam
946 473 1125 525 dactylus
1156 486 1225 524 pro
1244 473 1417 512 trochaeo
1436 475 1554 513 collo-

104 547 266 580 cantur:
297 547 414 590 atque
440 553 510 591 pro
540 539 667 577 iambo
688 539 813 589 quivis
849 551 934 590 pes,
966 538 1028 576 cui
1059 538 1098 575 in
1132 539 1270 576 ceteris
1302 539 1554 577 iambicorum

103 604 261 643 sedibus
291 603 447 642 daretur
476 604 608 641 locus:
650 603 688 640 in
718 603 854 641 ultima
883 616 975 641 vero
1009 603 1326 640 catalecticorum
1358 603 1451 641 sede
1486 617 1555 654 pro

101 668 230 706 iambo
250 668 289 705 in
306 667 494 714 iambicis,
513 673 552 705 et
580 680 650 718 pro
683 667 855 705 trochaeo
884 668 923 704 in
944 666 1151 705 trochaicis
1184 668 1341 718 ponitur
1375 668 1557 719 semipes,

102 732 177 770 hoc
197 737 270 776 est,
289 730 413 782 prima
445 730 556 781 pedis
589 731 692 768 illius
713 730 888 781 syllaba:
931 743 1069 781 nempe
1100 731 1226 768 brevis
1257 744 1326 781 pro
1355 731 1498 778 iambo,
1519 739 1558 770 et

102 807 172 846 pro
191 794 364 832 trochaeo
383 794 528 845 longa:
561 793 644 840 sed,
675 808 763 833 cum
793 794 964 845 cujusvis
991 808 1125 832 versus
1157 794 1294 832 ultima
1329 795 1378 833 sit
1398 808 1556 846 anceps,

103 870 173 909 pro
194 858 319 908 priore
338 857 468 904 iambi,
487 857 630 908 longa3
675 864 715 895 et
734 865 884 905 contra,
903 858 1028 896 brevis
1053 871 1123 909 pro
1154 859 1277 909 prima
1297 859 1456 897 trochaei
1477 860 1558 897 col-

102 922 265 960 locatur.
323 921 572 972 Pyrrhichius
611 922 726 960 etiam
764 924 802 960 in
837 923 1011 960 iambicis
1041 923 1305 961 acatalecticis
1334 936 1402 973 pro
1431 924 1557 960 iambo

103 985 281 1024 ultimum
314 985 444 1023 locum
476 993 668 1037 occupat:
708 993 747 1024 at
780 986 872 1024 alibi
905 999 1098 1037 nusquam
1125 986 1272 1023 visitur.
1330 987 1560 1025 Proceleus-

104 1049 269 1087 maticus
287 1062 373 1087 raro
395 1062 482 1087 sese
514 1049 653 1087 offert:
693 1050 727 1088 ei
760 1056 888 1087 tamen
923 1049 1030 1088 nullo
1061 1049 1278 1100 refragante
1309 1050 1423 1087 datur
1450 1050 1558 1088 locus

104 1122 144 1152 et
162 1115 201 1151 in
219 1113 393 1153 iambicis
414 1119 454 1151 et
482 1113 522 1150 in
547 1113 770 1152 trochaicis.
829 1113 1020 1159 Creticos,
1054 1113 1366 1163 amphibrachos,
1400 1121 1439 1152 et
1469 1115 1559 1151 bac-

103 1178 211 1217 chios
230 1177 388 1228 quidam
410 1177 567 1216 omnino
586 1184 799 1228 respuunt:
829 1177 917 1215 illos
940 1177 1003 1215 alii
1023 1190 1126 1227 aegre
1146 1177 1303 1227 quidem
1325 1177 1560 1215 admittunt:

104 1242 175 1280 sed
195 1254 261 1279 eos
281 1255 440 1292 prorsus
458 1241 688 1292 rejiciendos
709 1253 957 1292 nequaquam
977 1247 1152 1278 censent.
1211 1240 1296 1277 Nos
1318 1240 1460 1292 ubique
1483 1242 1562 1279 fere

103 1319 182 1356 quo
207 1312 324 1357 paeto
343 1305 538 1343 ethorum
559 1312 598 1342 et
626 1304 781 1342 illorum
810 1304 941 1354 opinio
962 1304 1119 1341 defendi
1139 1312 1276 1355 posset
1295 1304 1561 1351 indicavimus,

103 1370 170 1407 uni
186 1369 315 1407 versui
327 1369 426 1406 duos
439 1369 693 1406 dimensionis
709 1368 848 1406 modos
865 1369 1112 1419 assignantes
1127 1368 1176 1405 ad
1193 1382 1280 1406 eum
1298 1382 1421 1419 usque
1436 1369 1564 1407 locum

104 1432 171 1483 qui
192 1432 446 1470 dissensionis
467 1440 572 1470 esset
590 1433 799 1470 terminus:
829 1446 935 1484 saepe
956 1433 1072 1470 etiam
1095 1433 1145 1470 ad
1165 1446 1244 1470 rem
1262 1433 1387 1483 ipsam
1410 1433 1564 1484 plenius

105 1495 394 1547 explanandam
428 1496 665 1533 brevissimis
696 1495 854 1534 scholiis
889 1495 1089 1533 adhibitis.
1144 1496 1202 1533 Ac
1232 1496 1379 1546 primus
1408 1497 1564 1546 quidem

104 1559 259 1606 modus,
279 1573 368 1610 quae
388 1567 465 1597 tres
492 1560 564 1597 hos
585 1560 704 1611 pedes
725 1560 872 1610 recipit,
894 1559 1051 1610 planus,
1073 1559 1251 1609 simplex,
1278 1559 1497 1609 expeditus,
1528 1569 1567 1597 et

106 1623 266 1662 evidens
287 1629 369 1661 est:
400 1636 478 1661 non
509 1623 611 1660 enim
635 1624 742 1660 novit
772 1623 950 1660 insolitas
987 1630 1026 1660 et
1056 1635 1214 1672 asperas
1249 1623 1335 1659 illas
1366 1622 1566 1669 diaereses,

107 1700 338 1739 synaereses,
358 1694 397 1725 et
416 1688 571 1725 crebras
592 1687 791 1724 literarum
820 1685 1015 1731 elisiones,
1051 1699 1140 1736 quae
1172 1686 1387 1736 posteriore
1420 1686 1567 1724 dimen-

108 1751 228 1791 sionis
247 1752 396 1789 ratione
417 1751 463 1788 iis
499 1757 590 1788 sunt
610 1750 930 1801 perscrutandae:
975 1750 1041 1799 qui
1072 1750 1182 1787 nulla
1214 1763 1292 1787 non
1325 1750 1567 1795 diverticula,

106 1815 266 1867 quosvis
287 1815 501 1860 anfractus,
522 1821 562 1852 et
581 1815 711 1852 omnia
730 1814 900 1865 suffugia
920 1820 1113 1864 quaerunt,
1135 1826 1213 1864 quo
1233 1822 1408 1852 monstra
1427 1814 1494 1852 illa
1509 1817 1569 1863 (ut

105 1879 180 1930 ipsi
195 1879 425 1929 loquuntur)
439 1884 657 1916 exterorum
675 1877 818 1930 pedum
838 1878 992 1928 possint
1011 1878 1170 1915 evitare.
1200 1877 1406 1929 Praecipua
1426 1877 1570 1927 effugia

107 1943 331 1982 consistunt
363 1942 404 1979 in
437 1941 680 1989 diaeresibus,
715 1942 992 1994 synaeresibuS,
1022 1948 1060 1979 et
1091 1941 1334 1979 elisionibus.
1404 1942 1569 1979 Diaeresi

107 2019 226 2045 unam
261 2006 451 2058 syllabam
482 2007 522 2043 in
557 2006 655 2044 duas
691 2006 892 2044 dividunt:
938 2019 1010 2043 nos
1046 2006 1149 2043 hanc
1188 2006 1342 2043 duobus
1381 2006 1419 2042 in
1460 2006 1571 2056 apice

109 2070 266 2121 punctis
286 2069 474 2120 appositis
496 2070 816 2120 designavimus:
846 2075 914 2106 ut:
939 2070 1016 2115 cu'1',
1038 2069 1127 2114 Del,
1150 2069 1229 2115 D'fi,
1252 2069 1351 2115 D'iis,
1371 2070 1461 2114 Iam,
1482 2083 1571 2107 cum

110 2147 131 2172 e
151 2134 431 2186 monosyllabis
469 2136 569 2173 fiunt
597 2134 814 2184 disyllaba:
859 2134 1014 2182 cuique,
1042 2132 1200 2179 deinde,
1229 2133 1406 2183 proinde,
1441 2147 1529 2171 cum
1551 2147 1571 2171 e

109 2196 311 2249 disyllabis
342 2198 545 2250 trisyllaba
574 2197 814 2247 judicantur.
865 2195 1059 2246 Synaeresi
1080 2195 1178 2233 duas
1201 2196 1370 2248 syllabas
1391 2197 1430 2233 in
1453 2210 1573 2236 unam

108 2261 359 2308 contrahunt,
385 2275 502 2312 quam
533 2262 608 2299 hac
642 2267 736 2298 nota
769 2260 884 2311 priori
911 2260 1038 2298 vocali
1073 2261 1321 2312 superposita
1359 2260 1573 2298 indicatam

110 2324 322 2362 voluimus.
380 2325 454 2363 Illa
472 2325 589 2375 igitur
607 2332 646 2362 et
666 2337 834 2375 sequens
854 2324 1016 2370 vocalis,
1036 2338 1124 2375 quae
1145 2325 1184 2361 in
1203 2325 1289 2361 aliis
1311 2325 1437 2374 poetis
1456 2332 1572 2374 atque

109 2388 149 2425 in
168 2388 243 2426 hoc
256 2387 369 2439 juxta
388 2389 553 2440 primum
575 2388 827 2426 dimensionis
848 2387 1007 2425 modum
1039 2387 1137 2425 duas
1164 2388 1363 2426 efficerent
1387 2388 1573 2440 syllabas,

109 2451 148 2489 in
169 2464 288 2490 unam
316 2453 472 2499 coeunt,
500 2466 590 2490 cum
623 2453 783 2490 alteram
816 2452 1032 2489 scanz-ionis
1067 2453 1274 2497 rationem,
1308 2465 1398 2502 quae
1419 2459 1573 2490 exteros

110 2515 197 2553 illos
217 2515 338 2567 pedes
359 2529 438 2554 non
468 2517 615 2567 recipit,
646 2517 903 2554 intuebimur:
934 2522 977 2554 ut
996 2516 1033 2552 in
1058 2516 1256 2553 vocabulis
1289 2517 1572 2566 sequentibus:

117 2581 226 2625 abeo,
267 2581 394 2627 abeat,
427 2580 596 2624 redeam,
632 2579 778 2625 redeat,
819 2578 930 2625 adeo,
966 2579 1056 2625 ahu,
1097 2579 1167 2624 ais,
1208 2580 1272 2625 ait,
1309 2578 1397 2625 ain’‚
1431 2580 1575 2633 aiebas,

115 2644 279 2690 alienus,
299 2644 401 2691 aliis,
422 2645 513 2690 alio,
527 2644 658 2690 audio,
672 2644 807 2682 audiat
824 2656 832 2680 :
863 2644 1102 2688 circuitione,
1118 2644 1321 2689 coemisse,
1339 2633 1575 2687 commeare,

115 2708 314 2754 confiteor,
333 2709 484 2746 consilii
503 2708 622 2757 (idem
638 2706 829 2758 judicium
850 2707 898 2744 de
920 2706 1077 2757 reliquis
1095 2706 1274 2757 genitivis
1294 2706 1574 2755 singularibus,

117 2778 156 2809 et
174 2772 420 2811 nominativis
442 2772 655 2823 pluralibus
677 2772 715 2808 in
736 2771 760 2808 ii
779 2784 787 2807 ε
818 2778 874 2817 ut,
909 2770 1068 2821 negotii,
1101 2769 1250 2821 gaudii,
1284 2771 1411 2820 pretii,
1432 2769 1577 2813 cetarii,
