1903 3306
305 209 392 251 426
798 223 838 251 Ρ.
869 221 1110 251 ΤΕΗΕΝΤΗ
1145 222 1262 252 AFRI

308 314 485 356 Rivalis
519 327 705 356 servum.
764 315 899 356 Salva
929 328 999 356 res
1019 318 1111 356 est:
1151 316 1354 355 nimirum
1374 315 1446 356 hic
1466 314 1665 357 homines
1684 316 1757 358 fri·
1800 322 1803 323 ’

478 387 590 435 gent.

305 448 583 491 Nebulonem
613 449 729 490 hunc
762 452 931 489 certum
967 453 1039 490 est
1069 440 1227 490 ludere.
1287 449 1374 491 ΡΑ.
1406 449 1526 491 Hice
1556 449 1640 491 hoc
1663 463 1756 491 mu-

476 529 577 557 nere
597 517 864 558 arbitrantur

303 660 352 691 dis
366 664 499 692 stantem
512 673 523 699 ‚·
544 671 593 693 res
607 665 722 693 nostrae
744 663 777 693 in
800 666 866 693 tuto
889 665 982 699 sunu
996 661 1144 693 nimirum
1159 662 1209 693 hic
1223 662 1490 701 hominesfrigent
1505 661 1628 703 (gratia
1642 661 1757 693 scilicet

303 706 384 743 apud
416 704 592 745 Thaidem).
640 706 796 736 Constitui
822 706 902 736 hunc
930 705 1135 736 tenebrionem
1163 706 1334 747 ludificare.
1380 706 1446 737 ΡΑ.
1480 705 1542 736 Isti
1569 707 1680 745 putant
1703 704 1757 734 hoc

909 821 947 832 oe
952 821 1109 832 eoueue
1113 821 1150 832 oe

303 900 364 930 ost.
379 897 530 929 mulieris.
554 898 661 929 West.
705 897 792 929 Sunt
805 897 861 939 qui
876 897 992 938 legant
1008 897 1171 929 Thaeidis:
1196 896 1285 938 quod
1304 907 1379 937 ego,
1397 895 1548 938 quamvis
1573 895 1606 926 in
1620 896 1757 936 scriptis

303 940 554 981 exemplaribus
570 949 636 971 non
652 941 835 978 inveniam,
861 945 974 971 tamen
998 951 1063 972 non
1089 941 1266 980 improbo:
1292 949 1367 971 cum
1391 939 1584 980 praesertim
1601 939 1757 970 Donatus

302 983 366 1014 boc
383 992 504 1013 nomeu
521 983 612 1014 varie
628 983 682 1013 hic
699 983 766 1023 legi
783 982 941 1014 affirmet.
966 984 1026 1015 Fa.
1073 983 1274 1014 Claudicare
1290 982 1376 1014 hunc
1394 992 1526 1013 versum
1542 990 1658 1013 omnes
1682 991 1757 1012 sen-

300 1026 403 1057 tiunt.
448 1026 501 1056 De
527 1025 684 1056 medendi
704 1025 756 1056 via
781 1030 944 1058 certatur.
993 1026 1138 1058 Thaeidis
1166 1025 1265 1066 plane
1291 1025 1454 1057 insulsum
1476 1028 1539 1056 est.
1585 1023 1679 1056 Mur.
1696 1034 1756 1065 pro

305 1068 436 1099 Thaidis
451 1068 523 1099 vult
538 1069 732 1105 meretricis;
755 1068 815 1099 sed
843 1069 906 1099 hoc
935 1068 1034 1100 nimis
1059 1069 1282 1100 inclementer
1310 1068 1377 1099 dici
1404 1067 1509 1099 visum
1526 1071 1669 1106 est‚nec
1686 1067 1757 1106 pla-

302 1111 387 1142 cuit.
432 1110 502 1142 Alii
523 1111 653 1142 Thaidis
667 1121 723 1150 ego
739 1111 860 1142 tristem
874 1111 984 1142 video.-
1008 1111 1177 1152 imperite.
1232 1112 1295 1141 Vir
1322 1109 1489 1150 eruditus,
1515 1109 1572 1150 qui
1600 1111 1609 1126 ‘
1633 1108 1757 1148 toties,'

302 1154 362 1194 ait,
386 1154 616 1194 ‘tantumque
641 1153 684 1184 de
711 1153 775 1184 hoc
801 1154 876 1185 loco
903 1154 1117 1186 restituendo
1141 1154 1317 1194 cogitavit,
1333 1159 1370 1185 ut
1388 1153 1514 1193 pudeat
1530 1151 1654 1191 fateri,’
1676 1151 1756 1192 quid

303 1196 442 1227 taudem
460 1195 609 1236 profert?
656 1196 819 1227 Immutat
835 1196 1003 1237 ordinem,
1018 1202 1054 1228 et
1069 1197 1119 1228 sic
1136 1205 1267 1227 versum
1285 1196 1484 1228 constituit:
1507 1194 1570 1226 Sed
1586 1194 1758 1225 Parmeno-

301 1249 372 1270 nem
389 1239 520 1270 Thaidis
534 1242 607 1270 ante
622 1239 734 1270 ostium
747 1239 871 1270 tristem
884 1240 983 1270 rideo.
1027 1240 1123 1270 Bene
1139 1248 1239 1270 sane:
1258 1239 1285 1270 si
1303 1242 1380 1279 post
1396 1243 1465 1270 tani
1483 1237 1650 1269 diutinam
1665 1237 1756 1277 cogi-

300 1282 465 1313 tationem
481 1291 523 1313 ex
541 1291 608 1312 una
623 1282 773 1323 geminas
789 1281 928 1312 mendas
945 1281 1107 1314 confecit.
1154 1282 1242 1313 Nam
1258 1287 1294 1312 et
1309 1282 1462 1312 ultimam
1479 1280 1512 1310 in
1537 1279 1665 1311 Thaidis
1681 1289 1757 1320 pro-

301 1324 409 1361 ducit,
433 1329 467 1356 et
494 1325 607 1355 ostium
632 1329 670 1355 ut
694 1328 793 1355 ostam
821 1325 1039 1365 pronuntiat:
1076 1334 1215 1366 quorum
1242 1329 1401 1356 neutrum
1427 1324 1459 1354 ei
1482 1322 1612 1354 licebit.
1657 1321 1756 1353 Idem

301 1372 416 1398 tamen
434 1368 466 1398 in
484 1368 572 1398 curis
588 1367 745 1398 secundis
769 1367 833 1398 alio
861 1377 897 1398 se
922 1368 1027 1399 vertit
1042 1378 1051 1406 ;
1075 1373 1111 1399 et
1128 1377 1189 1407 pro
1205 1367 1335 1398 Mureti
1350 1365 1525 1398 meretricis
1541 1364 1677 1405 reponit
1690 1374 1756 1396 mu-

301 1410 407 1441 lieris:
430 1413 502 1441 ante
517 1410 629 1441 ostium
653 1410 792 1441 mulieris
815 1410 938 1441 tristem
960 1411 1069 1442 video.-
1091 1409 1182 1451 quod
1200 1410 1323 1441 nemini
1339 1419 1407 1440 non
1423 1408 1526 1440 facile
1541 1417 1577 1439 se
1595 1407 1757 1448 probatu-

301 1462 373 1484 rum
390 1453 562 1493 opinatur.
610 1452 736 1484 Nescio
752 1453 848 1491 alios,
864 1453 943 1484 mihi
961 1453 1097 1494 quidem
1115 1462 1180 1483 non
1196 1453 1243 1484 ita
1258 1452 1381 1484 facile:
1398 1452 1454 1493 qui
1471 1451 1575 1482 sciam
1591 1459 1754 1491 nusquam

300 1496 500 1527 Terentium
517 1495 735 1534 pronuntiare
751 1496 900 1534 mulieris,
915 1498 1071 1526 mulierem
1096 1496 1151 1536 (ut
1167 1505 1226 1526 nos
1249 1495 1367 1535 hodie)
1383 1494 1443 1526 sed
1460 1503 1595 1533 semper
1611 1498 1756 1524 accentu

302 1538 335 1569 in
353 1538 461 1579 prima
476 1538 627 1578 metieris,
643 1539 811 1570 mulierem.
856 1538 946 1571 Quid
964 1539 1069 1579 igitur
1096 1538 1139 1569 de
1164 1548 1261 1569 versu
1289 1538 1353 1569 hoc
1379 1537 1462 1568 fiet?
1508 1537 1645 1573 Dicam,
1674 1535 1755 1576 quid

299 1582 384 1612 mihi
400 1591 466 1613 non
480 1581 529 1612 ita
546 1581 604 1612 diu
619 1581 783 1621 cogitanti
808 1581 942 1612 venerit
962 1582 995 1612 in
1016 1585 1184 1620 mentem3
1209 1580 1298 1623 quod
1315 1590 1359 1612 an
1375 1579 1527 1611 omnibus
1543 1588 1580 1609 se
1595 1577 1758 1619 probatu·

302 1634 375 1656 rum
391 1624 435 1655 sit
449 1624 587 1662 nescio3
612 1633 631 1654 a
653 1624 787 1654 nemine
807 1623 993 1664 improbari
1016 1633 1115 1664 posse
1133 1629 1229 1656 certo
1245 1623 1330 1655 scio.
1376 1623 1467 1664 Lege
1491 1621 1608 1663 igitur,
1633 1620 1697 1652 Sed
1712 1620 1754 1652 P.

301 1671 374 1699 ante
398 1668 510 1698 ostium
536 1666 673 1707 opperiri
700 1667 824 1698 tristem
848 1667 945 1697 video.
968 1667 1069 1698 Bent.
1114 1667 1272 1698 Malimus
1287 1669 1480 1697 contractum
1494 1664 1630 1696 tristem.
1676 1663 1756 1703 Bip.

300 1711 385 1742 Ante
399 1714 456 1741 ost.
471 1709 644 1741 meretricis
658 1710 744 1740 video
770 1710 892 1740 tristem
920 1710 1022 1741 Both.
1069 1710 1204 1740 Tristem
1217 1713 1302 1741 stare
1315 1710 1379 1740 vid.
1402 1706 1519 1741 Guelf.
1534 1709 1649 1739 2.—37
1673 1705 1756 1746 Alii,

301 1752 335 1783 hi
350 1753 486 1783 homines
502 1751 640 1791 frigent.
689 1753 816 1783 Rursus
833 1752 902 1791 alii,
913 1752 1049 1784 homines
1063 1752 1203 1791 frigent.
1220 1752 1328 1783 West.
1367 1751 1420 1783 Ab
1436 1750 1591 1782 omnibus
1608 1749 1755 1789 antiquis

301 1795 399 1826 libris
416 1795 513 1826 abest
529 1795 636 1826 dictio
652 1794 722 1831 hic;
745 1805 820 1836 quae
837 1799 871 1825 et
889 1804 1022 1826 versum
1040 1795 1197 1834 impedit,
1219 1801 1253 1826 et
1271 1794 1383 1826 sensui
1399 1803 1466 1825 non
1481 1799 1534 1824 est
1551 1792 1755 1824 necessaria.

301 1838 362 1869 Fa.
407 1838 485 1868 Duo
502 1847 544 1868 ex
562 1838 685 1868 nostris
703 1838 831 1868 habent
847 1837 909 1877 hic,
933 1847 1010 1868 cum
1037 1837 1128 1869 Edd.
1153 1842 1239 1869 vett.
1268 1841 1304 1868 et
1328 1837 1467 1868 Servius
1490 1836 1531 1867 ad
1557 1834 1685 1874 Georg.
1704 1842 1757 1866 ιν.

302 1883 377 1912 104.
400 1885 435 1912 et
451 1890 566 1911 rursus
583 1880 658 1912 AEn.
677 1889 701 1911 1.
719 1883 793 1912 440.
844 1881 994 1921 Repone,
1007 1881 1093 1911 salt-«z
1108 1889 1177 1911 res.-
1199 1880 1347 1911 nimirum
1361 1880 1428 1911 hice
1443 1876 1635 1915 hominesfr.
1660 1876 1755 1908 Salsa

300 1932 362 1962 res,
387 1929 424 1954 ut
442 1932 484 1954 11.
500 1926 530 1955 3.
547 1925 602 1954 69.
628 1923 682 1953 ubi
702 1923 806 1954 nostri
822 1933 952 1962 omnes,
968 1928 1006 1953 ut
1023 1923 1089 1958 hic,
1113 1926 1158 1954 est
1177 1932 1355 1963 perperam
1373 1922 1514 1953 addunt.
1537 1921 1634 1952 Bent.
1658 1929 1757 1961 quem

302 1967 454 2007 sequitur
476 1966 577 1996 Both.
623 1966 688 1996 Hic
705 1966 868 1996 omittunt
884 1967 945 1996 Br.
964 1965 1003 1996 Z.
1048 1966 1133 1997 Hice
1160 1965 1219 1996 dat
1244 1966 1338 1996 Perl.
1369 1964 1426 2006 qui
1456 1968 1573 1995 monet
1598 1964 1648 1994 hic
1674 1962 1757 1993 dare

301 2008 417 2041 Guelf.
433 2012 552 2040 2.-38
569 2009 680 2047 Bodl.‚
696 2008 842 2039 Boeeleri
859 2017 987 2048 omnes,
1004 2008 1080 2040 alii:
1105 2009 1238 2039 eludere.
1270 2008 1327 2039 Ita
1342 2012 1378 2039 et
1391 2008 1464 2038 EV.
1478 2010 1507 2038 1.
1543 2006 1610 2036 Isce
1624 2006 1681 2036 hoc
1690 2015 1755 2036 mu-

301 2061 374 2082 nere
399 2052 571 2083 arbitratur
593 2051 642 2082 M.
688 2051 741 2081 An
760 2049 882 2082 Hisce?
905 2051 1073 2092 quomodo
1089 2051 1173 2091 legit
1190 2051 1250 2082 Pr.
1266 2050 1353 2082 Inst.
1371 2050 1488 2082 Gram.
1507 2049 1566 2080 lib.
1579 2058 1646 2080 xu-
1691 2049 1757 2080 Ms.

303 2094 396 2134 Lips.
421 2095 487 2125 Iste
502 2094 556 2124 hoc
571 2103 694 2124 munere
709 2094 893 2125 arbitratur.
917 2095 1027 2124 West.
1074 2094 1202 2125 Omnes
1228 2092 1302 2124 fere
1327 2093 1456 2131 antiqui
1483 2093 1559 2123 libri
1586 2096 1622 2123 et
1648 2091 1682 2122 in
1707 2092 1756 2123 his

302 2137 400 2168 Bem.
430 2137 489 2167 sed
515 2142 551 2168 et
580 2137 648 2168 Do.
675 2136 802 2167 habent
830 2136 938 2167 Hisce.
965 2135 1123 2167 Fae'rnus.
1168 2137 1326 2167 Donatus
1351 2136 1384 2166 in
1412 2135 1499 2166 Edd.
1526 2134 1670 2166 vetustis
1686 2133 1756 2166 ita:

305 2180 314 2196 ‘
332 2180 406 2210 Isce
422 2180 483 2210 hoc
501 2188 640 2209 munere
658 2179 843 2210 arbitratur
858 2189 866 2217 ;
891 2179 967 2210 Isce
995 2189 1068 2219 pro,
1094 2179 1140 2215 Is,
1158 2179 1314 2210 vetuste.’
1360 2179 1427 2210 Hic
1444 2187 1525 2218 ergo
1541 2177 1653 2216 testis,
1675 2178 1757 2208 cita-

304 2227 357 2252 tus
375 2223 421 2253 nil
439 2221 636 2262 respondet.
683 2221 730 2252 At
756 2222 815 2253 Pr.
843 2223 946 2257 clare,
976 2232 1009 2262 p.
1031 2224 1107 2253 948.
1130 2223 1140 2239 ‘
1160 2222 1398 2253 Nominativus
1415 2221 1554 2262 pluralis
1572 2220 1692 2259 Hisce,
1707 2224 1760 2260 ut,

302 2265 410 2296 Hisce
435 2265 497 2295 hoc
522 2273 659 2295 munere
678 2265 908 2303 arbitrantur3
933 2264 965 2294 in
983 2274 1048 2305 quo
1067 2264 1225 2295 videntur
1250 2264 1436 2304 Euplioniae
1454 2273 1553 2295 cansa
1567 2263 1588 2294 S
1607 2263 1757 2303 interpo-

302 2306 434 2338 suisse.²
480 2307 550 2338 Nos
567 2316 609 2337 ex
627 2306 735 2337 tribus
752 2307 924 2338 codicibus
941 2307 1022 2338 Hice
1039 2311 1074 2337 et
1090 2306 1289 2347 Analogiam
1313 2307 1424 2347 potius
1439 2314 1634 2347 sequemur,
1657 2315 1757 2346 quam

303 2350 399 2380 istam
416 2350 529 2380 nescio
546 2359 644 2391 quam
663 2350 887 2389 Euphoniam.
911 2350 1008 2380 Beut.
1054 2349 1093 2379 In
1112 2349 1190 2380 edd.
1209 2353 1292 2381 vett.
1319 2350 1398 2380 Isce.
1415 2349 1508 2380 Perl.
1552 2348 1652 2379 Hicce
1673 2348 1757 2378 arbi·

300 2395 406 2423 tratur
422 2392 464 2423 al.
490 2393 567 2432 Rip.
612 2393 749 2424 Eludere
764 2397 800 2423 et
818 2393 913 2423 Hisce
929 2392 987 2423 Br.
1018 2392 1058 2423 In
1075 2392 1141 2423 Ms.
1158 2392 1205 2423 ait
1221 2392 1347 2432 Bruns,
1363 2392 1472 2423 literae
1489 2391 1510 2421 h
1524 2390 1758 2432 superscripta

980 2497 1122 2530 NOTAE

346 2577 386 2605 37
411 2574 504 2604 Salva
522 2582 569 2603 res
584 2573 644 2612 est]
670 2573 877 2613 Conjectura
894 2583 912 2603 a
935 2574 1000 2614 sig·
1057 2573 1176 2611 cimus,
1196 2573 1254 2602 Ces
1265 2582 1342 2611 gens
1358 2573 1399 2604 ici
1414 2574 1481 2603 sont
1504 2570 1700 2611 bienfroids,
1717 2570 1756 2601 ils

305 2627 374 2663 nis;
398 2633 514 2654 servus
529 2623 640 2653 rivalis
661 2633 724 2654 non
747 2628 800 2654 est
818 2623 919 2663 intro,
942 2624 1001 2654 sed
1056 2623 1174 2661 nefont
1188 2633 1245 2663 pas
1261 2623 1330 2654 bien
1346 2623 1412 2653 leur
1427 2622 1534 2663 profit.
1578 2621 1755 2661 Metapho-

304 2681 384 2706 ante
401 2674 533 2704 ostium.
568 2672 677 2713 Igitur
694 2679 744 2704 est
766 2674 933 2714 exclusus,
949 2683 1003 2705 res
1059 2684 1097 2704 ra
1109 2680 1162 2705 est
1174 2674 1410 2714 proverbialis,
1425 2679 1535 2705 sumta
1547 2673 1590 2704 ab
1606 2673 1671 2711 liis,
1687 2673 1754 2713 qui,

306 2730 423 2755 nostra
439 2730 536 2754 extra
553 2724 737 2763 periculum
756 2729 818 2755 est.
1059 2724 1212 2754 manibus
1243 2734 1286 2754 ex
1317 2723 1444 2764 frigore
1480 2722 1639 2764 stupidis,
1674 2724 1756 2754 nihil

349 2774 414 2805 Ilio
428 2774 562 2804 homines
570 2772 708 2812 frigent]
733 2773 790 2804 Sic
807 2773 940 2804 Gallice
956 2774 1004 2804 ‹Ji-
1059 2774 1191 2814 operari
1208 2779 1362 2814 possunt.
