1945 3296
342 222 399 264 98
646 225 885 261 DANIELIS
919 221 1115 256 HEINSII
1151 221 1501 253 DISSERTATio.

452 328 541 365 Jam
563 333 645 364 tum
666 330 749 363 erat
769 335 902 368 senex,
924 326 1107 360 senectus
1128 319 1160 357 si
1179 316 1424 357 verecundos
1445 316 1552 356 facit.

451 392 513 429 An
528 402 615 428 mea
630 389 754 426 forma
770 392 886 436 atque
902 391 999 423 aetas
1014 383 1098 434 jam
1113 381 1238 432 magis
1254 381 1475 433 expetenda
1491 387 1563 428 est,
1585 379 1809 431 Demipho?

449 453 555 498 Quid
589 452 683 491 mihi
713 464 818 489 nunc
854 449 983 495 affers,
1015 448 1268 499 quamobrem
1302 451 1522 498 expectem,
1553 451 1621 483 aut
1640 456 1807 496 sperem,

553 529 669 570 porro
689 528 768 553 non
791 513 899 552 fore?

345 606 409 652 Et,
447 600 765 656 quandoquidem
788 596 1031 650 simplicitaS,
1064 595 1233 634 maxima
1266 601 1427 634 moratae
1457 594 1644 633 orationis
1671 594 1808 640 virtus,

347 670 378 707 si
398 667 635 712 intendatur,
657 664 889 703 suavitatem
922 660 1050 714 parit,
1089 672 1203 698 nemo
1237 659 1321 698 sine
1351 658 1571 698 incredibili
1592 671 1638 698 ac
1658 671 1810 697 summa

345 734 544 785 voluptate
564 729 660 769 illud
681 726 888 767 Bacchidis
909 726 1040 777 leget:

721 814 845 852 Recte
866 812 1019 859 amasti,
1039 811 1256 863 Pamphile,

456 881 624 920 Uxorem
643 887 774 918 tuam:
805 890 896 915 nam
930 888 1132 927 nunquam
1166 882 1257 913 ante
1287 874 1389 912 hanc
1425 872 1528 911 diem
1556 872 1654 911 meis
1682 870 1806 910 oculis

561 958 660 990 eam,
676 942 781 994 quod
803 954 974 987 nossem,
995 939 1183 978 videram.

453 1008 699 1047 Perliberalis
720 1007 804 1044 visa
819 1012 891 1044 est.

345 1099 517 1149 Ideoque
539 1095 698 1134 Fabulae
718 1094 964 1132 Terentianae
987 1091 1200 1129 doctiorem
1233 1087 1475 1134 histrionem,
1503 1099 1620 1138 quam
1639 1086 1809 1138 reliquo-

349 1175 446 1208 rum,
480 1159 772 1198 desiderabant.
858 1157 1020 1207 Semper
1055 1154 1169 1199 enim,
1202 1166 1290 1204 quae
1319 1157 1470 1190 morata
1501 1157 1562 1189 est
1595 1150 1731 1197 oratio,
1765 1154 1809 1206 τῇ
1839 1194 1842 1195 ⁷

348 1228 533 1276 ὑποκρίσει
552 1221 764 1261 fulcienda.
824 1220 926 1257 Nam
960 1232 1048 1269 quae
1069 1218 1239 1255 moribus
1270 1216 1553 1266 affectibusque
1573 1214 1808 1260 destituitur,

349 1298 450 1329 teste
490 1286 744 1338 Philosopho,
783 1291 844 1323 est
881 1285 1127 1334 ἀνυπόκριτος.
1184 1282 1324 1333 Neque
1356 1280 1438 1320 ulla
1471 1281 1550 1319 fere
1583 1279 1689 1331 apud
1720 1292 1809 1318 eum

350 1354 499 1406 syllaba
520 1358 640 1399 extat,
660 1364 749 1402 quae
770 1363 847 1388 non
869 1348 986 1387 animi
1008 1354 1076 1385 aut
1096 1346 1259 1384 affectus
1281 1345 1445 1396 alicujus
1473 1344 1524 1383 sit
1541 1343 1673 1382 index.
1720 1343 1810 1381 Jam

349 1426 393 1457 ut
412 1418 459 1456 ad
481 1417 647 1468 lepores,
669 1415 786 1461 sales,
808 1414 966 1465 gratias,
987 1418 1027 1451 et
1046 1416 1271 1450 venustates
1298 1410 1524 1452 veniamus;
1554 1414 1705 1447 certum
1735 1413 1810 1452 est,

349 1484 428 1520 fere
449 1494 583 1520 omnes
601 1493 666 1518 eas
688 1478 770 1517 tolli
790 1491 813 1516 a
831 1477 1011 1524 ridiculo,
1038 1490 1116 1515 non
1138 1489 1251 1514 secus
1273 1487 1390 1526 quarn
1416 1474 1454 1511 in
1475 1473 1555 1511 vita
1574 1473 1621 1510 ab
1643 1484 1809 1510 excessu

348 1560 498 1585 morum
533 1545 667 1591 virtus,
702 1544 749 1581 ab
782 1555 947 1581 excessu
980 1547 1191 1593 apparatus
1226 1541 1264 1577 in
1297 1552 1416 1577 scena
1450 1537 1597 1576 tollitur
1614 1537 1810 1587 voluptas.

351 1612 482 1654 Quare
504 1608 724 1647 Menandro
744 1620 790 1645 ac
809 1606 988 1645 Terentio
1008 1605 1160 1656 lepores
1183 1604 1358 1642 tribuunt
1373 1602 1536 1653 antiqui,
1549 1601 1650 1640 sales
1668 1600 1811 1638 Plauto

353 1676 539 1713 Horatius
581 1671 762 1711 concedit
780 1685 788 1709 :
837 1682 937 1721 quos
976 1680 1261 1719 nonnunquam
1308 1667 1521 1705 inurbanos
1558 1677 1646 1703 esse
1683 1670 1810 1703 notat.

353 1740 456 1778 Audi
476 1737 746 1775 Paterculum:
779 1740 788 1756 ‘
807 1735 1033 1784 Dulcesque
1065 1732 1193 1770 Latini
1224 1731 1367 1782 leporis
1399 1730 1553 1769 facetiae
1585 1742 1654 1781 per
1685 1728 1813 1766 Caeci-

350 1805 459 1849 lium,
479 1802 792 1850 Terentiumque,
813 1806 852 1837 et
871 1798 1074 1836 Afranium
1095 1798 1167 1835 sub
1184 1797 1265 1847 pari
1286 1801 1402 1833 aetate
1421 1793 1660 1833 floruerunt.'
1682 1792 1813 1830 Graeci

352 1869 507 1919 χάριτας
526 1873 565 1904 et
585 1865 867 1917 Xapoernopobs
885 1869 1039 1902 vocant.
1097 1860 1356 1898 Remissiores
1377 1865 1468 1897 sunt
1496 1858 1612 1904 enim,
1633 1869 1750 1908 quarn
1769 1862 1813 1893 ut

352 1933 471 1969 risum
507 1929 695 1968 violenter
729 1935 933 1966 moveant:
982 1926 1356 1977 circumspectiores,
1395 1935 1513 1974 quam
1550 1928 1594 1960 ut
1631 1921 1812 1972 frigeant.

352 1994 578 2040 Absurdum
599 1993 699 2031 enim
733 2005 838 2043 saepe
870 2004 991 2029 causa
1021 1997 1082 2029 est
1115 1990 1230 2036 risus,
1262 1995 1329 2026 aut
1362 1987 1605 2025 inusitatum.
1663 1986 1814 2023 Contra

354 2067 483 2097 autem
503 2070 643 2102 sermO,
677 2056 743 2106 qui
764 2065 803 2094 et
829 2056 997 2093 usitatus
1029 2060 1069 2092 et
1088 2060 1274 2099 moratuS,
1305 2051 1448 2102 quique
1468 2047 1811 2088 leniterdecorum

355 2130 495 2167 servat,
518 2121 619 2159 sicut
639 2133 685 2159 eo
710 2120 795 2170 ipso
830 2120 872 2157 fit
894 2125 1081 2156 venustus
1103 2124 1141 2155 et
1161 2116 1352 2159 delectat3
1383 2115 1436 2152 ita
1455 2113 1614 2165 quidam
1643 2113 1812 2151 eminere

347 2187 426 2239 joci
448 2192 626 2237 possunt.
687 2184 764 2227 Qui
797 2183 954 2233 quidem
990 2182 1028 2219 in
1062 2182 1135 2219 1100
1171 2180 1278 2226 Afro,
1309 2178 1400 2228 (nisi
1433 2177 1552 2215 Laelio
1585 2189 1651 2216 eos
1681 2177 1811 2228 potius

355 2264 400 2287 ac
422 2248 594 2300 Scipioni
615 2246 843 2286 tribuendos
864 2247 997 2297 putes)
1016 2252 1055 2282 et
1076 2243 1309 2289 Menandm,
1341 2242 1373 2280 si
1387 2240 1580 2293 judicium
1601 2239 1754 2278 Horatii
1773 2247 1813 2278 et

356 2314 600 2362 antiquorum
623 2312 832 2362 sequimur,
865 2324 912 2348 ex
943 2309 1081 2348 eodem
1115 2309 1211 2355 sale,
1244 2321 1265 2346 e
1285 2320 1363 2359 quo
1382 2313 1475 2344 nata
1493 2306 1628 2343 Venus
1649 2310 1722 2351 est,
1743 2303 1811 2342 de-

356 2378 494 2428 1110111ῖί
516 2376 706 2414 videntur.
766 2375 866 2412 Ecce
887 2374 1015 2411 statim
1039 2372 1201 2417 Andria,
1222 2372 1310 2410 Act.
1328 2386 1368 2409 v.
1390 2372 1518 2408 Scena
1536 2372 1574 2407 4.

674 2460 785 2496 Davo
806 2458 905 2495 istuc
926 2457 1066 2495 dedam
1081 2458 1163 2508 jam
1184 2456 1330 2507 negoti.
1388 2456 1429 2494 S.
1460 2455 1550 2492 Non
1570 2459 1712 2503 potest.

465 2525 508 2561 P.
540 2523 647 2567 Qui?
703 2524 745 2561 S.
776 2523 876 2566 Quia
895 2522 1014 2561 habet
1035 2522 1140 2560 aliud
1163 2521 1286 2572 magis
1308 2533 1355 2558 ex
1376 2532 1476 2565 sese,
1497 2525 1537 2557 et
1561 2517 1702 2568 majus.

571 2586 615 2624 P.
639 2585 866 2629 Quidnam?
923 2586 963 2622 S.
993 2586 1156 2623 Vinctus
1176 2592 1247 2624 est.

465 2652 508 2689 P.
540 2651 670 2696 Pater,
690 2663 765 2687 non
790 2655 892 2687 recto
915 2650 1065 2687 vinctus
1086 2657 1158 2688 est.
1217 2650 1257 2686 S.
1291 2647 1407 2686 Haud
1428 2648 1482 2685 ita
1495 2647 1608 2698 jussi.

358 2739 445 2776 ι13111
467 2737 717 2775 Gnathonem
741 2735 852 2772 vide:
885 2736 949 2785 qui
982 2749 1068 2773 011111
1101 2735 1257 2786 putidos
1293 2733 1504 2771 Thrasonis
1538 2745 1663 2770 mores
1697 2730 1811 2769 Phae—
