1903 3306
327 218 411 259 136
719 223 898 255 mmus
931 220 1099 252 ‹JAESAR
1133 219 1377 249 scudem:

329 320 568 359 Terentianis
588 324 765 356 tantum:
808 327 971 366 quarum
1005 313 1182 363 gratiam,
1213 326 1329 363 quam
1363 312 1558 364 elegantia
1591 313 1775 351 orationis¹

331 393 446 436 atque
476 385 641 436 puritate
672 387 892 419 consecutae
921 385 1066 422 essent,
1086 376 1314 414 diminutam
1333 378 1495 428 putabat
1517 377 1673 415 licentia
1692 390 1774 415 ver-

325 463 442 489 suum
462 448 709 499 longiorum:
739 457 826 482 cum
847 452 975 481 tamen
1007 441 1170 479 Plautus
1203 441 1322 478 nihilo
1356 441 1407 479 sit
1438 441 1475 478 in
1503 441 1682 479 trimetris
1701 441 1775 478 fre-

325 513 520 565 quentior.
579 511 666 548 Hoc
688 516 815 546 autem
836 507 1000 557 amplius
1031 505 1167 543 eadem
1201 505 1239 542 in
1269 506 1483 555 quaestione
1502 511 1642 557 peccat
1670 504 1776 542 Pris-

329 580 487 616 cianus:
517 574 706 626 quosdam
728 586 826 617 esse,
857 571 923 622 qui
956 570 994 608 in
1028 569 1194 608 Terentii
1224 569 1380 607 Fabulis
1409 575 1538 608 extare
1567 575 1690 607 metra
1709 581 1776 605 ne-

333 648 440 693 gent,
471 650 587 690 atque
607 637 765 676 eosdem
785 643 914 673 tamen
936 635 1002 680 ait,
1032 634 1100 672 illa
1119 634 1230 684 quasi
1252 646 1393 671 arcana
1412 624 1775 684 quaedam‚sibique

333 705 426 743 solis
446 704 604 754 cognita
623 700 805 752 profiteri.
863 698 967 742 Quid
995 698 1097 736 enim
1129 704 1189 734 est
1221 697 1325 735 hoc?
1364 710 1506 748 negare
1537 709 1717 735 numeros
1736 695 1775 732 in

332 781 444 808 versu
465 766 661 818 quopiam,
683 762 916 813 eosdemque
938 774 1118 799 numeros
1139 761 1176 798 in
1196 761 1332 798 eodem
1348 774 1460 799 versu
1477 773 1518 798 se
1534 760 1638 798 solos
1657 759 1778 797 dime-

332 833 392 871 tiri
412 830 555 883 posse?
595 829 709 866 Hanc
730 827 961 865 sententiam
991 839 1095 864 more
1116 838 1186 863 suo
1207 825 1254 863 de
1275 825 1341 862 illo
1360 830 1559 862 mutuatus
1580 824 1777 868 Erasmus,

334 893 636 934 commodiorem
664 890 781 928 fecit:
813 889 950 927 dividit
969 889 1070 927 enim
1090 902 1190 935 eam,
1223 888 1384 940 ejusque
1405 894 1534 939 partes
1555 887 1606 925 ad
1625 886 1779 925 diversa

333 957 620 1007 refertjudicia.
667 954 775 992 Alios
795 953 920 1004 inquit
939 966 1095 1004 negare,
1117 953 1213 991 alios
1234 952 1344 1004 quasi
1357 952 1526 990 inutilem
1547 964 1631 990 eam
1651 951 1777 988 inves-

334 1023 559 1073 tigationem
599 1018 829 1057 existimare.
886 1017 1057 1060 Quorum
1097 1023 1303 1067 utrumque
1338 1028 1425 1053 cum
1452 1015 1536 1065 ipse
1566 1014 1780 1065 rejecisset,

336 1085 439 1136 quod
461 1093 543 1122 erat
575 1083 700 1134 priore
734 1083 835 1128 loco,
867 1082 1003 1118 merito
1036 1081 1147 1132 quasi
1173 1080 1390 1131 judicatum
1412 1079 1551 1116 omisit.
1608 1077 1778 1115 Alterius

335 1157 464 1188 autem
484 1148 670 1186 rationem
702 1147 802 1184 hane
825 1145 986 1183 reddere
1009 1145 1196 1182 instituit:
1235 1158 1310 1181 non
1344 1156 1498 1194 operam
1526 1141 1686 1193 perdere
1709 1153 1778 1177 nos

335 1211 569 1262 indagandis
589 1223 769 1249 versuum
789 1209 992 1260 generibus
1011 1221 1020 1245 ε
1050 1207 1123 1245 hac
1143 1208 1241 1245 enim
1260 1207 1462 1258 diligentia
1481 1206 1594 1251 effici,
1614 1212 1670 1251 ut,
1691 1217 1779 1255 quae

335 1277 573 1314 librariorum
606 1275 753 1312 incuria
784 1273 1030 1324 transpositae
1064 1285 1180 1310 voces
1206 1272 1295 1318 sint,
1317 1271 1395 1309 suis
1415 1285 1472 1308 eae
1493 1269 1649 1308 sedibus
1669 1268 1780 1306 resti-

336 1347 507 1378 tuantur.
565 1339 649 1389 Ego
683 1350 771 1375 vero
807 1350 933 1387 neque
959 1336 1035 1374 hoc
1061 1348 1147 1374 esse
1168 1335 1429 1374 necessarium
1465 1333 1589 1377 video,
1620 1339 1660 1370 et
1691 1331 1780 1382 plus

337 1404 509 1442 conferre
529 1403 579 1440 ad
606 1401 744 1440 solutae
765 1400 948 1438 orationis
969 1399 1195 1437 libertatem.
1253 1398 1354 1435 Nam
1374 1410 1498 1448 neque
1515 1396 1638 1434 ubivis
1657 1402 1783 1433 trans·

336 1468 474 1519 positae
504 1479 622 1505 voces
642 1479 776 1504 versus
808 1464 947 1503 tollent
977 1462 1285 1502 connexionem:
1325 1468 1364 1499 et
1391 1459 1698 1511 frequentissime
1716 1458 1782 1497 de-

335 1531 610 1584 prehendimus
631 1531 679 1568 ob
696 1529 842 1567 numeri
857 1528 1126 1566 necessitatem
1146 1527 1200 1564 ita
1211 1525 1480 1576 transpositas,
1494 1530 1548 1569 ut,
1569 1524 1600 1560 si
1615 1522 1780 1560 eandem

336 1596 570 1634 sententiam
602 1594 640 1631 in
661 1593 867 1645 epistolam
899 1593 951 1630 sis
971 1591 1172 1636 allaturus,
1203 1589 1355 1640 cogaris
1390 1588 1472 1625 aliis
1495 1586 1650 1624 sedibus
1671 1586 1781 1637 dige-

336 1673 441 1698 rere:
471 1658 590 1696 veluti
610 1671 698 1696 cum
729 1656 982 1694 Terentianus
1005 1655 1111 1692 Simo
1142 1654 1218 1691 ait:
1261 1657 1271 1674 ⁴
1291 1653 1331 1690 Si
1354 1664 1512 1689 sensero
1538 1649 1652 1688 hodie
1672 1649 1782 1701 quic-

338 1736 453 1775 quam
474 1723 511 1760 in
532 1722 592 1760 his
612 1730 650 1759 te
675 1721 819 1772 nuptiis
854 1719 1036 1758 Fallaciae
1062 1717 1208 1763 conari,
1240 1729 1318 1768 quo
1347 1717 1444 1754 fiant
1473 1713 1626 1752 minus.’
1681 1713 1781 1751 Nam

336 1788 460 1838 priore
481 1799 592 1824 versu
613 1785 735 1823 multa
766 1785 934 1822 invertas
965 1783 1048 1820 sine
1068 1780 1273 1833 dispendio
1294 1790 1563 1817 numerorum:
1592 1777 1630 1814 in
1661 1776 1782 1814 altero

338 1858 466 1888 autem
487 1857 525 1888 et
546 1849 776 1901 quotidiano
805 1859 999 1891 sermone,
1033 1853 1071 1883 et
1097 1844 1314 1882 forensibus
1334 1841 1646 1880 contentionibus
1672 1840 1783 1877 aliter

340 1916 513 1966 loquare.
583 1911 734 1963 Itaque,
767 1911 799 1950 si
836 1910 980 1948 librarii
1019 1910 1072 1946 ita
1111 1907 1380 1959 scripsissent:
1427 1904 1611 1943 Fallaciae
1634 1905 1781 1947 conari,

339 1991 412 2030 quo
433 1976 705 2029 minusfiant:
733 1989 781 2014 ex
812 1987 943 2013 eorum
978 1972 1190 2011 temeritate
1223 1971 1296 2008 hoc
1323 1970 1469 2007 fructus
1500 1968 1713 2020 capiamus,
1739 1973 1783 2004 ut

342 2043 488 2080 minore
509 2042 666 2092 negotio
686 2040 889 2077 imitemur.
948 2037 1034 2074 Hoc
1054 2036 1168 2086 igitur
1190 2048 1266 2072 non
1288 2045 1475 2083 negamus
1495 2043 1781 2076 nOS,·versuum

339 2106 490 2156 legibus
522 2105 611 2143 duci
645 2116 715 2142 nos
750 2103 799 2141 ad
822 2103 1021 2141 verborum
1057 2099 1170 2137 sedes
1201 2095 1519 2147 investigandas:
1563 2093 1631 2132 sed
1666 2094 1704 2130 in
1736 2105 1783 2130 eo

341 2170 457 2208 ullam
479 2182 566 2207 esse
586 2167 808 2213 utilitatem,
840 2167 913 2203 hoc
936 2176 1123 2214 negamus
1142 2176 1150 2199 :
1181 2162 1296 2199 immo
1316 2173 1405 2198 vero
1430 2157 1647 2196 conducere
1666 2157 1784 2194 inter-

340 2233 434 2271 dum
462 2233 598 2283 magis,
634 2232 665 2269 si
700 2229 937 2280 transposita
970 2228 1058 2273 sint,
1091 2238 1167 2276 quo
1201 2224 1335 2262 ordine
1365 2221 1577 2259 orationem
1610 2226 1783 2258 nostram

339 2297 601 2336 instituamus.
659 2295 736 2333 Sed
759 2295 930 2346 profecto
960 2292 1033 2328 hac
1067 2302 1184 2341 opera
1217 2288 1305 2339 plus
1336 2287 1407 2324 fuit
1439 2285 1580 2323 laboris
1600 2290 1783 2329 sumtum,

340 2375 457 2412 quam
477 2368 634 2412 captum
657 2359 852 2398 utilitatis:
896 2363 940 2394 ut
954 2368 1031 2392 non
1053 2355 1132 2391 sine
1145 2365 1266 2391 causa
1283 2352 1518 2394 miraremur,
1537 2361 1706 2386 summos
1727 2348 1783 2384 vi-

341 2439 403 2464 ros
424 2432 574 2464 tantum
590 2423 706 2462 studii
722 2423 761 2460 in
774 2419 1020 2460 dimetiendis
1040 2417 1114 2455 illis
1135 2415 1306 2454 versibus
1322 2412 1513 2464 posuisse,
1526 2411 1783 2456 Prisciauum,

343 2489 556 2533 Donatum,
590 2490 794 2539 Asperum,
814 2486 969 2530 Jubam,
998 2483 1199 2524 Scaurum,
1225 2479 1409 2522 Probum,
1437 2474 1664 2525 Sulpicium,
1686 2474 1782 2512 Var-

342 2565 474 2590 ronem
506 2552 647 2601 ipsum.
706 2551 880 2594 Quorum
913 2544 1140 2597 frequentiae
1174 2555 1261 2580 cum
1292 2540 1384 2578 mihi
1415 2539 1453 2576 in
1481 2545 1646 2576 mentem
1667 2538 1784 2584 venit,

343 2623 502 2667 apparet
520 2615 621 2652 illico
642 2621 709 2651 aut
727 2614 893 2650 obscura
913 2609 1127 2659 diligentia,
1159 2605 1224 2656 qui
1254 2604 1396 2641 infecto
1428 2600 1583 2652 neg-otio
1608 2600 1785 2652 eguerint

345 2691 569 2717 successore
587 2691 596 2720 ;
629 2685 694 2714 aut
713 2690 773 2715 res
793 2678 875 2726 ipsa
893 2673 1056 2725 perdita,
1090 2685 1178 2722 quae
1199 2669 1258 2707 vel
1289 2668 1336 2706 ab
1369 2678 1445 2703 uno
1466 2665 1634 2702 alterove
1654 2671 1783 2702 tanto-

346 2757 426 2783 rum
448 2743 612 2783 virorum
633 2740 845 2792 nequiverit
864 2738 1013 2776 confici.
1073 2736 1200 2780 Quare
1221 2746 1266 2771 ea
1296 2742 1450 2782 quoque
1470 2741 1602 2774 causa,
1624 2727 1692 2766 sed
1713 2740 1785 2780 po-
