<?xml version="1.0" encoding="UTF-8"?>
<!DOCTYPE html PUBLIC "-//W3C//DTD XHTML 1.0 Transitional//EN"
    "http://www.w3.org/TR/xhtml1/DTD/xhtml1-transitional.dtd">
<html xmlns="http://www.w3.org/1999/xhtml" xml:lang="en" lang="en">
 <head>
  <title>
</title>
<meta http-equiv="Content-Type" content="text/html;charset=utf-8" />
  <meta name='ocr-system' content='tesseract 3.04.00' />
  <meta name='ocr-capabilities' content='ocr_page ocr_carea ocr_par ocr_line ocrx_word'/>
</head>
<body>
  <div class='ocr_page' id='page_1' title='image "./pubterentiiafric01tereuoft/pubterentiiafric01tereuoft_0103.png"; bbox 0 0 1945 3296; ppageno 0'>
   <div class='ocr_carea' id='block_1_1' title="bbox 412 221 1561 262">
    <p class='ocr_par' dir='ltr' id='par_1_1' title="bbox 412 221 1561 262">
     <span class='ocr_line' id='line_1_1' title="bbox 412 221 1561 262; baseline -0.002 -4"><span class='ocrx_word' id='word_1_1' title='bbox 412 226 652 258; x_wconf 77' lang='lat' dir='ltr'>DANIELIS</span> <span class='ocrx_word' id='word_1_2' title='bbox 686 224 879 256; x_wconf 79' lang='lat' dir='ltr'>HEINSII</span> <span class='ocrx_word' id='word_1_3' title='bbox 914 225 1260 257; x_wconf 78' lang='lat' dir='ltr'>DISSERTATIO.</span> <span class='ocrx_word' id='word_1_4' title='bbox 1505 221 1561 262; x_wconf 80' lang='grc'>93</span> 
     </span>
    </p>
   </div>
   <div class='ocr_carea' id='block_1_2' title="bbox 100 320 1565 2297">
    <p class='ocr_par' dir='ltr' id='par_1_2' title="bbox 100 320 1565 2297">
     <span class='ocr_line' id='line_1_2' title="bbox 109 320 1563 375; baseline 0.003 -14"><span class='ocrx_word' id='word_1_5' title='bbox 109 323 174 375; x_wconf 86' lang='lat' dir='ltr'>qui</span> <span class='ocrx_word' id='word_1_6' title='bbox 193 335 271 360; x_wconf 90' lang='lat' dir='ltr'>non</span> <span class='ocrx_word' id='word_1_7' title='bbox 290 321 497 372; x_wconf 82' lang='lat' dir='ltr'>intelligat.</span> <span class='ocrx_word' id='word_1_8' title='bbox 554 321 600 358; x_wconf 89' lang='lat' dir='ltr'>In</span> <span class='ocrx_word' id='word_1_9' title='bbox 633 320 827 366; x_wconf 89' lang='lat' dir='ltr'>Terentio,</span> <span class='ocrx_word' id='word_1_10' title='bbox 862 321 925 358; x_wconf 90' lang='lat' dir='ltr'>cui</span> <span class='ocrx_word' id='word_1_11' title='bbox 960 321 1032 360; x_wconf 86' lang='lat' dir='ltr'>soli</span> <span class='ocrx_word' id='word_1_12' title='bbox 1065 322 1199 359; x_wconf 85' lang='lat' dir='ltr'><strong>Artem</strong></span> <span class='ocrx_word' id='word_1_13' title='bbox 1234 322 1397 363; x_wconf 82' lang='lat' dir='ltr'>Flaccus</span> <span class='ocrx_word' id='word_1_14' title='bbox 1430 333 1563 365; x_wconf 85' lang='lat' dir='ltr'>noster</span> 
     </span>
     <span class='ocr_line' id='line_1_3' title="bbox 108 384 1563 438; baseline 0.003 -13"><span class='ocrx_word' id='word_1_15' title='bbox 108 387 334 438; x_wconf 83' lang='lat' dir='ltr'>assignavit,</span> <span class='ocrx_word' id='word_1_16' title='bbox 355 385 449 423; x_wconf 87' lang='lat' dir='ltr'>nihil</span> <span class='ocrx_word' id='word_1_17' title='bbox 468 384 559 423; x_wconf 87' lang='lat' dir='ltr'>tale.</span> <span class='ocrx_word' id='word_1_18' title='bbox 618 384 760 422; x_wconf 84' lang='lat' dir='ltr'>Omnia</span> <span class='ocrx_word' id='word_1_19' title='bbox 780 398 868 423; x_wconf 88' lang='lat' dir='ltr'>cum</span> <span class='ocrx_word' id='word_1_20' title='bbox 896 384 1061 435; x_wconf 84' lang='lat' dir='ltr'>judicio,</span> <span class='ocrx_word' id='word_1_21' title='bbox 1096 399 1184 423; x_wconf 89' lang='lat' dir='ltr'>cum</span> <span class='ocrx_word' id='word_1_22' title='bbox 1214 388 1377 434; x_wconf 88' lang='lat' dir='ltr'>ratione,</span> <span class='ocrx_word' id='word_1_23' title='bbox 1398 389 1563 428; x_wconf 88' lang='lat' dir='ltr'>circum-</span> 
     </span>
     <span class='ocr_line' id='line_1_4' title="bbox 110 447 1562 504; baseline 0.002 -16"><span class='ocrx_word' id='word_1_24' title='bbox 110 458 257 501; x_wconf 85' lang='lat' dir='ltr'>specte,</span> <span class='ocrx_word' id='word_1_25' title='bbox 269 463 316 488; x_wconf 84' lang='lat' dir='ltr'>ex</span> <span class='ocrx_word' id='word_1_26' title='bbox 328 455 474 495; x_wconf 86' lang='lat' dir='ltr'>arte,et</span> <span class='ocrx_word' id='word_1_27' title='bbox 493 460 581 486; x_wconf 86' lang='lat' dir='ltr'>curn</span> <span class='ocrx_word' id='word_1_28' title='bbox 594 461 700 486; x_wconf 85' lang='lat' dir='ltr'>cura.</span> <span class='ocrx_word' id='word_1_29' title='bbox 740 447 843 486; x_wconf 87' lang='lat' dir='ltr'>Nam</span> <span class='ocrx_word' id='word_1_30' title='bbox 854 455 892 486; x_wconf 91' lang='lat' dir='ltr'>et</span> <span class='ocrx_word' id='word_1_31' title='bbox 908 448 1068 486; x_wconf 84' lang='lat' dir='ltr'>Fabulae</span> <span class='ocrx_word' id='word_1_32' title='bbox 1084 449 1277 500; x_wconf 80' lang='lat' dir='ltr'>insignem</span> <span class='ocrx_word' id='word_1_33' title='bbox 1294 452 1372 490; x_wconf 87' lang='lat' dir='ltr'>fere</span> <span class='ocrx_word' id='word_1_34' title='bbox 1390 465 1478 490; x_wconf 89' lang='lat' dir='ltr'>cum</span> <span class='ocrx_word' id='word_1_35' title='bbox 1493 467 1562 504; x_wconf 81' lang='lat' dir='ltr'>ag-</span> 
     </span>
     <span class='ocr_line' id='line_1_5' title="bbox 107 512 1564 565; baseline 0.003 -14"><span class='ocrx_word' id='word_1_36' title='bbox 107 514 254 552; x_wconf 88' lang='lat' dir='ltr'>nitione</span> <span class='ocrx_word' id='word_1_37' title='bbox 274 513 530 552; x_wconf 87' lang='lat' dir='ltr'>mutationem</span> <span class='ocrx_word' id='word_1_38' title='bbox 555 512 728 550; x_wconf 90' lang='lat' dir='ltr'>habent:</span> <span class='ocrx_word' id='word_1_39' title='bbox 751 526 863 563; x_wconf 86' lang='lat' dir='ltr'>quas,</span> <span class='ocrx_word' id='word_1_40' title='bbox 884 513 982 551; x_wconf 88' lang='lat' dir='ltr'>inter</span> <span class='ocrx_word' id='word_1_41' title='bbox 1002 516 1066 551; x_wconf 76' lang='grc' dir='ltr'>τᾶς</span> <span class='ocrx_word' id='word_1_42' title='bbox 1081 516 1132 562; x_wconf 86' lang='grc' dir='ltr'>μὴ</span> <span class='ocrx_word' id='word_1_43' title='bbox 1153 515 1276 552; x_wconf 77' lang='grc' dir='ltr'>ἁπλᾶς</span> <span class='ocrx_word' id='word_1_44' title='bbox 1297 515 1376 554; x_wconf 85' lang='lat' dir='ltr'>sive</span> <span class='ocrx_word' id='word_1_45' title='bbox 1395 520 1564 565; x_wconf 82' lang='grc' dir='ltr'>πεπλεγ-</span> 
     </span>
     <span class='ocr_line' id='line_1_6' title="bbox 104 576 1563 633; baseline 0.003 -18"><span class='ocrx_word' id='word_1_46' title='bbox 104 581 234 628; x_wconf 78' lang='grc' dir='ltr'><em>μένας,</em></span> <span class='ocrx_word' id='word_1_47' title='bbox 255 590 341 616; x_wconf 86' lang='lat' dir='ltr'>esse</span> <span class='ocrx_word' id='word_1_48' title='bbox 360 576 661 628; x_wconf 86' lang='lat' dir='ltr'>perfectissimas</span> <span class='ocrx_word' id='word_1_49' title='bbox 683 590 845 615; x_wconf 90' lang='lat' dir='ltr'>necesse</span> <span class='ocrx_word' id='word_1_50' title='bbox 866 584 940 616; x_wconf 89' lang='lat' dir='ltr'>est.</span> <span class='ocrx_word' id='word_1_51' title='bbox 984 576 1123 620; x_wconf 85' lang='lat' dir='ltr'>Qualis</span> <span class='ocrx_word' id='word_1_52' title='bbox 1140 585 1179 615; x_wconf 88' lang='lat' dir='ltr'>et</span> <span class='ocrx_word' id='word_1_53' title='bbox 1198 579 1237 615; x_wconf 84' lang='lat' dir='ltr'>in</span> <span class='ocrx_word' id='word_1_54' title='bbox 1253 578 1401 630; x_wconf 88' lang='lat' dir='ltr'>reliqua</span> <span class='ocrx_word' id='word_1_55' title='bbox 1421 582 1563 633; x_wconf 88' lang='lat' dir='ltr'>ubique</span> 
     </span>
     <span class='ocr_line' id='line_1_7' title="bbox 107 639 1564 696; baseline 0.003 -17"><span class='ocrx_word' id='word_1_56' title='bbox 107 641 374 692; x_wconf 88' lang='lat' dir='ltr'>Dispositione</span> <span class='ocrx_word' id='word_1_57' title='bbox 394 647 466 678; x_wconf 86' lang='lat' dir='ltr'>est.</span> <span class='ocrx_word' id='word_1_58' title='bbox 525 639 643 685; x_wconf 85' lang='lat' dir='ltr'>Quod</span> <span class='ocrx_word' id='word_1_59' title='bbox 663 640 713 678; x_wconf 89' lang='lat' dir='ltr'>ad</span> <span class='ocrx_word' id='word_1_60' title='bbox 736 640 959 679; x_wconf 89' lang='lat' dir='ltr'>Dictionem</span> <span class='ocrx_word' id='word_1_61' title='bbox 994 646 1137 688; x_wconf 86' lang='lat' dir='ltr'>autem,</span> <span class='ocrx_word' id='word_1_62' title='bbox 1157 642 1241 692; x_wconf 92' lang='lat' dir='ltr'>quis</span> <span class='ocrx_word' id='word_1_63' title='bbox 1264 645 1434 694; x_wconf 79' lang='lat' dir='ltr'>negabit,</span> <span class='ocrx_word' id='word_1_64' title='bbox 1455 659 1564 696; x_wconf 79' lang='lat' dir='ltr'>quae-</span> 
     </span>
     <span class='ocr_line' id='line_1_8' title="bbox 106 704 1562 759; baseline 0.003 -17"><span class='ocrx_word' id='word_1_65' title='bbox 106 704 196 743; x_wconf 88' lang='lat' dir='ltr'>dam</span> <span class='ocrx_word' id='word_1_66' title='bbox 228 718 314 744; x_wconf 86' lang='lat' dir='ltr'>esse</span> <span class='ocrx_word' id='word_1_67' title='bbox 341 705 382 743; x_wconf 91' lang='lat' dir='ltr'>in</span> <span class='ocrx_word' id='word_1_68' title='bbox 403 704 559 751; x_wconf 88' lang='lat' dir='ltr'>Plauto,</span> <span class='ocrx_word' id='word_1_69' title='bbox 591 718 680 755; x_wconf 90' lang='lat' dir='ltr'>quae</span> <span class='ocrx_word' id='word_1_70' title='bbox 714 718 787 743; x_wconf 92' lang='lat' dir='ltr'>nec</span> <span class='ocrx_word' id='word_1_71' title='bbox 810 705 940 743; x_wconf 89' lang='lat' dir='ltr'>locum</span> <span class='ocrx_word' id='word_1_72' title='bbox 960 711 1069 743; x_wconf 84' lang='lat' dir='ltr'>extra</span> <span class='ocrx_word' id='word_1_73' title='bbox 1097 718 1268 754; x_wconf 83' lang='lat' dir='ltr'>scenam,</span> <span class='ocrx_word' id='word_1_74' title='bbox 1302 721 1428 759; x_wconf 92' lang='lat' dir='ltr'>neque</span> <span class='ocrx_word' id='word_1_75' title='bbox 1449 723 1562 748; x_wconf 87' lang='lat' dir='ltr'>usum</span> 
     </span>
     <span class='ocr_line' id='line_1_9' title="bbox 105 768 1563 821; baseline 0.005 -15"><span class='ocrx_word' id='word_1_76' title='bbox 105 769 179 807; x_wconf 89' lang='lat' dir='ltr'>nisi</span> <span class='ocrx_word' id='word_1_77' title='bbox 199 768 299 808; x_wconf 87' lang='lat' dir='ltr'>inter</span> <span class='ocrx_word' id='word_1_78' title='bbox 316 769 525 807; x_wconf 82' lang='lat' dir='ltr'>histriones</span> <span class='ocrx_word' id='word_1_79' title='bbox 546 768 722 807; x_wconf 75' lang='lat' dir='ltr'>habent?</span> <span class='ocrx_word' id='word_1_80' title='bbox 764 769 867 808; x_wconf 87' lang='lat' dir='ltr'>unde</span> <span class='ocrx_word' id='word_1_81' title='bbox 900 770 984 809; x_wconf 94' lang='lat' dir='ltr'>solo</span> <span class='ocrx_word' id='word_1_82' title='bbox 1015 775 1056 807; x_wconf 87' lang='lat' dir='ltr'>et</span> <span class='ocrx_word' id='word_1_83' title='bbox 1089 770 1231 821; x_wconf 83' lang='lat' dir='ltr'>exiguo</span> <span class='ocrx_word' id='word_1_84' title='bbox 1258 771 1399 810; x_wconf 77' lang='lat' dir='ltr'>theatri</span> <span class='ocrx_word' id='word_1_85' title='bbox 1420 775 1563 813; x_wconf 89' lang='lat' dir='ltr'>ambitu</span> 
     </span>
     <span class='ocr_line' id='line_1_10' title="bbox 104 832 1563 887; baseline 0.003 -15"><span class='ocrx_word' id='word_1_86' title='bbox 104 833 485 872; x_wconf 86' lang='lat' dir='ltr'>circumscribuntur.</span> <span class='ocrx_word' id='word_1_87' title='bbox 563 833 665 870; x_wconf 89' lang='lat' dir='ltr'>Nam</span> <span class='ocrx_word' id='word_1_88' title='bbox 707 839 746 871; x_wconf 93' lang='lat' dir='ltr'>et</span> <span class='ocrx_word' id='word_1_89' title='bbox 778 835 1026 882; x_wconf 79' lang='grc' dir='ltr'>ἀγωνιστικὸν</span> <span class='ocrx_word' id='word_1_90' title='bbox 1057 832 1095 872; x_wconf 86' lang='lat' dir='ltr'>in</span> <span class='ocrx_word' id='word_1_91' title='bbox 1134 836 1231 882; x_wconf 83' lang='lat' dir='ltr'>soro,</span> <span class='ocrx_word' id='word_1_92' title='bbox 1270 849 1396 887; x_wconf 91' lang='lat' dir='ltr'>neque</span> <span class='ocrx_word' id='word_1_93' title='bbox 1435 838 1563 877; x_wconf 87' lang='lat' dir='ltr'>minus</span> 
     </span>
     <span class='ocr_line' id='line_1_11' title="bbox 106 897 1564 950; baseline 0.004 -15"><span class='ocrx_word' id='word_1_94' title='bbox 106 897 298 950; x_wconf 81' lang='grc' dir='ltr'>γραφικὸν,</span> <span class='ocrx_word' id='word_1_95' title='bbox 321 897 400 935; x_wconf 89' lang='lat' dir='ltr'>sive</span> <span class='ocrx_word' id='word_1_96' title='bbox 420 897 608 935; x_wconf 87' lang='lat' dir='ltr'>usitatum</span> <span class='ocrx_word' id='word_1_97' title='bbox 626 897 666 935; x_wconf 91' lang='lat' dir='ltr'>in</span> <span class='ocrx_word' id='word_1_98' title='bbox 687 897 892 936; x_wconf 84' lang='lat' dir='ltr'>scribendo</span> <span class='ocrx_word' id='word_1_99' title='bbox 912 899 1192 947; x_wconf 78' lang='lat' dir='ltr'>characterem,</span> <span class='ocrx_word' id='word_1_100' title='bbox 1211 901 1328 949; x_wconf 81' lang='lat' dir='ltr'>longe</span> <span class='ocrx_word' id='word_1_101' title='bbox 1343 901 1539 941; x_wconf 84' lang='lat' dir='ltr'>excedunt</span> <span class='ocrx_word' id='word_1_102' title='bbox 1556 918 1564 941; x_wconf 93' lang='lat'>:</span> 
     </span>
     <span class='ocr_line' id='line_1_12' title="bbox 104 961 1565 1016; baseline 0.005 -17"><span class='ocrx_word' id='word_1_103' title='bbox 104 974 183 1013; x_wconf 90' lang='lat' dir='ltr'>quo</span> <span class='ocrx_word' id='word_1_104' title='bbox 202 962 343 1014; x_wconf 86' lang='lat' dir='ltr'>ubique</span> <span class='ocrx_word' id='word_1_105' title='bbox 377 961 503 1009; x_wconf 90' lang='lat' dir='ltr'>Nova,</span> <span class='ocrx_word' id='word_1_106' title='bbox 536 969 576 1000; x_wconf 90' lang='lat' dir='ltr'>et</span> <span class='ocrx_word' id='word_1_107' title='bbox 601 961 685 1013; x_wconf 88' lang='lat' dir='ltr'>jam</span> <span class='ocrx_word' id='word_1_108' title='bbox 715 962 936 1009; x_wconf 88' lang='lat' dir='ltr'>emendata,</span> <span class='ocrx_word' id='word_1_109' title='bbox 970 964 1131 1016; x_wconf 82' lang='lat' dir='ltr'>respicit</span> <span class='ocrx_word' id='word_1_110' title='bbox 1160 965 1377 1004; x_wconf 79' lang='lat' dir='ltr'>Comoedia.</span> <span class='ocrx_word' id='word_1_111' title='bbox 1435 967 1565 1011; x_wconf 81' lang='lat' dir='ltr'>Quare</span> 
     </span>
     <span class='ocr_line' id='line_1_13' title="bbox 104 1026 1563 1082; baseline 0.004 -19"><span class='ocrx_word' id='word_1_112' title='bbox 104 1026 241 1072; x_wconf 89' lang='lat' dir='ltr'>Varro,</span> <span class='ocrx_word' id='word_1_113' title='bbox 277 1039 367 1064; x_wconf 90' lang='lat' dir='ltr'>cum</span> <span class='ocrx_word' id='word_1_114' title='bbox 406 1027 595 1065; x_wconf 89' lang='lat' dir='ltr'>sermonis</span> <span class='ocrx_word' id='word_1_115' title='bbox 631 1026 789 1065; x_wconf 88' lang='lat' dir='ltr'>laudem</span> <span class='ocrx_word' id='word_1_116' title='bbox 822 1027 878 1065; x_wconf 88' lang='lat' dir='ltr'>illi</span> <span class='ocrx_word' id='word_1_117' title='bbox 898 1028 1044 1076; x_wconf 81' lang='lat' dir='ltr'>tribuit,</span> <span class='ocrx_word' id='word_1_118' title='bbox 1078 1029 1182 1067; x_wconf 89' lang='lat' dir='ltr'>idem</span> <span class='ocrx_word' id='word_1_119' title='bbox 1213 1030 1319 1080; x_wconf 86' lang='lat' dir='ltr'>quod</span> <span class='ocrx_word' id='word_1_120' title='bbox 1349 1031 1493 1082; x_wconf 89' lang='lat' dir='ltr'>ubique</span> <span class='ocrx_word' id='word_1_121' title='bbox 1524 1033 1563 1069; x_wconf 91' lang='lat' dir='ltr'>in</span> 
     </span>
     <span class='ocr_line' id='line_1_14' title="bbox 104 1089 1564 1147; baseline 0.004 -20"><span class='ocrx_word' id='word_1_122' title='bbox 104 1089 274 1141; x_wconf 85' lang='lat' dir='ltr'>scriptis,</span> <span class='ocrx_word' id='word_1_123' title='bbox 303 1091 440 1141; x_wconf 89' lang='lat' dir='ltr'>quanti</span> <span class='ocrx_word' id='word_1_124' title='bbox 468 1091 615 1129; x_wconf 89' lang='lat' dir='ltr'>faceret</span> <span class='ocrx_word' id='word_1_125' title='bbox 645 1091 930 1142; x_wconf 79' lang='lat' dir='ltr'>antiquitatem,</span> <span class='ocrx_word' id='word_1_126' title='bbox 961 1094 1189 1145; x_wconf 87' lang='lat' dir='ltr'>profitetur:</span> <span class='ocrx_word' id='word_1_127' title='bbox 1219 1100 1263 1131; x_wconf 88' lang='lat' dir='ltr'>ut</span> <span class='ocrx_word' id='word_1_128' title='bbox 1288 1095 1354 1145; x_wconf 84' lang='lat' dir='ltr'>qui</span> <span class='ocrx_word' id='word_1_129' title='bbox 1375 1098 1421 1134; x_wconf 63' lang='lat' dir='ltr'>ra*</span> <span class='ocrx_word' id='word_1_130' title='bbox 1446 1099 1564 1147; x_wconf 80' lang='grc' dir='ltr'><em>ἀπηρ-</em></span> 
     </span>
     <span class='ocr_line' id='line_1_15' title="bbox 102 1154 1561 1211; baseline 0.005 -20"><span class='ocrx_word' id='word_1_131' title='bbox 102 1158 313 1206; x_wconf 80' lang='grc' dir='ltr'><em>χαιωμένα,</em></span> <span class='ocrx_word' id='word_1_132' title='bbox 334 1154 480 1205; x_wconf 89' lang='lat' dir='ltr'>quaein</span> <span class='ocrx_word' id='word_1_133' title='bbox 512 1154 654 1193; x_wconf 89' lang='lat' dir='ltr'>Plauto</span> <span class='ocrx_word' id='word_1_134' title='bbox 676 1156 816 1206; x_wconf 86' lang='lat' dir='ltr'>partim</span> <span class='ocrx_word' id='word_1_135' title='bbox 842 1170 969 1195; x_wconf 88' lang='lat' dir='ltr'>aevum</span> <span class='ocrx_word' id='word_1_136' title='bbox 1000 1171 1077 1209; x_wconf 91' lang='lat' dir='ltr'>quo</span> <span class='ocrx_word' id='word_1_137' title='bbox 1107 1158 1193 1196; x_wconf 86' lang='lat' dir='ltr'>haec</span> <span class='ocrx_word' id='word_1_138' title='bbox 1220 1159 1387 1209; x_wconf 80' lang='lat' dir='ltr'>scripsit,</span> <span class='ocrx_word' id='word_1_139' title='bbox 1408 1161 1561 1211; x_wconf 81' lang='lat' dir='ltr'>partim,</span> 
     </span>
     <span class='ocr_line' id='line_1_16' title="bbox 103 1217 1565 1273; baseline 0.005 -19"><span class='ocrx_word' id='word_1_140' title='bbox 103 1230 192 1267; x_wconf 89' lang='lat' dir='ltr'>quae</span> <span class='ocrx_word' id='word_1_141' title='bbox 213 1218 408 1269; x_wconf 87' lang='lat' dir='ltr'>plerisque</span> <span class='ocrx_word' id='word_1_142' title='bbox 428 1217 572 1269; x_wconf 84' lang='lat' dir='ltr'>placet,</span> <span class='ocrx_word' id='word_1_143' title='bbox 592 1218 680 1270; x_wconf 83' lang='lat' dir='ltr'>ipsa</span> <span class='ocrx_word' id='word_1_144' title='bbox 701 1218 829 1258; x_wconf 87' lang='lat' dir='ltr'>desita</span> <span class='ocrx_word' id='word_1_145' title='bbox 855 1229 1019 1259; x_wconf 88' lang='lat' dir='ltr'>excusat</span> <span class='ocrx_word' id='word_1_146' title='bbox 1039 1223 1266 1273; x_wconf 68' lang='lat' dir='ltr'>antiquitate,</span> <span class='ocrx_word' id='word_1_147' title='bbox 1301 1224 1565 1262; x_wconf 87' lang='lat' dir='ltr'>commendat.</span> 
     </span>
     <span class='ocr_line' id='line_1_17' title="bbox 105 1280 1565 1337; baseline 0.005 -20"><span class='ocrx_word' id='word_1_148' title='bbox 105 1280 219 1318; x_wconf 89' lang='lat' dir='ltr'>Unde</span> <span class='ocrx_word' id='word_1_149' title='bbox 235 1287 274 1319; x_wconf 88' lang='lat' dir='ltr'>et</span> <span class='ocrx_word' id='word_1_150' title='bbox 293 1282 377 1333; x_wconf 87' lang='lat' dir='ltr'>ipse</span> <span class='ocrx_word' id='word_1_151' title='bbox 397 1281 464 1332; x_wconf 88' lang='lat' dir='ltr'>qui</span> <span class='ocrx_word' id='word_1_152' title='bbox 484 1283 539 1321; x_wconf 89' lang='lat' dir='ltr'>sic</span> <span class='ocrx_word' id='word_1_153' title='bbox 552 1282 759 1333; x_wconf 88' lang='lat' dir='ltr'>judicavit,</span> <span class='ocrx_word' id='word_1_154' title='bbox 779 1291 823 1322; x_wconf 91' lang='lat' dir='ltr'>ut</span> <span class='ocrx_word' id='word_1_155' title='bbox 842 1283 1001 1323; x_wconf 86' lang='lat' dir='ltr'>nimium</span> <span class='ocrx_word' id='word_1_156' title='bbox 1032 1286 1275 1337; x_wconf 83' lang='lat' dir='ltr'>antiquitatis</span> <span class='ocrx_word' id='word_1_157' title='bbox 1296 1286 1334 1324; x_wconf 90' lang='lat' dir='ltr'>in</span> <span class='ocrx_word' id='word_1_158' title='bbox 1357 1287 1565 1326; x_wconf 88' lang='lat' dir='ltr'>scribendo</span> 
     </span>
     <span class='ocr_line' id='line_1_18' title="bbox 104 1345 1564 1402; baseline 0.005 -20"><span class='ocrx_word' id='word_1_159' title='bbox 104 1345 319 1391; x_wconf 88' lang='lat' dir='ltr'>studiosus,</span> <span class='ocrx_word' id='word_1_160' title='bbox 350 1359 478 1397; x_wconf 84' lang='lat' dir='ltr'>neque</span> <span class='ocrx_word' id='word_1_161' title='bbox 510 1346 605 1385; x_wconf 86' lang='lat' dir='ltr'>satis</span> <span class='ocrx_word' id='word_1_162' title='bbox 626 1348 698 1385; x_wconf 87' lang='lat' dir='ltr'>aevi</span> <span class='ocrx_word' id='word_1_163' title='bbox 728 1348 786 1386; x_wconf 89' lang='lat' dir='ltr'>sui</span> <span class='ocrx_word' id='word_1_164' title='bbox 818 1361 976 1396; x_wconf 87' lang='lat' dir='ltr'>memor,</span> <span class='ocrx_word' id='word_1_165' title='bbox 1001 1349 1125 1387; x_wconf 86' lang='lat' dir='ltr'>Varro</span> <span class='ocrx_word' id='word_1_166' title='bbox 1151 1351 1198 1388; x_wconf 92' lang='lat' dir='ltr'>ab</span> <span class='ocrx_word' id='word_1_167' title='bbox 1219 1351 1388 1402; x_wconf 88' lang='lat' dir='ltr'>antiquis</span> <span class='ocrx_word' id='word_1_168' title='bbox 1410 1351 1564 1390; x_wconf 86' lang='lat' dir='ltr'>Criticis</span> 
     </span>
     <span class='ocr_line' id='line_1_19' title="bbox 103 1409 1564 1466; baseline 0.005 -20"><span class='ocrx_word' id='word_1_169' title='bbox 103 1415 274 1448; x_wconf 83' lang='lat' dir='ltr'>notatur.</span> <span class='ocrx_word' id='word_1_170' title='bbox 333 1409 410 1453; x_wconf 85' lang='lat' dir='ltr'>Qui</span> <span class='ocrx_word' id='word_1_171' title='bbox 445 1424 532 1449; x_wconf 90' lang='lat' dir='ltr'>cum</span> <span class='ocrx_word' id='word_1_172' title='bbox 555 1411 726 1450; x_wconf 85' lang='lat' dir='ltr'>sentiant</span> <span class='ocrx_word' id='word_1_173' title='bbox 747 1412 816 1459; x_wconf 87' lang='lat' dir='ltr'>sic,</span> <span class='ocrx_word' id='word_1_174' title='bbox 846 1413 1121 1465; x_wconf 87' lang='lat' dir='ltr'>judicentque,</span> <span class='ocrx_word' id='word_1_175' title='bbox 1151 1415 1278 1461; x_wconf 85' lang='lat' dir='ltr'>nobis,</span> <span class='ocrx_word' id='word_1_176' title='bbox 1308 1415 1373 1466; x_wconf 85' lang='lat' dir='ltr'>qui</span> <span class='ocrx_word' id='word_1_177' title='bbox 1408 1416 1456 1454; x_wconf 91' lang='lat' dir='ltr'>ab</span> <span class='ocrx_word' id='word_1_178' title='bbox 1487 1416 1564 1455; x_wconf 90' lang='lat' dir='ltr'>illis</span> 
     </span>
     <span class='ocr_line' id='line_1_20' title="bbox 101 1473 1565 1527; baseline 0.005 -17"><span class='ocrx_word' id='word_1_179' title='bbox 101 1473 239 1511; x_wconf 87' lang='lat' dir='ltr'>merito</span> <span class='ocrx_word' id='word_1_180' title='bbox 275 1474 508 1525; x_wconf 81' lang='lat' dir='ltr'>pendemuS‚</span> <span class='ocrx_word' id='word_1_181' title='bbox 541 1475 721 1527; x_wconf 87' lang='lat' dir='ltr'>equidem</span> <span class='ocrx_word' id='word_1_182' title='bbox 754 1477 966 1516; x_wconf 88' lang='lat' dir='ltr'>tacendum</span> <span class='ocrx_word' id='word_1_183' title='bbox 997 1491 1095 1517; x_wconf 90' lang='lat' dir='ltr'>reor.</span> <span class='ocrx_word' id='word_1_184' title='bbox 1163 1479 1311 1518; x_wconf 87' lang='lat' dir='ltr'>Auctor</span> <span class='ocrx_word' id='word_1_185' title='bbox 1343 1479 1392 1519; x_wconf 92' lang='lat' dir='ltr'>de</span> <span class='ocrx_word' id='word_1_186' title='bbox 1424 1480 1565 1520; x_wconf 76' lang='lat' dir='ltr'>causis</span> 
     </span>
     <span class='ocr_line' id='line_1_21' title="bbox 103 1536 1565 1594; baseline 0.006 -20"><span class='ocrx_word' id='word_1_187' title='bbox 103 1536 348 1589; x_wconf 83' lang='lat' dir='ltr'>Eloquentiae</span> <span class='ocrx_word' id='word_1_188' title='bbox 381 1539 612 1592; x_wconf 80' lang='lat' dir='ltr'>Corruptae:</span> <span class='ocrx_word' id='word_1_189' title='bbox 659 1541 892 1580; x_wconf 87' lang='lat' dir='ltr'>‘Neminem</span> <span class='ocrx_word' id='word_1_190' title='bbox 926 1542 1161 1587; x_wconf 81' lang='lat' dir='ltr'>nominab03</span> <span class='ocrx_word' id='word_1_191' title='bbox 1207 1557 1331 1594; x_wconf 81' lang='lat' dir='ltr'>genus</span> <span class='ocrx_word' id='word_1_192' title='bbox 1361 1544 1565 1583; x_wconf 90' lang='lat' dir='ltr'>hominum</span> 
     </span>
     <span class='ocr_line' id='line_1_22' title="bbox 102 1601 1565 1659; baseline 0.005 -21"><span class='ocrx_word' id='word_1_193' title='bbox 102 1601 281 1652; x_wconf 84' lang='lat' dir='ltr'>signasse</span> <span class='ocrx_word' id='word_1_194' title='bbox 301 1609 533 1642; x_wconf 88' lang='lat' dir='ltr'>contentus:</span> <span class='ocrx_word' id='word_1_195' title='bbox 564 1603 634 1642; x_wconf 91' lang='lat' dir='ltr'>sed</span> <span class='ocrx_word' id='word_1_196' title='bbox 663 1604 772 1643; x_wconf 88' lang='lat' dir='ltr'>vobis</span> <span class='ocrx_word' id='word_1_197' title='bbox 805 1605 940 1656; x_wconf 88' lang='lat' dir='ltr'>utique</span> <span class='ocrx_word' id='word_1_198' title='bbox 962 1613 1165 1645; x_wconf 85' lang='lat' dir='ltr'>versantur</span> <span class='ocrx_word' id='word_1_199' title='bbox 1196 1614 1286 1645; x_wconf 90' lang='lat' dir='ltr'>ante</span> <span class='ocrx_word' id='word_1_200' title='bbox 1317 1608 1467 1655; x_wconf 88' lang='lat' dir='ltr'>oculos,</span> <span class='ocrx_word' id='word_1_201' title='bbox 1497 1610 1565 1659; x_wconf 83' lang='lat' dir='ltr'>qui</span> 
     </span>
     <span class='ocr_line' id='line_1_23' title="bbox 103 1664 1564 1722; baseline 0.005 -20"><span class='ocrx_word' id='word_1_202' title='bbox 103 1665 291 1704; x_wconf 88' lang='lat' dir='ltr'>Lucilium</span> <span class='ocrx_word' id='word_1_203' title='bbox 311 1664 380 1718; x_wconf 81' lang='lat' dir='ltr'>pro</span> <span class='ocrx_word' id='word_1_204' title='bbox 416 1667 595 1715; x_wconf 85' lang='lat' dir='ltr'>Horatio,</span> <span class='ocrx_word' id='word_1_205' title='bbox 628 1674 668 1706; x_wconf 87' lang='lat' dir='ltr'>et</span> <span class='ocrx_word' id='word_1_206' title='bbox 701 1668 921 1707; x_wconf 90' lang='lat' dir='ltr'>Lucretium</span> <span class='ocrx_word' id='word_1_207' title='bbox 954 1682 1024 1720; x_wconf 90' lang='lat' dir='ltr'>pro</span> <span class='ocrx_word' id='word_1_208' title='bbox 1050 1670 1214 1720; x_wconf 84' lang='lat' dir='ltr'>Virgilio</span> <span class='ocrx_word' id='word_1_209' title='bbox 1233 1670 1392 1721; x_wconf 85' lang='lat' dir='ltr'>legunt:</span> <span class='ocrx_word' id='word_1_210' title='bbox 1423 1672 1564 1722; x_wconf 87' lang='lat' dir='ltr'>quibus</span> 
     </span>
     <span class='ocr_line' id='line_1_24' title="bbox 101 1729 1564 1787; baseline 0.003 -18"><span class='ocrx_word' id='word_1_211' title='bbox 101 1729 325 1780; x_wconf 88' lang='lat' dir='ltr'>eloquentia</span> <span class='ocrx_word' id='word_1_212' title='bbox 345 1731 400 1769; x_wconf 88' lang='lat' dir='ltr'>tui</span> <span class='ocrx_word' id='word_1_213' title='bbox 427 1731 573 1770; x_wconf 86' lang='lat' dir='ltr'>Aufidii</span> <span class='ocrx_word' id='word_1_214' title='bbox 605 1732 719 1771; x_wconf 89' lang='lat' dir='ltr'>Bassi</span> <span class='ocrx_word' id='word_1_215' title='bbox 751 1740 818 1771; x_wconf 90' lang='lat' dir='ltr'>aut</span> <span class='ocrx_word' id='word_1_216' title='bbox 839 1734 989 1772; x_wconf 88' lang='lat' dir='ltr'>Servilii</span> <span class='ocrx_word' id='word_1_217' title='bbox 1010 1735 1177 1772; x_wconf 87' lang='lat' dir='ltr'>Noviani</span> <span class='ocrx_word' id='word_1_218' title='bbox 1204 1748 1252 1773; x_wconf 87' lang='lat' dir='ltr'>ex</span> <span class='ocrx_word' id='word_1_219' title='bbox 1272 1736 1564 1787; x_wconf 87' lang='lat' dir='ltr'>comparatione</span> 
     </span>
     <span class='ocr_line' id='line_1_25' title="bbox 103 1793 1563 1851; baseline 0.005 -20"><span class='ocrx_word' id='word_1_220' title='bbox 103 1793 280 1832; x_wconf 83' lang='lat' dir='ltr'>Sisennae</span> <span class='ocrx_word' id='word_1_221' title='bbox 309 1801 375 1833; x_wconf 90' lang='lat' dir='ltr'>aut</span> <span class='ocrx_word' id='word_1_222' title='bbox 395 1795 582 1833; x_wconf 85' lang='lat' dir='ltr'>Varronis</span> <span class='ocrx_word' id='word_1_223' title='bbox 616 1796 776 1835; x_wconf 89' lang='lat' dir='ltr'>sordet.&#39;</span> <span class='ocrx_word' id='word_1_224' title='bbox 833 1797 951 1841; x_wconf 86' lang='lat' dir='ltr'>Quod</span> <span class='ocrx_word' id='word_1_225' title='bbox 984 1811 1031 1836; x_wconf 85' lang='lat' dir='ltr'>ex</span> <span class='ocrx_word' id='word_1_226' title='bbox 1061 1799 1221 1837; x_wconf 89' lang='lat' dir='ltr'>vocibus</span> <span class='ocrx_word' id='word_1_227' title='bbox 1242 1799 1411 1850; x_wconf 85' lang='lat' dir='ltr'>antiquis</span> <span class='ocrx_word' id='word_1_228' title='bbox 1441 1807 1563 1851; x_wconf 85' lang='lat' dir='ltr'>patet,</span> 
     </span>
     <span class='ocr_line' id='line_1_26' title="bbox 101 1859 1563 1914; baseline 0.003 -18"><span class='ocrx_word' id='word_1_229' title='bbox 101 1870 200 1908; x_wconf 87' lang='lat' dir='ltr'>quas</span> <span class='ocrx_word' id='word_1_230' title='bbox 221 1872 268 1897; x_wconf 86' lang='lat' dir='ltr'>ex</span> <span class='ocrx_word' id='word_1_231' title='bbox 284 1859 390 1898; x_wconf 90' lang='lat' dir='ltr'>libris</span> <span class='ocrx_word' id='word_1_232' title='bbox 411 1860 494 1910; x_wconf 86' lang='lat' dir='ltr'>ejus</span> <span class='ocrx_word' id='word_1_233' title='bbox 517 1860 652 1899; x_wconf 89' lang='lat' dir='ltr'>Critici</span> <span class='ocrx_word' id='word_1_234' title='bbox 672 1861 865 1912; x_wconf 85' lang='lat' dir='ltr'>legerunt,</span> <span class='ocrx_word' id='word_1_235' title='bbox 886 1876 974 1900; x_wconf 89' lang='lat' dir='ltr'>cum</span> <span class='ocrx_word' id='word_1_236' title='bbox 1004 1876 1081 1900; x_wconf 92' lang='lat' dir='ltr'>non</span> <span class='ocrx_word' id='word_1_237' title='bbox 1103 1875 1230 1913; x_wconf 85' lang='lat' dir='ltr'>pauca</span> <span class='ocrx_word' id='word_1_238' title='bbox 1249 1863 1324 1901; x_wconf 87' lang='lat' dir='ltr'>alia</span> <span class='ocrx_word' id='word_1_239' title='bbox 1343 1876 1390 1900; x_wconf 87' lang='lat' dir='ltr'>ex</span> <span class='ocrx_word' id='word_1_240' title='bbox 1411 1864 1563 1914; x_wconf 81' lang='lat' dir='ltr'>scriptis</span> 
     </span>
     <span class='ocr_line' id='line_1_27' title="bbox 101 1922 1562 1978; baseline 0.003 -18"><span class='ocrx_word' id='word_1_241' title='bbox 101 1922 185 1973; x_wconf 88' lang='lat' dir='ltr'>ejus</span> <span class='ocrx_word' id='word_1_242' title='bbox 204 1923 283 1974; x_wconf 87' lang='lat' dir='ltr'>peti</span> <span class='ocrx_word' id='word_1_243' title='bbox 303 1924 469 1976; x_wconf 82' lang='lat' dir='ltr'>possint.</span> <span class='ocrx_word' id='word_1_244' title='bbox 528 1925 700 1976; x_wconf 88' lang='lat' dir='ltr'>Ideoque</span> <span class='ocrx_word' id='word_1_245' title='bbox 720 1927 873 1973; x_wconf 89' lang='lat' dir='ltr'>Cicero,</span> <span class='ocrx_word' id='word_1_246' title='bbox 907 1927 974 1978; x_wconf 91' lang='lat' dir='ltr'>qui</span> <span class='ocrx_word' id='word_1_247' title='bbox 996 1926 1043 1965; x_wconf 92' lang='lat' dir='ltr'>de</span> <span class='ocrx_word' id='word_1_248' title='bbox 1065 1927 1192 1965; x_wconf 83' lang='lat' dir='ltr'>aetatis</span> <span class='ocrx_word' id='word_1_249' title='bbox 1225 1940 1306 1965; x_wconf 88' lang='lat' dir='ltr'>suae</span> <span class='ocrx_word' id='word_1_250' title='bbox 1327 1934 1366 1965; x_wconf 88' lang='lat' dir='ltr'>et</span> <span class='ocrx_word' id='word_1_251' title='bbox 1385 1940 1562 1966; x_wconf 88' lang='lat' dir='ltr'>sermone</span> 
     </span>
     <span class='ocr_line' id='line_1_28' title="bbox 100 1990 1561 2042; baseline 0.003 -16"><span class='ocrx_word' id='word_1_252' title='bbox 100 1995 141 2026; x_wconf 88' lang='lat' dir='ltr'>et</span> <span class='ocrx_word' id='word_1_253' title='bbox 165 1995 370 2028; x_wconf 87' lang='lat' dir='ltr'>venustate</span> <span class='ocrx_word' id='word_1_254' title='bbox 397 1990 565 2027; x_wconf 85' lang='lat' dir='ltr'>maxima</span> <span class='ocrx_word' id='word_1_255' title='bbox 585 2003 674 2028; x_wconf 90' lang='lat' dir='ltr'>cum</span> <span class='ocrx_word' id='word_1_256' title='bbox 708 2004 801 2029; x_wconf 86' lang='lat' dir='ltr'>cura</span> <span class='ocrx_word' id='word_1_257' title='bbox 825 1991 1043 2042; x_wconf 86' lang='lat' dir='ltr'>judicabat,</span> <span class='ocrx_word' id='word_1_258' title='bbox 1074 1991 1231 2030; x_wconf 86' lang='lat' dir='ltr'>laudem</span> <span class='ocrx_word' id='word_1_259' title='bbox 1249 1991 1352 2030; x_wconf 89' lang='lat' dir='ltr'>hanc</span> <span class='ocrx_word' id='word_1_260' title='bbox 1380 1993 1561 2032; x_wconf 83' lang='lat' dir='ltr'>Terentio</span> 
     </span>
     <span class='ocr_line' id='line_1_29' title="bbox 100 2052 1561 2104; baseline 0.003 -14"><span class='ocrx_word' id='word_1_261' title='bbox 100 2052 266 2090; x_wconf 84' lang='lat' dir='ltr'>cessisse</span> <span class='ocrx_word' id='word_1_262' title='bbox 285 2053 423 2091; x_wconf 86' lang='lat' dir='ltr'>merito</span> <span class='ocrx_word' id='word_1_263' title='bbox 442 2054 683 2104; x_wconf 88' lang='lat' dir='ltr'>pronuntiat.</span> <span class='ocrx_word' id='word_1_264' title='bbox 742 2055 806 2092; x_wconf 88' lang='lat' dir='ltr'>Sic</span> <span class='ocrx_word' id='word_1_265' title='bbox 827 2055 929 2092; x_wconf 89' lang='lat' dir='ltr'>enim</span> <span class='ocrx_word' id='word_1_266' title='bbox 951 2055 1001 2092; x_wconf 85' lang='lat' dir='ltr'>ad</span> <span class='ocrx_word' id='word_1_267' title='bbox 1018 2055 1214 2093; x_wconf 88' lang='lat' dir='ltr'>Atticum:</span> <span class='ocrx_word' id='word_1_268' title='bbox 1248 2060 1258 2077; x_wconf 92' lang='lat'>‘</span> <span class='ocrx_word' id='word_1_269' title='bbox 1274 2056 1440 2094; x_wconf 84' lang='lat' dir='ltr'>Secutus</span> <span class='ocrx_word' id='word_1_270' title='bbox 1462 2069 1561 2103; x_wconf 87' lang='lat' dir='ltr'>sum,</span> 
     </span>
     <span class='ocr_line' id='line_1_30' title="bbox 101 2117 1560 2169; baseline 0.003 -16"><span class='ocrx_word' id='word_1_271' title='bbox 101 2128 180 2154; x_wconf 89' lang='lat' dir='ltr'>non</span> <span class='ocrx_word' id='word_1_272' title='bbox 198 2117 286 2155; x_wconf 86' lang='lat' dir='ltr'>dico</span> <span class='ocrx_word' id='word_1_273' title='bbox 307 2117 536 2162; x_wconf 81' lang='lat' dir='ltr'>Caecilium3</span> <span class='ocrx_word' id='word_1_274' title='bbox 570 2122 579 2139; x_wconf 89' lang='lat'>‘</span> <span class='ocrx_word' id='word_1_275' title='bbox 595 2118 715 2155; x_wconf 87' lang='lat' dir='ltr'>Mane</span> <span class='ocrx_word' id='word_1_276' title='bbox 732 2125 777 2156; x_wconf 91' lang='lat' dir='ltr'>ut</span> <span class='ocrx_word' id='word_1_277' title='bbox 797 2131 845 2156; x_wconf 82' lang='lat' dir='ltr'>ex</span> <span class='ocrx_word' id='word_1_278' title='bbox 861 2124 974 2169; x_wconf 87' lang='lat' dir='ltr'>portu</span> <span class='ocrx_word' id='word_1_279' title='bbox 989 2118 1027 2155; x_wconf 89' lang='lat' dir='ltr'>in</span> <span class='ocrx_word' id='word_1_280' title='bbox 1045 2119 1235 2157; x_wconf 87' lang='lat' dir='ltr'>Piraeeum</span> <span class='ocrx_word' id='word_1_281' title='bbox 1251 2133 1260 2157; x_wconf 71' lang='grc' dir='ltr'>ε</span> <span class='ocrx_word' id='word_1_282' title='bbox 1276 2119 1285 2134; x_wconf 89' lang='grc'><strong><em>’</em></strong></span> <span class='ocrx_word' id='word_1_283' title='bbox 1313 2120 1439 2157; x_wconf 80' lang='lat' dir='ltr'>malus</span> <span class='ocrx_word' id='word_1_284' title='bbox 1456 2121 1560 2158; x_wconf 84' lang='lat' dir='ltr'>enim</span> 
     </span>
     <span class='ocr_line' id='line_1_31' title="bbox 101 2180 1560 2236; baseline 0.004 -19"><span class='ocrx_word' id='word_1_285' title='bbox 101 2180 318 2220; x_wconf 87' lang='lat' dir='ltr'>Latinitatis</span> <span class='ocrx_word' id='word_1_286' title='bbox 339 2188 473 2221; x_wconf 89' lang='lat' dir='ltr'>auctor</span> <span class='ocrx_word' id='word_1_287' title='bbox 493 2189 576 2220; x_wconf 89' lang='lat' dir='ltr'>est:</span> <span class='ocrx_word' id='word_1_288' title='bbox 609 2182 679 2220; x_wconf 88' lang='lat' dir='ltr'>sed</span> <span class='ocrx_word' id='word_1_289' title='bbox 700 2182 938 2228; x_wconf 86' lang='lat' dir='ltr'>Terentium,</span> <span class='ocrx_word' id='word_1_290' title='bbox 965 2182 1076 2233; x_wconf 87' lang='lat' dir='ltr'>cujus</span> <span class='ocrx_word' id='word_1_291' title='bbox 1098 2183 1284 2231; x_wconf 68' lang='lat' dir='ltr'>Fabelhae,</span> <span class='ocrx_word' id='word_1_292' title='bbox 1305 2191 1460 2236; x_wconf 88' lang='lat' dir='ltr'>propter</span> <span class='ocrx_word' id='word_1_293' title='bbox 1480 2185 1560 2223; x_wconf 86' lang='lat' dir='ltr'>ele·</span> 
     </span>
     <span class='ocr_line' id='line_1_32' title="bbox 101 2245 1088 2297; baseline 0.001 -15"><span class='ocrx_word' id='word_1_294' title='bbox 101 2245 273 2294; x_wconf 87' lang='lat' dir='ltr'>gantiam</span> <span class='ocrx_word' id='word_1_295' title='bbox 291 2245 496 2293; x_wconf 88' lang='lat' dir='ltr'>sermonis,</span> <span class='ocrx_word' id='word_1_296' title='bbox 513 2246 752 2297; x_wconf 87' lang='lat' dir='ltr'>putabantur</span> <span class='ocrx_word' id='word_1_297' title='bbox 772 2258 795 2284; x_wconf 89' lang='lat' dir='ltr'>a</span> <span class='ocrx_word' id='word_1_298' title='bbox 815 2246 933 2284; x_wconf 87' lang='lat' dir='ltr'>Laelio</span> <span class='ocrx_word' id='word_1_299' title='bbox 949 2246 1088 2284; x_wconf 89' lang='lat' dir='ltr'>scribi:</span> 
     </span>
    </p>
   </div>
   <div class='ocr_carea' id='block_1_3' title="bbox 210 2342 1243 2394">
    <p class='ocr_par' dir='ltr' id='par_1_3' title="bbox 210 2342 1243 2394">
     <span class='ocr_line' id='line_1_33' title="bbox 210 2342 1243 2394; baseline 0 -15"><span class='ocrx_word' id='word_1_300' title='bbox 210 2342 303 2380; x_wconf 89' lang='lat' dir='ltr'>Heri</span> <span class='ocrx_word' id='word_1_301' title='bbox 323 2342 472 2394; x_wconf 87' lang='lat' dir='ltr'>aliquot</span> <span class='ocrx_word' id='word_1_302' title='bbox 490 2342 775 2381; x_wconf 86' lang='lat' dir='ltr'>adolescentuli</span> <span class='ocrx_word' id='word_1_303' title='bbox 795 2343 941 2381; x_wconf 90' lang='lat' dir='ltr'>coimus</span> <span class='ocrx_word' id='word_1_304' title='bbox 963 2343 1001 2380; x_wconf 91' lang='lat' dir='ltr'>in</span> <span class='ocrx_word' id='word_1_305' title='bbox 1024 2342 1243 2380; x_wconf 64' lang='lat' dir='ltr'>Piraeeum!</span> 
     </span>
    </p>
   </div>
   <div class='ocr_carea' id='block_1_4' title="bbox 100 2437 1560 2682">
    <p class='ocr_par' dir='ltr' id='par_1_4' title="bbox 100 2437 1560 2682">
     <span class='ocr_line' id='line_1_34' title="bbox 102 2437 1560 2490; baseline 0 -13"><span class='ocrx_word' id='word_1_306' title='bbox 102 2439 152 2477; x_wconf 91' lang='lat' dir='ltr'>Et</span> <span class='ocrx_word' id='word_1_307' title='bbox 171 2439 327 2477; x_wconf 87' lang='lat' dir='ltr'>Servius</span> <span class='ocrx_word' id='word_1_308' title='bbox 354 2439 587 2490; x_wconf 88' lang='lat' dir='ltr'>proprietate</span> <span class='ocrx_word' id='word_1_309' title='bbox 620 2438 758 2477; x_wconf 89' lang='lat' dir='ltr'>ceteris</span> <span class='ocrx_word' id='word_1_310' title='bbox 789 2439 1041 2490; x_wconf 86' lang='lat' dir='ltr'>praepositum</span> <span class='ocrx_word' id='word_1_311' title='bbox 1076 2438 1181 2475; x_wconf 84' lang='lat' dir='ltr'>huno</span> <span class='ocrx_word' id='word_1_312' title='bbox 1202 2443 1326 2475; x_wconf 85' lang='lat' dir='ltr'>notat.</span> <span class='ocrx_word' id='word_1_313' title='bbox 1384 2437 1491 2475; x_wconf 92' lang='lat' dir='ltr'>Idem</span> <span class='ocrx_word' id='word_1_314' title='bbox 1513 2438 1560 2478; x_wconf 86' lang='lat' dir='ltr'>de</span> 
     </span>
     <span class='ocr_line' id='line_1_35' title="bbox 102 2501 1560 2554; baseline -0.001 -13"><span class='ocrx_word' id='word_1_315' title='bbox 102 2503 318 2549; x_wconf 89' lang='lat' dir='ltr'>sententiis,</span> <span class='ocrx_word' id='word_1_316' title='bbox 352 2515 451 2553; x_wconf 88' lang='lat' dir='ltr'>quas</span> <span class='ocrx_word' id='word_1_317' title='bbox 486 2502 653 2541; x_wconf 78' lang='grc' dir='ltr'>διανοίας</span> <span class='ocrx_word' id='word_1_318' title='bbox 682 2509 838 2550; x_wconf 87' lang='lat' dir='ltr'>vocant,</span> <span class='ocrx_word' id='word_1_319' title='bbox 870 2502 1038 2554; x_wconf 87' lang='lat' dir='ltr'>judicari</span> <span class='ocrx_word' id='word_1_320' title='bbox 1068 2508 1214 2553; x_wconf 85' lang='lat' dir='ltr'>potest.</span> <span class='ocrx_word' id='word_1_321' title='bbox 1272 2501 1419 2540; x_wconf 88' lang='lat' dir='ltr'>Omnes</span> <span class='ocrx_word' id='word_1_322' title='bbox 1458 2502 1560 2541; x_wconf 87' lang='lat' dir='ltr'>enim</span> 
     </span>
     <span class='ocr_line' id='line_1_36' title="bbox 100 2564 1557 2618; baseline -0.001 -14"><span class='ocrx_word' id='word_1_323' title='bbox 100 2567 178 2605; x_wconf 90' lang='lat' dir='ltr'>fere</span> <span class='ocrx_word' id='word_1_324' title='bbox 199 2567 330 2605; x_wconf 87' lang='lat' dir='ltr'>Plauti</span> <span class='ocrx_word' id='word_1_325' title='bbox 349 2573 389 2605; x_wconf 88' lang='lat' dir='ltr'>et</span> <span class='ocrx_word' id='word_1_326' title='bbox 419 2569 611 2618; x_wconf 82' lang='grc' dir='ltr'>θυμελικαὶ</span> <span class='ocrx_word' id='word_1_327' title='bbox 645 2574 749 2613; x_wconf 89' lang='lat' dir='ltr'>sunt,</span> <span class='ocrx_word' id='word_1_328' title='bbox 785 2572 824 2604; x_wconf 86' lang='lat' dir='ltr'>et</span> <span class='ocrx_word' id='word_1_329' title='bbox 857 2567 905 2604; x_wconf 88' lang='lat' dir='ltr'>ab</span> <span class='ocrx_word' id='word_1_330' title='bbox 940 2579 1015 2604; x_wconf 85' lang='lat' dir='ltr'>usu</span> <span class='ocrx_word' id='word_1_331' title='bbox 1051 2566 1204 2612; x_wconf 88' lang='lat' dir='ltr'>alienae,</span> <span class='ocrx_word' id='word_1_332' title='bbox 1239 2564 1377 2616; x_wconf 88' lang='lat' dir='ltr'>quales</span> <span class='ocrx_word' id='word_1_333' title='bbox 1411 2567 1557 2616; x_wconf 85' lang='lat' dir='ltr'>passim</span> 
     </span>
     <span class='ocr_line' id='line_1_37' title="bbox 100 2629 1501 2682; baseline -0.001 -13"><span class='ocrx_word' id='word_1_334' title='bbox 100 2631 230 2670; x_wconf 85' lang='lat' dir='ltr'>habet.</span> <span class='ocrx_word' id='word_1_335' title='bbox 288 2631 468 2682; x_wconf 87' lang='lat' dir='ltr'>Inprimis</span> <span class='ocrx_word' id='word_1_336' title='bbox 489 2643 576 2669; x_wconf 88' lang='lat' dir='ltr'>cum</span> <span class='ocrx_word' id='word_1_337' title='bbox 610 2629 906 2682; x_wconf 78' lang='lat' dir='ltr'>philosophatur</span> <span class='ocrx_word' id='word_1_338' title='bbox 926 2632 985 2668; x_wconf 77' lang='grc' dir='ltr'>καὶ</span> <span class='ocrx_word' id='word_1_339' title='bbox 1008 2635 1255 2681; x_wconf 77' lang='grc' dir='ltr'>γνωμοτυποῖ.</span> <span class='ocrx_word' id='word_1_340' title='bbox 1313 2629 1367 2667; x_wconf 88' lang='lat' dir='ltr'>Ut</span> <span class='ocrx_word' id='word_1_341' title='bbox 1386 2642 1501 2668; x_wconf 84' lang='lat' dir='ltr'>ecce:</span> 
     </span>
    </p>
   </div>
   <div class='ocr_carea' id='block_1_5' title="bbox 205 2729 1433 2783">
    <p class='ocr_par' dir='ltr' id='par_1_5' title="bbox 205 2729 1433 2783">
     <span class='ocr_line' id='line_1_38' title="bbox 205 2729 1433 2783; baseline -0.003 -12"><span class='ocrx_word' id='word_1_342' title='bbox 205 2735 390 2772; x_wconf 85' lang='lat' dir='ltr'>Insanum</span> <span class='ocrx_word' id='word_1_343' title='bbox 412 2740 473 2771; x_wconf 88' lang='lat' dir='ltr'>est</span> <span class='ocrx_word' id='word_1_344' title='bbox 491 2732 649 2780; x_wconf 88' lang='lat' dir='ltr'>malum,</span> <span class='ocrx_word' id='word_1_345' title='bbox 669 2732 708 2769; x_wconf 89' lang='lat' dir='ltr'>in</span> <span class='ocrx_word' id='word_1_346' title='bbox 729 2732 939 2783; x_wconf 86' lang='lat' dir='ltr'>hospitium</span> <span class='ocrx_word' id='word_1_347' title='bbox 960 2731 1097 2770; x_wconf 90' lang='lat' dir='ltr'>divorti</span> <span class='ocrx_word' id='word_1_348' title='bbox 1115 2730 1163 2768; x_wconf 87' lang='lat' dir='ltr'>ad</span> <span class='ocrx_word' id='word_1_349' title='bbox 1187 2729 1433 2781; x_wconf 86' lang='lat' dir='ltr'>Cupidinem.</span> 
     </span>
    </p>
   </div>
  </div>
 </body>
</html>
