1903 3306
491 236 696 268 ANDRIAE
730 236 840 266 ACT.
873 236 938 265 lv.
971 236 1038 266 SC.
1072 237 1123 266 11.
1450 228 1537 270 353

84 333 180 375 DA.
200 331 315 385 Age3
337 331 375 373 si
395 330 467 372 hic
487 344 574 372 non
596 331 758 371 insanit
778 330 885 371 satis
907 342 990 371 sua
1011 333 1187 383 sponte,
1207 330 1379 383 instiga.
1434 331 1536 372 ΜΥ.

255 399 407 451 Atque
429 398 602 451 aedepol

83 465 154 529 Eg.
171 478 240 507 res
259 469 350 517 est3
381 469 703 519 proptereaque
720 476 836 504 nunc
854 464 1018 504 misera
1038 463 1082 504 in
1102 476 1287 504 moerore
1308 468 1388 505 est.
1449 465 1537 505 ΡΑ.

257 532 423 585 Mysis,
1484 532 1539 571 10

83 587 170 629 Per
190 601 344 630 omnes
367 588 447 629 tibi
467 587 619 641 adjuro
642 587 779 638 Deos,
799 598 1019 640 nunquam
1039 598 1136 627 eam
1158 598 1227 627 me
1243 585 1538 627 deserturum:

85 654 132 696 N
136 667 209 705 on,
243 655 283 696 si
316 655 561 708 capiundos
592 653 699 695 mihi
735 654 873 695 sciam
905 666 1002 694 esse
1032 653 1239 695 inimicos
1272 655 1440 696 omneis
1461 655 1540 695 ho-

253 722 406 763 mines.
1067 712 1086 717 “
1100 716 1116 721 ”

84 787 219 829 Hanc
238 789 345 829 mihi
366 789 583 841 expetivi,
607 788 818 841 contigit:
839 788 1105 829 conveniunt
1124 801 1284 830 mores.
1326 788 1540 838 Valeant,

85 853 177 904 Qui
196 855 308 896 inter
325 868 404 897 nos
422 855 656 918 discidium
676 856 843 897 volunt.
896 854 1041 904 Hanc,
1059 855 1144 895 nisi
1166 868 1302 906 mors,
1322 856 1428 896 mihi
1449 856 1542 896 adi-

255 925 344 962 met
368 935 512 962 nemo.

85 987 177 1030 CH.
207 987 457 1049 RssffifflSCP·
517 988 605 1031 PA.
638 989 744 1031 Non
763 988 993 1048 Apofflnis
1024 989 1168 1042 magis
1200 1002 1366 1039 verum,
1405 994 1541 1043 atque

257 1055 345 1113 lige
366 1068 623 1110 responsum
644 1061 726 1097 est.
1487 1057 1543 1098 15

84 1122 133 1164 Si
154 1123 315 1185 poterit
334 1122 443 1173 fieri,
474 1127 597 1187 ugnf
618 1129 746 1187 prater
766 1137 846 1178 per
866 1137 936 1165 me
960 1125 1141 1165 stetisse
1163 1123 1326 1174 credat,

84 1188 351 1243 QQminus
370 1190 438 1231 hae
460 1189 612 1231 fierent
633 1188 817 1245 nuptiae,
839 1191 969 1232 volo:
1003 1191 1097 1240 sed,
1130 1191 1168 1231 si
1189 1191 1235 1231 id
1255 1204 1343 1231 non
1364 1193 1540 1245 poterit,

84 1256 140 1300 Id
159 1256 337 1307 faciam,
357 1257 404 1298 in
423 1258 610 1310 proclivi
632 1259 754 1312 quod
776 1252 955 1313 est‚'per
975 1272 1044 1299 me
1066 1258 1260 1306 stetisse,
1280 1261 1331 1299 ut
1351 1258 1513 1300 credat.

83 1385 269 1426 Pamphilus
283 1385 335 1416 hie
349 1395 410 1417 non
421 1385 500 1416 satis
518 1385 637 1417 insanit
652 1390 759 1426 sponte
772 1396 840 1425 sua,
858 1389 893 1417 tu
907 1386 994 1417 illum
1009 1386 1117 1418 incita.
1158 1387 1239 1417 MY.
1259 1387 1362 1428 Atque
1377 1388 1550 1428 oedepoleoe

81 1437 174 1459 causa
187 1431 246 1467 est,
258 1432 385 1469 propter
399 1438 489 1469 quam.
509 1438 589 1460 nunc
604 1429 717 1460 misera
728 1430 760 1460 in
776 1430 877 1459 dolore
892 1432 923 1460 et
938 1430 1024 1460 luctu
1039 1433 1096 1460 est.
1141 1429 1207 1460 ΡΑ.
1231 1430 1348 1470 Mysis,
1369 1441 1425 1470 per
1441 1441 1544 1462 omnes

64 1470 168 1511 fDeos
179 1471 238 1501 tibi
252 1472 383 1513 affirmo,
404 1480 561 1512 nunquam
577 1481 644 1502 eam
669 1481 717 1502 me
740 1472 835 1502 solam
860 1473 1068 1511 desertarum,
1092 1481 1153 1502 non
1177 1473 1205 1502 εἰ
1229 1474 1363 1503 omnium
1388 1474 1544 1504 hominum

76 1510 267 1545 inimicitias
287 1513 383 1544 sciam
405 1523 453 1545 me
478 1517 702 1554 suscepturum.
747 1514 840 1544 Hanc
855 1523 953 1544 meam
975 1522 1040 1544 esse
1055 1514 1162 1554 cupide
1186 1516 1343 1555 exoptavi.
1392 1517 1451 1547 Illa
1467 1517 1544 1547 mihi

81 1555 216 1586 obvenit.
262 1555 378 1587 Nostri
399 1565 497 1587 mores
512 1556 705 1587 conveniunt.
751 1557 867 1587 Procul
884 1555 1059 1595 facessant,
1074 1557 1127 1596 qni
1153 1557 1237 1588 inter
1251 1568 1305 1589 nos
1327 1558 1542 1589 discessionem

72 1596 152 1638 fieri
171 1597 288 1629 volunt.
333 1599 440 1636 Hanc,
457 1598 519 1629 nisi
533 1608 625 1636 mors,
647 1599 723 1629 mila·
746 1598 865 1637 auferet
892 1608 989 1630 nemo.
1035 1600 1104 1631 CH.
1130 1598 1279 1630 Animum
1304 1602 1430 1641 recipio.
1478 1601 1546 1633 ΡΑ.

83 1639 160 1670 Non
183 1639 341 1680 Apollinis
363 1650 541 1682 responsum
567 1641 668 1680 magis
683 1651 788 1672 verum.
811 1645 902 1681 atque
917 1642 972 1671 hoc
987 1644 1046 1672 est.
1090 1641 1127 1672 Sa·
1147 1643 1263 1682 poterit
1281 1643 1370 1684 fieri,
1391 1654 1428 1674 ne
1453 1648 1545 1683 pater

81 1683 202 1722 credat,
216 1692 266 1714 me
272 1683 376 1720 fuisse
391 1684 424 1714 in
439 1693 544 1722 causa,
558 1684 718 1724 quominus
731 1684 780 1714 hoe
802 1684 920 1723 nuptia?
928 1684 1058 1724 fierent,
1080 1684 1210 1715 libenter
1223 1686 1257 1716 id
1268 1686 1344 1721 *volo
1356 1696 1367 1722 ;
1390 1687 1454 1726 secl,
1466 1687 1494 1717 si
1509 1687 1544 1717 ia

73 1723 153 1764 fieri
168 1734 228 1756 non
241 1727 368 1766 poterit,
392 1726 425 1756 id
441 1726 564 1765 faciam
578 1727 618 1756 ad
632 1728 711 1766 quod
734 1726 855 1769 animus
875 1735 1042 1766 propensus
1067 1730 1124 1765 est,
1146 1730 1180 1758 ut
1204 1731 1294 1767 pater
1310 1730 1414 1759 credat
1441 1739 1488 1759 me
1510 1730 1543 1759 in

82 1776 174 1798 causa
182 1767 295 1808 fuisse,
314 1778 369 1799 cur
384 1768 433 1799 hae
446 1768 564 1809 nuptiae
585 1768 708 1805 infectoe
721 1772 948 1808 permanerent.
997 1769 1077 1804 Quis
1091 1769 1151 1801 tibi
1165 1770 1272 1802 videor
1287 1780 1362 1811 esse,
1380 1771 1516 1803 Charine
1529 1771 1545 1805 ,Ι

693 1867 933 1878 eeeeeeeee

79 1940 204 1978 poterat
219 1942 316 1969 recte
328 1941 486 1979 potuerat,
511 1949 608 1970 versu
628 1940 702 1979 ipso
717 1939 927 1979 postulante.
952 1939 1117 1971 Bent.-9
1142 1939 1204 1970 Ed.
1223 1943 1316 1973 1469.
1332 1945 1367 1972 ιιι
1387 1952 1452 1972 eum
1468 1943 1540 1974 inst.

82 1981 191 2019 West.
234 1980 347 2012 Abest
361 1981 433 2021 Age
448 1991 467 2012 a
481 1981 596 2013 Guelf.
613 1985 726 2013 l.—-ll
752 1981 912 2012 Solicitat
927 1982 1013 2013 hanc
1031 1983 1112 2015 lect.
1129 1983 1218 2024 Guy.
1242 1984 1453 2015 contendens
1480 1986 1541 2025 eji-

81 2022 238 2054 ciendum
252 2032 328 2054 esse
344 2024 427 2055 illud
446 2024 521 2063 Per,
545 2024 589 2055 ob
615 2025 780 2055 rationem
808 2034 925 2055 versus
952 2024 1095 2056 scilicet.
1142 2026 1230 2058 Mihi
1259 2031 1377 2058 contra
1405 2027 1542 2058 videtur

80 2063 244 2106 ‘adjuro’
263 2075 323 2106 pro
339 2066 498 2107 simplici,
516 2067 608 2107 juro,
630 2076 704 2097 esse
721 2066 882 2107 positum,
906 2067 970 2098 nisi
997 2067 1086 2108 quod
1115 2070 1218 2108 paulo
1245 2069 1408 2109 majorem
1437 2070 1540 2102 etiam

81 2107 149 2138 vim
163 2107 280 2140 habet.
325 2109 424 2139 Unde
441 2110 610 2149 particula
628 2110 637 2126 ‘
649 2109 693 2140 ad
706 2109 714 2122 '
732 2110 866 2140 auctiva
891 2109 1020 2140 dicitur
1044 2111 1196 2144 Donato.
1224 2112 1324 2143 West.
1367 2112 1454 2143 Dele
1470 2113 1543 2152 tibi,

81 2153 122 2180 ut
137 2150 345 2183 redundans.
368 2152 466 2182 Bent.
505 2156 513 2168 ‘
527 2151 661 2192 Adjuro
673 2151 682 2165 ’
699 2152 835 2192 ponitur
852 2161 913 2191 pro
931 2152 1190 2193 simplici,juro.
1215 2154 1258 2185 R.
1274 2155 1407 2186 D.—14
1430 2156 1541 2187 Recte

81 2192 142 2224 Fa.
155 2202 215 2232 pro
228 2193 390 2224 dissidium
403 2194 500 2234 ponit
513 2195 690 2233 discidium,
708 2194 998 2226 consentientibus
1014 2197 1136 2227 nostris
1155 2198 1300 2228 vetustis
1317 2197 1425 2228 libris.
1454 2199 1540 2229 Nam

81 2235 176 2266 venit
191 2245 222 2270 a,
247 2235 450 2277 discindere,
471 2241 508 2268 ut
535 2236 750 2268 ‘excidium’
776 2236 832 2275 ab,
855 2237 1050 2268 excindere.
1074 2238 1255 2271 Bent.—l5
1281 2240 1350 2271 Pro
1368 2241 1540 2281 Resipisco,

83 2276 183 2309 CCC.
200 2277 345 2319 Respiro.
389 2279 580 2320 Utrumque
597 2283 701 2311 recte.
743 2279 905 2311 Ceterum
923 2280 984 2311 hoc
1012 2281 1153 2312 verbum
1176 2282 1240 2322 ipsi
1256 2283 1384 2323 Mysidi
1414 2284 1537 2315 tribue.

82 2319 135 2350 Id.
178 2320 234 2352 Ita
249 2320 405 2353 tribuunt
419 2322 522 2353 Both.
549 2323 730 2354 Per1.-—16
754 2321 879 2353 Poterit
906 2322 991 2354 GM.
1015 2324 1204 2364 commode,
1225 2325 1268 2355 ob
1297 2327 1306 2342 ‘
1321 2326 1464 2365 poterit'
1491 2336 1539 2358 vs,

82 2364 135 2402 Π.
177 2361 233 2394 ΑΙ.
245 2365 383 2403 potuerit
397 2373 514 2405 prave.
538 2365 628 2396 Perl.
673 2365 819 2396 Potuerit
835 2365 895 2395 ΒΓ.
912 2369 951 2396 ut
964 2369 999 2396 et
1013 2365 1046 2395 in
1061 2375 1108 2397 vs.
1124 2370 1263 2398 17.—18
1287 2367 1444 2399 Gifanius
1461 2369 1538 2400 Iud.

81 2403 220 2436 Lueret.
237 2406 270 2436 in
282 2406 416 2446 proclive
430 2411 558 2438 tuetur.
586 2408 682 2439 West.
715 2408 772 2439 Sic
788 2408 847 2438 ΒΓ.
882 2411 891 2425 ‘
905 2407 945 2439 In
956 2408 1086 2448 proclivi
1103 2409 1156 2440 hic
1172 2410 1300 2442 dicitur
1317 2420 1377 2451 pro
1390 2413 1537 2451 proclive.

83 2445 231 2480 Quidam
247 2448 346 2480 codd.
363 2449 490 2481 habent
505 2450 538 2481 in
550 2451 698 2491 proclivo.
742 2450 796 2481 De
813 2448 924 2481 forma
950 2451 959 2467 ‘
974 2451 1166 2493 proclivus,'
1188 2453 1257 2484 vid.
1280 2453 1472 2486 Fabricium
1496 2454 1538 2485 ad

741 2555 882 2588 NOTAE

125 2618 168 2649 16
193 2617 237 2648 Ut
252 2628 290 2649 ne
303 2621 393 2658 pater
401 2628 458 2659 per
467 2629 514 2650 me
528 2620 650 2652 stetisse
660 2620 781 2661 credat]
835 2619 967 2652 tentius
983 2619 1057 2660 ipse
1073 2620 1108 2651 in
1125 2621 1310 2654 Eunucho:
1342 2622 1352 2640 ‘
1371 2623 1538 2664 Ulciscar,

80 2666 92 2685 ‘
108 2666 160 2698 Ut
188 2668 249 2699 ne’
280 2669 370 2700 idem
398 2670 570 2710 significat
600 2672 704 2713 quod,
727 2681 782 2704 ne.
836 2674 933 2701 utne
950 2670 1087 2711 impune
1103 2672 1135 2702 in
1153 2681 1212 2704 nos
1226 2673 1395 2704 illuseris!
1428 2674 1484 2706 Sic
1503 2679 1539 2706 et

83 2716 196 2748 Plaut·
212 2718 246 2749 in
261 2718 410 2751 Mercat.
449 2721 457 2737 ‘
475 2720 523 2752 At
534 2731 598 2762 ego
615 2731 782 2763 expurga-
837 2720 983 2752 Cicero:
1008 2721 1016 2737 ‘
1035 2721 1134 2752 Fides
1159 2727 1216 2754 tua
1240 2723 1401 2763 patietur,
1425 2729 1461 2755 ut
1485 2734 1538 2756 so·

82 2766 210 2799 tionem
225 2768 369 2809 habebo,
386 2774 476 2802 utne
489 2772 690 2804 succurrat?
713 2772 782 2804 're-
837 2783 913 2805 crus
930 2772 1153 2806 adolescentis
1171 2784 1227 2806 rea
1243 2784 1284 2806 ne
1301 2774 1381 2806 fiat:

167 2819 283 2861 Delph.
296 2826 327 2855 et
346 2823 420 2856 Var.
435 2824 520 2855 Clas.
752 2826 879 2859 Terent.
1422 2828 1449 2858 Z
