1945 3296
586 224 763 254 vmroR
798 223 861 254 DE
894 222 1145 253 coMOEoiA.
1529 215 1586 255 55

129 325 241 375 quasi
259 322 414 374 flagello
435 320 602 372 quodam
624 320 766 365 vexati,
797 332 884 357 cum
916 331 1040 355 mores
1072 317 1288 368 praeteritos
1317 323 1479 363 mutare,
1500 324 1583 355 tum

130 389 191 424 vel
222 401 308 425 esse
338 385 452 436 frugi,
481 385 543 422 vel
575 384 711 422 saltem
744 395 928 434 apparere
964 382 1229 431 cogebantur:
1261 393 1308 417 ne
1338 379 1467 418 denuo
1498 393 1584 418 sese

128 451 228 488 inale
249 456 441 501 gerentes,
461 448 561 486 male
580 447 793 485 identidem
814 446 1015 484 audirent:
1038 445 1148 495 cujus
1170 444 1223 481 rei
1246 455 1425 480 numeros
1443 455 1578 481 omnes

131 515 312 551 Cratinus
335 513 472 550 dicitur
504 512 749 561 implevisse:
779 511 922 561 quippe
954 508 1091 546 ceteris
1125 506 1350 545 austeritate
1378 513 1586 556 praestans,

131 577 377 615 acerbissima
390 576 520 627 jurgia
539 575 752 626 procaciter
767 575 992 623 exspuebat.
1034 573 1119 609 Hac
1136 571 1252 608 etiam
1274 571 1311 607 in
1333 577 1442 620 parte
1456 571 1584 607 bonus

130 640 194 679 ille
215 639 495 690 Aristophanes
517 651 594 675 non
616 637 850 674 dormitavit.
891 637 984 686 Ejus
1005 635 1106 673 enim
1126 634 1269 684 Vespae
1292 632 1454 677 Fabula,
1474 638 1588 683 quot-

133 711 229 755 quot
248 710 359 741 erant
378 702 645 753 sycophantae,
666 713 764 752 quos
787 699 944 751 quidem
966 699 1048 750 ipse
1070 705 1183 735 vocat
1210 697 1400 742 ἠπιάλους,
1429 696 1521 733 fecit
1540 697 1587 732 ab

131 768 289 818 incepto
309 765 509 810 desistere,
529 777 607 815 quo
628 764 727 802 inter
747 770 874 802 cetera
890 762 1060 800 facinore
1077 767 1228 799 tantum
1247 760 1409 811 placuit,
1425 765 1469 797 ut
1483 759 1589 796 olea·

133 831 239 882 gina,
259 843 347 880 quae
366 842 436 881 par
455 835 516 866 est
536 841 663 865 aureae
691 841 860 873 coronae,
887 827 1110 864 donaretur.
1167 823 1319 861 Deinde
1347 822 1590 861 labefactatis

132 894 266 945 populi
287 893 443 939 viribus,
464 906 551 930 curn
573 892 723 930 scilicet
743 891 943 942 imperium
965 890 1015 927 ad
1036 901 1182 940 paucos
1199 888 1357 925 omnino
1373 885 1590 929 recidisset,

133 957 243 995 nulla
270 957 395 1007 po'etis
428 955 594 1006 amplius
626 955 744 993 libere
774 953 960 1004 loquendi
994 952 1159 990 facultas
1191 951 1493 996 concedebatur,
1520 949 1590 987 sed

133 1034 269 1072 poenas
291 1020 382 1059 dare
403 1019 684 1071 potentioribus
706 1031 866 1056 necesse
890 1023 985 1063 erat,
1016 1016 1049 1054 si
1082 1016 1168 1067 quis
1190 1016 1250 1053 vel
1270 1014 1468 1051 minimum
1489 1020 1593 1050 esset

135 1084 355 1123 oblocutus.
412 1084 519 1122 Idem
555 1084 657 1121 enim
684 1082 980 1133 Aristophanes,
1013 1078 1343 1131 quemadmodum
1372 1078 1411 1115 in
1442 1076 1591 1114 Achar-

135 1148 320 1186 nensibus
342 1147 492 1186 Fabula
510 1147 560 1185 de
579 1161 618 1186 se
638 1148 720 1198 ipse
741 1146 930 1191 meminit,
960 1144 1134 1195 quinque
1155 1143 1388 1180 talentorum
1408 1139 1591 1178 mulctam

136 1223 346 1262 perpessus
367 1217 441 1257 est,
474 1218 678 1263 propterea
698 1209 803 1261 quod
825 1208 984 1246 Cleonis
1005 1206 1208 1258 cujusdam
1228 1219 1275 1243 ex
1296 1203 1592 1242 Atheniensium

139 1276 388 1326 optimatibus
420 1274 686 1326 impotentiam
708 1280 746 1310 et
765 1272 988 1324 peculatum
1007 1284 1075 1322 per
1096 1270 1256 1320 Equites
1278 1268 1466 1306 Fabulam
1486 1267 1594 1306 dete-

138 1353 228 1390 gere
249 1346 466 1377 conaretur.
524 1338 675 1376 Etenim
705 1337 759 1374 illi
794 1336 894 1374 adeo
925 1336 997 1373 fuit
1026 1334 1216 1380 infensus,
1249 1340 1302 1378 ut,
1333 1331 1514 1384 quoniam
1544 1331 1593 1368 ab

137 1403 273 1454 opifice
305 1415 511 1453 personam
543 1402 682 1441 Cleoni
715 1400 877 1439 similem
909 1400 1051 1437 habere
1083 1411 1161 1436 non
1192 1403 1341 1449 posset,
1380 1395 1451 1434 sibi
1483 1394 1592 1432 milto

138 1467 354 1518 ceterisque
386 1466 426 1504 id
461 1479 583 1517 genus
612 1466 711 1504 fucis
732 1464 998 1503 concinnarit:
1028 1461 1358 1511 histrionibusque
1377 1473 1458 1510 prae
1478 1458 1594 1496 nimio

139 1537 244 1568 metu
271 1544 293 1569 e
324 1543 443 1569 scena
473 1530 628 1580 prodire
661 1543 738 1567 non
773 1527 1022 1572 audentibus,
1057 1525 1216 1563 Cleonis
1246 1536 1454 1576 personam
1486 1522 1593 1559 solus

140 1607 255 1645 agere
276 1607 354 1632 non
385 1594 582 1632 dubitarit.
639 1593 800 1645 Eupolis
821 1606 911 1630 vero
932 1603 1107 1642 praeceps
1127 1590 1164 1626 in
1185 1601 1288 1627 mare
1309 1587 1424 1624 datus
1444 1593 1518 1631 est,
1548 1598 1595 1623 eo

140 1657 246 1708 quod
266 1657 505 1709 potentiores
527 1657 677 1708 aliquot
696 1657 733 1694 in
756 1656 890 1706 Baptis
911 1655 1043 1693 fabula
1063 1652 1347 1690 momordisset.
1405 1651 1506 1688 Cum
1525 1650 1596 1700 igi-

140 1729 202 1760 tur
230 1723 316 1761 haec
347 1722 697 1760 animadverterent
726 1722 868 1773 poetae,
899 1719 1154 1758 decreverunt
1187 1717 1258 1754 sibi
1288 1716 1369 1754 fore
1392 1728 1551 1766 prorsus
1574 1728 1598 1752 a

140 1787 358 1826 maledictis
389 1786 462 1824 illis
489 1786 799 1837 temperandum.
857 1786 994 1836 Itaque
1027 1782 1116 1834 styli
1148 1794 1286 1819 nasum
1317 1781 1366 1818 ob
1394 1779 1595 1817 imminens

141 1851 232 1888 vitae
252 1850 456 1888 discrimen
481 1850 555 1888 alio
576 1856 865 1895 converterunt,
892 1850 1075 1900 poemata
1104 1846 1252 1883 scilicet
1282 1844 1441 1882 Homeri
1463 1843 1522 1881 vel
1543 1843 1598 1880 al-

143 1915 259 1953 terius
281 1915 320 1951 in
340 1914 549 1951 ludibrium
568 1927 672 1964 saepe
689 1912 845 1964 quidem
864 1911 1046 1962 injuriose
1063 1915 1278 1947 vertentes:
1301 1920 1463 1958 quorum
1480 1907 1599 1944 maxi-

143 1992 204 2016 me
225 1978 408 2016 Cratinus
430 1991 560 2016 scenae
578 1978 803 2029 populoque
825 1981 885 2025 (ut
904 1976 1027 2022 aiunt)
1048 1974 1188 2012 servire
1207 1970 1419 2010 contendit.
1467 1969 1598 2008 Nove-

143 2048 204 2082 rat
222 2043 321 2080 enim
340 2042 535 2091 (arbitror)
555 2042 594 2079 id
622 2042 728 2092 quod
756 2041 795 2078 in
829 2040 1014 2078 Oratione
1045 2038 1093 2075 de
1125 2038 1280 2074 Corona
1312 2034 1598 2072 Demosthenes

145 2106 296 2151 asserit,
326 2119 412 2144 esse
431 2112 571 2144 natura
591 2113 869 2157 comparatum,
892 2112 935 2142 ut
953 2103 1131 2141 homines
1151 2099 1286 2138 libenti
1307 2098 1435 2136 animo
1453 2098 1598 2137 calum-

146 2170 230 2208 nias
250 2170 410 2208 aliorum
431 2169 563 2207 audire
583 2169 798 2207 videantur.
849 2168 1012 2219 Ulysses
1032 2167 1162 2217 itaque
1183 2163 1322 2215 plurali
1344 2175 1504 2201 numero
1525 2163 1599 2199 Fa-

148 2233 276 2271 bulam
297 2233 418 2280 dedit,
448 2247 536 2284 quae
558 2233 676 2271 totius
697 2232 890 2283 Odysseae
905 2231 1205 2270 calumniaretur
1224 2226 1437 2265 historiam.
1493 2227 1602 2263 Aris·

147 2297 338 2348 tophanes
373 2311 542 2349 quoque,
586 2305 794 2348 postquam
831 2309 902 2334 suo
936 2295 1039 2334 malo
1071 2300 1209 2331 contra
1242 2290 1438 2328 stimulum
1473 2290 1600 2328 calces

148 2362 243 2400 nihil
273 2363 402 2401 valere
435 2361 650 2408 didicisset,
680 2362 718 2398 in
748 2362 907 2399 alteram
931 2373 971 2398 se
992 2360 1155 2398 formam
1174 2355 1285 2408 quasi
1315 2354 1479 2392 Proteus
1506 2367 1600 2391 con-

149 2426 276 2473 vertit,
298 2426 451 2463 AEolum
469 2426 616 2463 scilicet
637 2426 825 2463 Fabulam
847 2438 870 2462 a
889 2424 1062 2474 Tragicis
1083 2422 1174 2460 olim
1195 2419 1444 2464 celebratam,
1464 2418 1501 2454 in
1523 2417 1600 2455 Co-

149 2490 290 2527 micam
310 2492 581 2527 αἱολοσσικῶνα
603 2490 816 2527 deridendo
837 2488 1080 2540 permutavit.
1116 2486 1184 2523 Ille
1203 2484 1303 2521 idem
1322 2481 1601 2532 Aristophanes

149 2554 301 2599 (mirum
322 2553 448 2602 dictu)
464 2566 574 2591 novae
596 2555 712 2592 etiam
733 2553 882 2591 initium
902 2551 1115 2590 Comoediae
1132 2549 1254 2595 dedit,
1269 2546 1375 2598 quod
1391 2545 1503 2583 velim
1519 2545 1600 2595 ejus

151 2617 308 2667 egregia
327 2616 442 2654 laude
465 2616 609 2654 dictum
631 2617 838 2655 arbitreris.
895 2616 1048 2667 Quippe
1069 2628 1157 2652 curn
1176 2626 1276 2650 unus
1296 2613 1378 2662 ipse
1399 2615 1518 2660 queat
1536 2608 1603 2646 tri-

151 2679 264 2729 plicis
285 2680 502 2729 argumenti
522 2682 638 2731 po'e'ta
659 2680 827 2732 reperiri,
858 2679 1049 2730 siquidem
1079 2685 1118 2715 et
1144 2677 1272 2722 aliam,
1305 2675 1365 2712 cui
1385 2686 1524 2712 nomen
1544 2678 1605 2708 est

155 2742 316 2788 Cocalo,
342 2743 526 2782 Fabulam
547 2752 786 2783 commentus
817 2758 903 2783 esse
923 2744 1076 2789 dicitur,
1106 2743 1142 2780 in
1176 2754 1252 2792 qua
1282 2740 1471 2790 virginum
1501 2749 1603 2775 coni-
