1903 3306
549 269 778 301 EUNUCffl
817 269 926 298 ACT.
954 268 1026 297 ιιι.
1061 267 1204 298 Sc.1r.
1517 256 1602 296 455

151 368 241 410 Sed
260 367 397 408 Thais
418 367 527 407 exit.
587 364 714 405 Tmz.
746 362 833 404 Abi
857 374 966 416 prae,
990 374 1128 410 curre,
1149 364 1197 400 ut
1219 361 1304 400 sint
1325 361 1443 401 domi

151 435 330 476 Parata.
389 433 482 474 GN.
516 432 629 473 Fiat.
689 431 779 471 ΤΗ.
813 429 1072 481 Diligenter,
1094 426 1298 480 Pythias,

153 503 246 544 Fac
269 515 409 551 cures,
435 502 474 541 si
495 500 703 541 Chremes
723 499 808 538 huc
828 497 939 537 forte
962 495 1202 543 advenerit,

153 570 219 612 Ut
237 583 349 619 ores,
369 570 553 623 primum
576 572 623 607 ut
644 570 839 607 maneat:
870 565 907 605 si
929 564 973 604 id
995 572 1084 604 n'on
1107 561 1388 602 commodum
1410 565 1492 611 est,

153 638 216 679 Ut
235 637 410 678 redeat:
443 635 481 676 si
499 635 543 675 id
565 647 651 674 non
672 633 853 687 poterit,
878 632 932 671 ad
955 644 1024 671 me
1045 629 1271 670 adducito.
1551 628 1608 670 50

153 706 248 746 ΡΥ.
280 704 352 745 Ita
371 702 546 743 faciam.
604 701 696 741 TH.
728 699 882 749 Quid?
908 698 1013 751 quid
1037 696 1158 738 aliud
1181 696 1305 738 volui
1326 695 1505 737 dicere?

155 773 306 823 Ehem,
328 774 477 811 curate
499 769 633 809 istam
653 767 885 819 diligenter
906 765 1130 818 virginem.

156 838 295 880 Domi
325 836 501 886 adsitis,
527 835 673 876 facite.
731 834 858 875 THR.
891 833 1069 873 Eamus.
1131 832 1221 873 TH.
1254 830 1352 872 Vos
1375 843 1445 872 me
1465 831 1610 884 sequi-

326 917 444 944 mim.

157 1041 376 1073 adolescentem
389 1042 486 1073 ‘illum
514 1040 679 1073 Rhodium.
724 1040 785 1072 Sed
802 1040 897 1071 Thais
919 1040 1130 1081 progreditur.
1174 1039 1271 1069 THR.
1294 1034 1368 1074 Abi,
1387 1031 1616 1075 praecuwe,sac

156 1087 191 1115 ut
207 1084 289 1115 domi
312 1085 414 1115 omnia
440 1088 520 1115 recte
539 1089 735 1126 apparentur.
782 1084 852 1115 GN.
877 1083 964 1114 Fiat.
1010 1084 1080 1114 ΤΗ.
1105 1081 1253 1123 Pythias,
1280 1088 1355 1109 cura
1379 1077 1496 1115 sedulo,
1518 1077 1564 1109 ut,
1588 1073 1617 1104 si

161 1127 307 1159 Chremes
321 1128 361 1158 ad
382 1137 465 1158 meas
490 1128 571 1158 cedes
586 1128 715 1165 venerit,
737 1127 817 1157 huuc
841 1136 907 1156 ores
929 1125 1063 1166 primum
1078 1128 1112 1156 ut
1127 1135 1174 1155 'me
1200 1125 1357 1164 expectare
1379 1121 1474 1151 velit.-
1496 1117 1575 1157 quod
1589 1116 1618 1146 si

157 1170 377 1201 incommodum
391 1170 425 1200 id
436 1170 464 1201 ei
480 1174 537 1211 est,
554 1174 587 1201 ut
601 1173 798 1205 revertatum
820 1169 847 1198 εἰ
862 1179 921 1199 non
934 1169 1049 1208 poterit
1060 1166 1277 1205 reverti‚illuc,
1290 1164 1342 1195 ubi
1355 1173 1416 1198 ero,
1432 1162 1511 1192 hunc
1523 1160 1619 1189 addu-

159 1213 230 1243 cito.
275 1214 343 1244 ΡΥ.
369 1213 502 1253 Sicflet.
546 1213 613 1243 ΤΗ.
641 1212 747 1248 Quid?
770 1211 842 1251 quid
855 1215 1009 1251 proeterea
1023 1211 1103 1242 volui
1119 1211 1238 1240 dicere?
1274 1209 1391 1239 Curam
1404 1204 1509 1236 habete
1530 1211 1617 1240 mag-

159 1255 333 1305 num-hujus
347 1255 489 1295 virginis.
534 1256 662 1287 Manete
683 1255 775 1286 domi.
818 1254 910 1285 THR.
935 1254 1064 1286 Eamus.
1108 1254 1174 1284 ΤΗ.
1204 1253 1275 1292 VOS,
1296 1249 1429 1288 ancillas,
1450 1256 1498 1278 ⁷⁷20
1519 1245 1620 1285 sewi·

158 1308 247 1330 mim.

774 1360 1012 1372 ‘tutatae-‘oe

162 1438 280 1470 dictum
296 1438 339 1468 mi
354 1438 432 1469 illud
454 1437 488 1469 in
503 1447 544 1468 m.
559 1439 676 1469 υ.-46
698 1435 739 1467 In
757 1436 829 1467 aliis
847 1441 919 1467 est:
945 1435 1020 1474 Abi,
1041 1442 1209 1474 proeeurre.
1256 1431 1388 1471 Exiguo
1412 1427 1619 1466 discrimine,

164 1481 253 1523 quod
271 1481 312 1511 ad
329 1490 462 1512 sensum
480 1481 617 1511 attinet.
663 1480 732 1510 Pro
750 1479 815 1510 illis
832 1484 960 1518 autem,
981 1481 1017 1508 ut
1033 1478 1096 1507 sint
1112 1477 1194 1507 domi
1212 1476 1347 1513 Parata,
1364 1473 1446 1504 Mss.
1463 1471 1622 1512 plusculi,

164 1534 240 1556 cum
258 1522 373 1563 editis,
394 1527 429 1554 ut
452 1524 516 1554 sint
542 1523 624 1553 domi
649 1523 770 1553 Parata
789 1522 901 1553 omniu.
946 1521 995 1552 M.
1013 1524 1046 1551 ut
1062 1520 1124 1550 sint
1141 1518 1222 1549 domi
1238 1518 1339 1548 omnia
1362 1519 1487 1556 parata.
1511 1514 1621 1544 West.

165 1567 221 1608 qui
239 1576 304 1597 non
321 1566 402 1598 satis
419 1571 578 1597 accurate
595 1565 766 1605 expressit
783 1575 845 1606 qua
864 1573 959 1602 voce,
975 1573 1053 1594 num
1067 1562 1170 1593 omnia
1186 1570 1226 1592 an
1250 1563 1376 1600 parata,
1397 1558 1486 1589 hunc
1503 1566 1552 1587 vs.
1569 1565 1621 1586 or-

164 1610 280 1640 diatur
296 1609 344 1640 M.
390 1609 399 1625 ‘
418 1610 461 1640 Ut
476 1609 539 1639 sint
554 1609 637 1639 domi
654 1608 775 1639 Parata
792 1607 904 1638 omnia.
950 1607 1028 1637 Vox
1047 1606 1148 1635 omnia
1165 1614 1226 1634 nec
1251 1604 1284 1633 in
1312 1602 1378 1633 ullo
1394 1602 1416 1632 l.
1441 1610 1466 1631 s,
1486 1600 1626 1639 legitur,

165 1662 231 1683 nec
254 1652 286 1682 in
310 1652 464 1684 Donato:
490 1651 562 1682 sine
591 1660 657 1691 qna
682 1650 831 1681 dictione
855 1659 972 1681 versus
989 1649 1118 1688 optime
1143 1645 1234 1678 stat?
1260 1646 1318 1676 Fa.
1364 1646 1372 1661 ‘
1389 1642 1571 1682 Distingue
1588 1646 1624 1672 et

165 1695 258 1734 lege,
281 1694 345 1726 Abi
366 1704 452 1734 proe:
475 1704 549 1725 curu
574 1698 608 1724 ut
634 1694 697 1724 sint
721 1693 804 1724 domi
826 1693 959 1723 Parata.
1008 1692 1093 1721 Cura
1121 1688 1283 1721 Palmerii
1310 1686 1477 1718 correctio
1502 1689 1566 1723 est,
1589 1689 1625 1715 et

168 1737 305 1779 quidem
322 1737 471 1778 egregia.
522 1736 637 1767 Omnia
652 1745 817 1776 nusquam
835 1739 1013 1775 comparet
1029 1736 1063 1765 in
1081 1733 1176 1764 libris
1193 1730 1343 1763 nostris!
1369 1730 1466 1760 Bent.
1513 1729 1522 1745 ‘
1542 1728 1626 1758 Cura

168 1785 222 1811 est
237 1780 400 1811 Palmerii
416 1779 585 1810 correctio
603 1778 765 1819 egregia!
788 1779 878 1810 Perl.
906 1777 963 1818 qui
980 1777 1013 1807 id
1032 1776 1170 1816 accipit.
1216 1774 1292 1813 Abi,
1306 1781 1461 1814 proecurre
1476 1771 1536 1801 Br.
1548 1770 1626 1809 Bip.

168 1827 206 1855 et
220 1822 269 1853 sic
284 1822 386 1854 Both.
403 1822 458 1863 qui
477 1826 596 1853 notat:
623 1822 632 1838 ‘
647 1822 813 1852 Proecurre
828 1821 934 1853 nostri
951 1820 1138 1851 unanimes.
1177 1817 1365 1848 Palmerius
1381 1815 1432 1846 abi
1445 1823 1523 1854 prae,
1540 1822 1626 1852 cura,

170 1865 258 1906 quod
274 1865 355 1896 mihi
371 1864 623 1906 languet.'-—-48
648 1865 745 1895 Bem.
773 1864 841 1902 Ιιοε,
871 1873 932 1904 pro
959 1863 1028 1898 huc,
1053 1867 1091 1892 ut
1110 1860 1297 1900 Virgilius:
1322 1860 1330 1875 ‘
1351 1858 1427 1889 Hoc
1442 1862 1522 1888 tunc
1541 1856 1626 1896 igni-

170 1907 315 1949 potens‚’
341 1917 416 1948 pro,
441 1907 526 1939 Huc.
551 1908 609 1940 Fa.
654 1907 782 1938 Melius
812 1906 879 1937 duo
905 1907 1011 1936 nostri
1037 1914 1114 1935 cum
1143 1903 1231 1934 Edd.
1259 1905 1343 1932 vert.
1367 1906 1403 1932 et
1426 1901 1578 1937 Donato,
1600 1898 1628 1928 si

162 1952 252 1990 forte
267 1951 325 1981 huc
342 1950 500 1981 Chremes.
518 1951 620 1982 Bent.
645 1950 697 1980 cui
716 1948 850 1980 accedit
866 1949 959 1980 Peri.
998 1948 1065 1979 Fac
1079 1950 1115 1978 ut
1131 1955 1216 1977 cures
1232 1943 1348 1976 Guelf.
1367 1944 1496 1975 1.-49,
1513 1944 1554 1972 50
1569 1941 1627 1972 Sic

172 1994 309 2025 codices
328 1993 457 2034 ubique
474 2002 604 2024 omnes.
648 1992 715 2023 Sed
735 1992 867 2023 inverso
884 1991 1005 2022 ordine
1021 1999 1167 2029 repone:
1192 1989 1327 2028 primum
1346 1990 1379 2017 ut
1405 1987 1526 2023 redeat,
1548 1984 1576 2014 si
1595 1984 1629 2014 id

171 2047 232 2067 non
247 2037 476 2076 commodumst,
500 2036 543 2066 Ut
560 2040 695 2066 maneat.
718 2035 819 2065 Bent.
866 2034 1021 2065 Deduc-ito
1036 2033 1103 2063 Ms.
1124 2033 1160 2063 Li
1169 2041 1217 2071 ps.
1235 2030 1334 2062 1¹Vest.
1379 2029 1510 2060 Invert.
1527 2027 1630 2058 Bent-

174 2079 265 2119 vulg.
281 2079 463 2110 lectionem
479 2082 588 2110 recte.
636 2078 701 2107 Hic
719 2077 807 2107 enim
825 2077 907 2107 ordo
935 2080 1030 2116 patet
1046 2085 1064 2105 e
1081 2076 1191 2106 scena
1208 2077 1238 2105 5.
1255 2083 1320 2103 VSS.
1332 2074 1470 2103 27—31.
1495 2070 1549 2100 ubi
1565 2070 1630 2110 Py-

174 2122 263 2153 thias
280 2121 356 2153 eod.
374 2121 505 2161 ordine,
525 2131 598 2161 quae
616 2130 634 2150 a
649 2119 781 2150 Thaide
801 2119 898 2159 jussa
923 2118 1073 2157 fuerant,
1097 2122 1148 2148 est
1165 2121 1323 2146 executa.
1370 2115 1457 2145 Perl.
1481 2112 1536 2153 qni
1553 2122 1629 2143 cum

173 2163 299 2195 Bothio
316 2164 376 2195 dat
391 2164 495 2194 Bent.
511 2163 705 2194 lectionem.
750 2162 863 2193 Adduc
881 2161 943 2192 cito
967 2171 1028 2200 pro
1045 2170 1113 2190 var.
1131 2160 1151 2190 l.
1168 2162 1375 2189 memoratur
1392 2157 1424 2187 in
1442 2155 1561 2196 glossis
1576 2155 1632 2185 τοῦ

175 2207 321 2238 Br.--5l
348 2207 453 2242 Quid?
475 2206 573 2237 abest
597 2215 617 2236 a
644 2206 687 2236 G.
716 2208 750 2235 et
781 2205 861 2236 ΕΜ.
891 2205 991 2236 West.
1039 2202 1195 2242 Quicquid
1220 2211 1281 2241 pro
1311 2199 1417 2235 Quid?
1439 2199 1514 2239 quid
1529 2198 1632 2228 Bt.—

176 2252 219 2280 52
244 2250 326 2280 Hem
343 2250 399 2280 ed.
414 2249 630 2289 nemu-53
655 2247 750 2279 Domi
773 2251 806 2278 ut
830 2247 903 2277 sitis
924 2247 993 2277 Ms.
1018 2247 1111 2286 Lips.
1141 2245 1239 2277 West.
1282 2244 1375 2284 Lege
1390 2242 1486 2274 Domi
1499 2244 1532 2273 ut
1547 2240 1631 2272 sitis.

179 2292 282 2324 Bent.
328 2292 425 2324 Domi
440 2295 474 2323 ut
489 2291 611 2323 assistis
627 2291 672 2322 R.
692 2290 788 2321 Lina.
833 2290 879 2320 D.
895 2292 928 2320 ut
944 2289 1015 2320 sitis
1031 2289 1091 2320 ΒΓ.
1108 2288 1201 2319 Per-1.

836 2389 981 2422 NOTAE

469 2465 509 2495 53
538 2462 599 2495 Vos
614 2472 660 2494 me
675 2460 853 2503 sequimini]
874 2460 974 2492 Thais
986 2459 1167 2501 alloquitur
1184 2457 1334 2490 ancillas.
