1903 3306
327 232 414 274 270
888 245 1220 275 ARGUMENTA.

326 339 364 374 in
387 338 588 376 Comoedia
617 337 796 384 Palliata,
825 345 965 388 praeter
985 338 1267 376 invocatIOnem
1287 338 1453 376 Junonis
1477 337 1660 382 Lucinae3
1692 352 1780 389 quae

327 411 365 440 et
385 402 470 452 ipsa
489 415 643 452 quoque
665 409 758 453 post
778 414 935 440 scenam
956 401 1036 439 fieri
1058 401 1168 439 solet.

327 522 707 562 tus,puellasliberales
721 533 884 564 nusquam
899 532 933 553 iu
947 522 1026 553 Pal·
1083 520 1288 552 Curculione
1320 521 1529 560 Planesium,
1562 521 1595 552 in
1634 521 1782 562 Epidico

326 571 409 602 liata
432 571 607 602 Comoedia
634 572 746 612 loqui:
773 572 918 613 loquitur
939 572 1026 601 enim
1083 571 1179 611 virgo
1210 571 1268 602 illa
1302 571 1558 622 Stratippoclis,
1584 571 1660 603 aliae
1692 571 1785 607 alibi.

327 623 361 652 in
402 618 591 654 Heautont.
623 621 813 662 Antiphila,
844 622 876 651 in
909 621 1026 652 Plauti
1088 623 1182 653 West.

500 915 616 946 AELII
654 915 842 946 DONATI
876 914 1235 945 ARGUMENTUM
1271 913 1322 943 IN
1357 912 1611 943 ANDRIAM.

326 1002 508 1035 CHREMES
524 1002 677 1042 Atticus,
692 1007 791 1043 pater
808 1002 977 1034 Pasibulae
995 1006 1030 1033 et
1047 1001 1271 1041 Philumenae,
1288 1010 1365 1032 cum
1380 1011 1422 1032 ex
1443 1001 1494 1032 his
1521 1000 1651 1032 duabus
1665 1009 1701 1031 se
1717 999 1783 1031 Pa-

368 1056 512 1088 sibulam
538 1056 728 1098 perdidisse
755 1055 841 1087 falso
872 1055 1042 1096 crederet,
1069 1056 1222 1087 relictam
1253 1054 1411 1094 Athenis,
1436 1064 1501 1086 nec
1528 1054 1633 1085 visam
1664 1057 1785 1094 postea

367 1111 473 1142 multo
491 1115 658 1152 tempore,
681 1114 844 1151 tanquam
868 1109 1000 1139 unicam
1027 1108 1091 1139 sibi
1116 1108 1263 1148 putabat
1289 1108 1548 1139 Philumenam:
1573 1115 1674 1148 quam
1697 1106 1786 1138 Cha-

368 1164 461 1196 rinus
492 1164 691 1196 adolescens
716 1163 936 1195 Atheniensis
964 1162 1146 1194 adamabat
1171 1162 1282 1202 unice,
1305 1165 1340 1193 et
1366 1160 1431 1192 sibi
1458 1160 1601 1202 petebat
1631 1169 1788 1193 uxorem.

369 1218 436 1249 Sed
464 1222 564 1258 pater
594 1227 668 1249 eam
697 1217 879 1258 Pamphilo
904 1215 1038 1247 cuidam
1065 1215 1211 1247 Simonis
1236 1215 1306 1248 filio
1332 1216 1423 1247 ultro
1452 1213 1703 1255 desponderat:
1728 1213 1787 1255 qui

369 1271 567 1312 Pamphilus
584 1275 705 1302 contra
731 1280 880 1301 sororem
904 1269 1092 1310 Chrysidis,
1108 1279 1147 1301 ac
1166 1269 1381 1310 peregrinam
1404 1273 1475 1300 tum
1492 1268 1671 1306 creditam,
1686 1266 1787 1298 Pasi-

367 1325 483 1356 bulam
507 1335 610 1366 supra
634 1325 775 1363 dictam,
793 1324 935 1355 alteram
953 1323 1145 1354 Chremetis
1169 1321 1288 1362 filiam,
1311 1322 1371 1353 sub
1396 1321 1531 1353 nomine
1558 1321 1788 1363 Glycerii,la-

370 1383 484 1410 tenter
500 1379 548 1410 sic
567 1379 705 1418 amavit,
721 1383 758 1409 ut
774 1387 816 1408 ex
832 1387 874 1408 ea
896 1377 1003 1408 filium
1027 1376 1238 1417 suscepisset
1263 1376 1371 1407 inscio
1389 1380 1497 1416 patre.
1543 1375 1621 1408 Qua
1636 1384 1672 1406 re
1689 1374 1788 1406 intel-

369 1433 471 1472 lecta,
489 1436 680 1463 commotus
705 1432 797 1462 Simo
821 1434 920 1471 pater
946 1430 1129 1470 Pamphili,
1147 1429 1226 1460 dum
1243 1438 1305 1470 per
1320 1428 1423 1461 falsas
1439 1429 1576 1470 nuptias
1590 1432 1702 1460 tentat
1718 1427 1788 1458 ani·

368 1495 460 1517 mum
486 1484 669 1525 Pamphili,
688 1483 800 1515 multis
829 1482 938 1514 modis
954 1492 973 1513 a
993 1483 1091 1514 Davo
1117 1483 1192 1523 ipse
1219 1482 1392 1514 deluditur
1420 1492 1540 1514 servo:
1566 1481 1788 1523 periculoque

371 1539 509 1571 Charini
524 1543 559 1569 et
574 1538 744 1579 Pamphili
761 1541 872 1569 motus
890 1546 986 1569 error
1002 1537 1035 1567 in
1053 1536 1184 1567 Fabula
1199 1546 1306 1577 usque
1324 1536 1365 1567 ad
1383 1546 1458 1567 eum
1470 1535 1571 1567 finem
1584 1535 1709 1571 ductus
1725 1537 1793 1574 est,

367 1593 448 1623 dum
466 1593 617 1623 Athenas
635 1592 772 1622 veniens
789 1591 938 1621 Andrius
956 1590 1092 1631 quidam
1107 1590 1204 1621 Crito
1222 1598 1291 1621 rem
1315 1590 1461 1630 aperiat,
1477 1595 1514 1620 et
1535 1588 1661 1620 nodum
1676 1588 1789 1619 Fabu-

370 1648 411 1677 1ae
427 1647 559 1677 solvat:
585 1655 646 1687 per
662 1655 762 1686 quem
784 1645 902 1685 agnita
928 1643 1092 1675 Pasibula
1116 1643 1280 1684 recipitur
1306 1654 1326 1675 a
1347 1643 1563 1684 parentibus,
1580 1646 1614 1673 et
1642 1641 1789 1673 traditur

370 1699 551 1740 Pamphilo
569 1699 718 1730 amanti:
743 1699 945 1729 Philumena
964 1707 1045 1729 vero
1070 1698 1217 1729 Charino
1240 1697 1485 1738 despondetur,
1499 1701 1537 1728 et
1561 1695 1708 1727 traditur
1730 1704 1788 1726 ex-

372 1753 520 1794 optanti.
566 1753 758 1793 Perspecto
775 1754 991 1792 argumento,
1008 1751 1096 1782 scire
1114 1750 1292 1790 debemus,
1308 1750 1395 1781 hanc
1413 1759 1487 1781 esse
1503 1749 1662 1780 virtutem
1680 1747 1791 1789 poeti-

372 1816 461 1847 cam,
476 1812 515 1838 ut
532 1816 551 1837 a
566 1805 760 1838 novissimis
784 1804 975 1845 argumenti
991 1803 1092 1834 rebus
1117 1803 1297 1844 incipiens,
1313 1803 1446 1834 initium
1463 1802 1614 1843 Fabulae,
1630 1806 1665 1833 et
1689 1801 1791 1843 origi-

373 1869 450 1891 nem
477 1860 650 1890 narrative
680 1857 804 1889 reddat
831 1856 1102 1898 spectatoribus:
1127 1860 1368 1897 auctoremque
1395 1859 1600 1895 praesentem
1625 1855 1687 1888 sibi
1703 1855 1794 1886 exhi-

374 1914 480 1953 beat,¹
499 1912 557 1943 ubi
574 1911 651 1943 finis
664 1916 718 1943 est
734 1911 891 1942 Fabulae.
938 1910 1041 1942 Hunc
1058 1911 1147 1941 enim
1165 1908 1310 1941 orbem2
1333 1913 1371 1940 et
1383 1909 1546 1940 circulum
1563 1908 1708 1950 poeticae
1725 1908 1792 1939 vir-

374 1966 480 1999 tutis³
505 1975 574 1996 non
597 1964 699 1996 modo
724 1964 832 1996 secuti
848 1970 926 1995 sunt
942 1964 1078 2004 Tragici
1102 1964 1301 2004 Comicique
1325 1962 1514 1994 Auctores:
1540 1961 1598 1994 sed
1625 1961 1792 1993 Homerus

375 2021 480 2052 etiam
509 2023 546 2051 et
568 2019 735 2059 Virgilius
767 2022 965 2049 tenuerunt.
1011 2018 1221 2049 Divisionem
1254 2017 1400 2048 Actunm
1431 2017 1464 2047 in
1494 2015 1627 2047 Latinis
1656 2014 1793 2047 Fabulis

373 2074 607 2105 internoscere
623 2071 764 2103 difficile
780 2076 855 2103 est:
882 2081 1017 2103 causam
1035 2071 1238 2112 jamdudum
1255 2069 1574 2101 demonstravimus.
1619 2068 1718 2100 Unde
1734 2077 1792 2099 au-

376 2132 459 2167 tem,
475 2130 533 2158 aut
560 2135 626 2167 quo
649 2125 762 2166 modo,
788 2125 942 2166 quamvis
959 2134 1063 2164 aegre,
1089 2129 1203 2155 tamen
1228 2123 1374 2164 intelligi
1401 2122 1633 2164 distinguique
1649 2121 1793 2163 possint,

374 2185 430 2212 est
453 2189 569 2221 operae
598 2178 747 2220 pretium
776 2178 903 2209 dicei-‚e
948 2177 1125 2218 Principio
1154 2176 1337 2208 dicendum
1362 2181 1426 2216 est,
1451 2176 1578 2206 nullam
1603 2184 1794 2216 personam,

375 2243 549 2275 egressam
571 2227 767 2274 quinquies,
794 2232 885 2263 ultra
912 2230 1008 2262 exire
1035 2239 1148 2271 posse.
1192 2229 1260 2260 Sed
1289 2229 1348 2260 illa
1374 2238 1410 2259 re
1438 2229 1637 2269 plerumque
1662 2227 1791 2269 decipi-

372 2297 459 2326 mur,
475 2286 565 2329 quod
589 2294 781 2327 personam,
798 2294 875 2316 cum
904 2284 1064 2323 tacuerit,
1081 2292 1250 2324 egressam
1275 2281 1363 2313 falso
1387 2286 1568 2322 putamus.
1592 2291 1679 2322 quae,
1694 2280 1792 2312 nihil-

376 2341 506 2373 ominus
533 2340 567 2370 in
596 2338 777 2380 proscenio
800 2342 933 2378 tacens,
955 2336 1117 2378 loquendi
1145 2340 1279 2376 tempus
1306 2338 1483 2376 expectat.
1529 2334 1591 2366 Est
1616 2334 1721 2375 igitur
1745 2337 1795 2366 at-

376 2398 473 2426 tente
490 2390 844 2431 animadvertendum,
865 2390 922 2421 ubi
939 2394 976 2421 et
1002 2389 1138 2431 quando
1161 2398 1264 2420 scena
1291 2398 1395 2419 vacua
1412 2388 1457 2419 sit
1473 2387 1516 2419 ab
1538 2387 1692 2419 omnibns
1715 2397 1793 2428 per-

376 2447 480 2487 sonis,
500 2450 540 2478 ut
561 2446 595 2477 in
619 2455 660 2476 ea
685 2445 816 2476 Chorus
842 2444 896 2475 vel
920 2443 1062 2475 Tibicen
1089 2442 1200 2474 audiri
1225 2442 1359 2483 possit:
1383 2441 1475 2483 quod
1496 2451 1574 2472 cum
1596 2441 1793 2480 viderimus,

377 2501 426 2533 ibi
451 2500 575 2531 Actum
600 2508 675 2530 esse
707 2497 841 2530 finitum
866 2497 1028 2528 debemus
1052 2505 1250 2536 agnoscere.
1296 2494 1485 2527 Confundit
1514 2504 1608 2536 saepe
1633 2495 1794 2526 lectorem

377 2554 424 2594 id,
451 2552 539 2595 quod
565 2561 710 2593 persona
735 2551 769 2582 in
799 2551 967 2592 superiori
995 2560 1098 2582 scena
1124 2550 1297 2590 desinens,
1319 2554 1354 2580 et
1376 2549 1409 2579 in
1445 2549 1600 2590 proxima
1624 2547 1790 2587 incipiens

377 2607 482 2649 loqui,
498 2615 566 2637 non
592 2605 798 2646 intelligitur
826 2605 997 2645 ingressa:
1024 2602 1114 2645 quod
1133 2603 1242 2644 ipsum
1273 2602 1508 2643 experientes,
1533 2600 1648 2633 statim
1671 2599 1794 2641 dijudi-

380 2722 394 2749 l
445 2719 620 2759 Excerpta
654 2717 720 2748 Ms.
757 2718 796 2748 R.
835 2716 1040 2748 exhibiturus.
1139 2718 1158 2745 2
1180 2715 1235 2745 Ita
1251 2713 1293 2745 R.
1321 2713 1375 2745 Al.
1399 2714 1545 2745 ordinem.
1567 2713 1622 2745 Id.

338 2768 436 2802 Lind.
1139 2768 1157 2796 3
1184 2765 1238 2796 Al.
1253 2765 1380 2806 po‘e'ticae
1395 2764 1473 2795 artis
1489 2768 1520 2796 et
1534 2764 1609 2795 virt.
1632 2763 1686 2796 Id,
