1903 3306
326 246 411 288 292
823 256 861 283 P.
896 252 1136 282 TERENTII
1173 251 1289 281 Arm

328 353 397 394 Ea
416 352 513 404 lege
537 354 671 403 alque
695 349 857 398 omine,
893 351 953 397 ut,
975 347 1013 387 si
1046 352 1087 387 tc
1109 345 1211 385 inde
1232 342 1485 392 exemerim,
1518 355 1599 395 ego
1630 353 1710 395 pro
1740 332 1783 383 te

502 418 679 459 molam.

332 486 482 538 Quid?
513 485 596 525 hoc
619 480 909 524 intellextin’?
940 493 997 522 an
1018 479 1213 520 nondum
1234 477 1365 518 etiam
1386 490 1440 518 ne
1460 477 1544 518 hoc
1571 474 1782 530 quidem?

500 553 592 593 DA.
624 551 764 591 Immo
786 548 969 589 callide:
1725 543 1782 582 30

330 622 417 671 Ita,
449 625 601 674 aperte
645 619 790 671 ipsam
835 628 926 656 rem
956 614 1088 655 modo
1130 613 1323 660 locutus,
1367 610 1477 651 nihil
1522 609 1782 651 circuitione

497 698 605 726 usus
627 697 687 725 es.

330 756 395 797 S1.
427 753 587 794 Ubivis
622 750 797 791 facilius
818 760 980 803 passus
1010 747 1109 797 sim,
1143 759 1275 800 quam
1295 744 1340 785 in
1371 745 1453 786 hac
1474 757 1537 794 re,
1572 757 1641 785 me
1663 742 1782 785 delu-

499 820 610 860 dier.

330 889 424 930 DA.
459 887 585 927 Bona
605 886 741 926 verba
762 897 862 938 quae
892 897 931 924 o.

500 954 601 994 dico
628 953 724 1003 tibi,

993 883 1062 924 S1.
1093 881 1287 922 Irrides?
1320 879 1426 921 nihil
1439 892 1510 920 me
1528 878 1671 920 fallis:
1703 878 1782 920 sed

327 1091 423 1131 quoad
439 1090 505 1121 neci
516 1091 607 1120 datus
618 1090 696 1120 male
708 1097 814 1129 pereas
825 1099 835 1118 .·
858 1097 894 1119 ea
908 1086 1096 1125 conditione,
1111 1096 1203 1127 eoque
1212 1086 1360 1127 auspicio,
1374 1089 1421 1125 ut,
1435 1085 1462 1116 si
1477 1088 1507 1116 te
1519 1084 1592 1115 inde
1605 1081 1768 1114 exemerim
1779 1104 1790 1121 ,

328 1144 384 1172 ego
405 1143 460 1172 pro
476 1136 506 1163 te
527 1134 650 1163 molam.
697 1132 928 1162 Intellexistine
951 1130 1026 1170 quid
1049 1130 1105 1160 hoc
1119 1133 1185 1160 est?
1220 1130 1273 1160 An
1287 1131 1420 1159 nondum
1433 1138 1472 1159 ne
1486 1128 1542 1159 hoc
1557 1127 1676 1167 quidem
1691 1125 1784 1155 intel-

328 1174 426 1214 ligis?
472 1175 541 1205 DA.
564 1175 663 1205 Immo
687 1173 824 1214 perfecte
848 1172 992 1203 intellexi
1005 1183 1014 1202 .·
1038 1173 1085 1202 ita
1104 1173 1186 1202 clare
1210 1181 1274 1202 rem
1298 1171 1492 1211 expressisti,
1516 1170 1582 1201 sine
1603 1168 1783 1200 circuitione

327 1219 497 1248 verbm-nm.
545 1217 594 1248 S1.
618 1217 657 1247 In
672 1217 778 1256 quavis
798 1216 872 1251 alia,
885 1224 977 1254 quam
992 1214 1026 1244 in
1048 1214 1104 1244 hac
1118 1223 1164 1253 re,
1178 1223 1226 1245 me
1240 1214 1344 1254 decipi
1357 1214 1461 1254 potius
1473 1222 1581 1252 passus
1594 1211 1663 1242 sim.
1709 1209 1781 1239 DA.

330 1261 465 1291 Meliora
480 1261 612 1301 loquere,
626 1268 737 1300 quaeso.
782 1258 833 1289 Si.
856 1254 999 1288 Irrides?
1028 1257 1109 1287 nihil
1122 1266 1170 1287 me
1185 1257 1262 1287 lates
1273 1267 1283 1287 .·
1305 1258 1360 1288 sed
1377 1255 1555 1296 praenuntio
1570 1264 1608 1285 ne
1622 1257 1736 1285 temere
1749 1250 1784 1282 in

937 1369 1176 1383 eeeeeeeeeeee

329 1463 362 1493 in
377 1461 593 1502 depressione
609 1461 736 1500 latitet,
759 1459 970 1491 numerosior
997 1458 1145 1491 efficitur
1168 1459 1290 1496 oratio,
1315 1458 1343 1490 si
1359 1462 1437 1500 post
1453 1457 1620 1498 pistrinum
1636 1456 1781 1488 colloce-

331 1504 405 1536 tur!
431 1506 524 1536 Bent.
569 1504 626 1535 Sic
639 1504 670 1534 id
689 1503 824 1534 verbum
840 1503 1010 1534 collocant
1028 1503 1087 1533 Br.
1102 1503 1203 1534 Both.
1224 1502 1317 1533 Perl.
1364 1501 1520 1532 Collocat
1532 1509 1664 1530 versum
1682 1499 1783 1530 aliter

329 1547 443 1579 Guelf.
461 1550 491 1579 3.
505 1551 548 1585 te,
560 1547 642 1578 Dav.
660 1557 726 1586 usq.
743 1547 782 1576 ud
798 1555 862 1576 nec.
877 1546 909 1575 in
921 1546 996 1585 pist.
1011 1546 1169 1576 ἀρφ-30
1195 1544 1280 1580 Quid
1292 1545 1347 1575 hoc
1358 1542 1374 1575 2
1389 1544 1449 1574 int.
1469 1543 1529 1574 Br.
1553 1544 1562 1560 ‘
1576 1542 1715 1582 Signum
1734 1542 1782 1571 in-

332 1590 531 1630 terrogandi
541 1591 572 1620 in
585 1589 638 1619 ed.
649 1595 728 1619 ante
738 1588 846 1629 [post]
858 1587 961 1620 ‘Quid
974 1587 994 1618 ς’
1019 1588 1137 1619 recte)
1151 1588 1356 1619 B1·uns.-3l
1369 1585 1668 1616 lllsaeircumitione.
1683 1584 1782 1614 Lind.

333 1635 424 1672 Lege
440 1634 556 1663 circum
569 1632 666 1662 itione
689 1630 733 1662 ob
759 1630 859 1660 fidem
883 1630 1118 1660 nonnullorum
1144 1629 1243 1661 codd.
1270 1629 1327 1670 qui
1355 1628 1480 1659 habent
1506 1627 1730 1664 circumitione,
1746 1631 1781 1657 et

331 1675 482 1715 inprimis
499 1676 542 1705 ob
567 1684 660 1704 usum
690 1673 852 1713 loquendi
877 1672 965 1712 apud
982 1673 1141 1703 Plautum
1159 1678 1195 1703 et
1222 1672 1400 1707 Nostrum,
1425 1671 1481 1711 qui
1513 1678 1648 1709 semper
1664 1668 1782 1699 dicunt

327 1718 499 1748 circumire.
522 1718 624 1747 Bent.
655 1716 809 1756 Utroque
827 1715 925 1745 modo
942 1715 1069 1745 dicitur
1080 1715 1244 1745 circumire
1261 1719 1296 1745 et
1311 1713 1454 1744 circuire.
1467 1714 1508 1743 R.
1522 1712 1565 1743 D.
1612 1711 1780 1742 Circumil.

331 1761 390 1790 dat
402 1760 501 1790 Both.
546 1759 683 1789 Locutus
698 1767 740 1796 es,
751 1762 780 1788 et
797 1757 863 1787 ηἰΙι.
882 1756 997 1788 Guelf.
1013 1760 1131 1788 2.-—33
1151 1757 1277 1788 Nescio
1294 1746 1477 1797 quomodo,
1492 1755 1524 1786 h.
1540 1755 1565 1786 1.
1583 1763 1649 1785 non
1691 1754 1783 1784 lacet

330 1802 367 1833 τὸ
382 1804 447 1833 sed.
492 1802 526 1832 Si
543 1802 773 1841 conjecturam
791 1799 906 1830 faeere
929 1798 982 1830 fas
999 1803 1064 1836 est,
1079 1799 1222 1830 dixerim
1245 1800 1381 1830 literam
1398 1798 1425 1829 S
1439 1797 1622 1837 repetitam
1639 1805 1658 1827 e
1698 1805 1781 1836 pra>-

334 1845 478 1876 cedente
505 1845 514 1860 ‘
529 1843 640 1882 fallis‚’
665 1843 697 1873 D
715 1852 793 1873 vero
811 1852 852 1872 ex
871 1846 1036 1881 sequente
1060 1842 1140 1878 dico,
1157 1846 1258 1882 atque
1275 1841 1360 1872 adeo
1384 1840 1564 1880 legendum
1580 1848 1667 1877 esse,
1683 1839 1781 1876 edico,

332 1893 507 1927 totumque
521 1886 628 1917 locum
642 1886 687 1916 ita
699 1883 975 1924 distinguendum
993 1894 1000 1914 ε
1019 1884 1156 1915 Irrides?
1178 1884 1270 1915 Nihil
1285 1894 1332 1914 me
1342 1883 1443 1923 fallis.
1473 1882 1568 1913 Edico
1584 1881 1656 1919 tibi,
1672 1881 1722 1911 Ne
1737 1884 1783 1910 te-

332 1929 533 1967 merefaciasx
563 1929 710 1958 Dubium
728 1937 824 1957 omne
838 1927 925 1957 tollit
942 1926 1098 1957 Donatus
1116 1926 1159 1956 ad
1176 1935 1235 1957 111.
1251 1929 1282 1957 2.
1301 1929 1350 1957 15.
1365 1926 1423 1956 illa
1437 1929 1557 1955 notans
1574 1934 1582 1955 ι
1600 1923 1688 1954 ‘Hic
1701 1923 1781 1952 illud

333 1973 444 2003 redit:
472 1971 578 2002 Edico
593 1970 668 2008 tibi,
687 1971 739 2001 Ne
758 1975 886 2000 temere
905 1967 1033 1999 facias.’
1061 1968 1163 2000 West.
1209 1969 1317 2000 Recte
1335 1972 1421 2000 vett.
1437 1967 1543 1998 nostri
1560 1965 1657 1997 codd.
1670 1965 1783 1995 irrides

333 2017 406 2045 sine
423 2014 689 2053 interrogatione
705 2017 845 2053 ponunt.
891 2011 979 2041 Illud
998 2015 1111 2041 antem
1126 2012 1180 2042 sed
1194 2011 1262 2042 dico
1279 2021 1354 2042 cum
1372 2011 1403 2041 in
1428 2020 1464 2040 re
1487 2014 1555 2041 tam
1573 2007 1668 2049 gravi
1685 2007 1783 2038 nimis

334 2058 379 2089 sit
397 2056 561 2098 tepidum,
577 2055 807 2096 reponendum
825 2063 947 2085 censeo
973 2054 1069 2094 edico,
1085 2054 1115 2085 li.
1133 2063 1164 2085 e.
1181 2053 1357 2085 denuntio.
1382 2054 1479 2084 Beizt.
1523 2052 1604 2083 Sine
1619 2051 1782 2090 interrog.

990 2179 1020 2210 N
1027 2179 1130 2211 OTAE

378 2281 419 2310 28
442 2279 484 2309 Te
508 2278 541 2309 in
561 2277 729 2318 pistrinum
755 2274 879 2314 dedam]
914 2274 1031 2306 Pistri-

337 2340 414 2361 nnm
432 2331 526 2361 locus
543 2334 595 2360 est
609 2328 770 2370 pinsendo
788 2327 960 2357 frumento
974 2325 1032 2356 de·

338 2382 496 2421 minatus,
518 2380 573 2411 ubi
601 2380 698 2411 molae
723 2378 908 2417 trusatiles,
931 2377 1033 2409 dictae

337 2442 356 2462 a
372 2431 551 2471 trudendo,
568 2440 642 2472 quae
660 2428 922 2469 impellebantur
936 2437 953 2457 a
965 2437 1034 2458 ser-

337 2481 401 2521 vis,
418 2481 474 2522 qui
502 2491 562 2520 per
588 2480 774 2512 convicium
798 2478 894 2509 Asini
919 2478 1033 2508 audie·

339 2531 440 2570 bant;
480 2536 515 2562 et
541 2531 637 2561 molae
671 2539 804 2570 quoque
834 2528 1032 2559 contemtim

339 2580 515 2623 praesepia.
554 2580 640 2610 Anae
657 2584 753 2609 erant
771 2578 945 2609 versatiles
962 2577 1031 2608 dic-

339 2637 397 2670 ta),
413 2642 486 2672 quac
506 2630 725 2661 versabantur
743 2628 947 2668 ajumentis.

381 2684 422 2712 29
445 2682 546 2720 Atque
561 2678 675 2718 omine]
699 2679 761 2708 Est
782 2677 910 2717 signum
926 2676 1033 2708 futuri

339 2737 494 2763 eventus.
530 2731 644 2760 Plaut.
674 2729 706 2759 in
725 2728 860 2766 Casina,
891 2727 967 2757 Act.
990 2736 1031 2758 n.

337 2783 392 2815 Sc.
417 2786 448 2814 8.
488 2782 497 2799 ‘
515 2782 641 2813 Nostro
671 2779 782 2811 omine
809 2778 836 2809 it
860 2776 956 2809 dies.'
989 2777 1031 2807 Id

1086 2281 1151 2313 est,
1173 2276 1360 2317 auspicato,
1387 2273 1627 2315 feliciterque3
1657 2270 1693 2302 id
1718 2275 1784 2310 est,

1088 2329 1196 2360 Omen
1221 2332 1274 2359 est
1296 2331 1461 2365 nostrum,
1482 2333 1549 2355 non
1579 2321 1785 2354 adversario-

1088 2389 1173 2410 rum.

1131 2432 1171 2460 33
1199 2428 1292 2459 Nihil
1320 2437 1367 2458 me
1384 2425 1493 2466 fallis]
1526 2423 1567 2455 Id
1595 2426 1661 2461 est,
1682 2421 1782 2452 lates.

1089 2479 1192 2512 Ovid.
1216 2480 1313 2519 Eleg.
1338 2481 1369 2508 2.
1391 2477 1448 2508 lib.
1467 2484 1519 2507 ιν.
1535 2473 1638 2505 Trist.
1681 2472 1691 2490 ‘
1710 2471 1782 2502 Nos

1088 2530 1206 2571 procul
1239 2528 1399 2569 expulsos
1439 2524 1630 2558 communia
1659 2521 1783 2563 gaudia

1086 2579 1230 2612 fallunt.‘
1253 2579 1292 2610 Id
1308 2582 1371 2615 est,
1386 2578 1507 2608 latent.
1544 2575 1669 2606 Horat.
1697 2572 1707 2588 ⁴
1724 2571 1786 2603 Se-

1088 2631 1177 2672 getis
1193 2634 1288 2662 certa
1302 2628 1387 2659 fides
1404 2637 1487 2658 meae
1503 2625 1704 2664 Fulgentem
1720 2622 1781 2652 im-

1087 2682 1181 2723 perio
1197 2680 1320 2712 fertilis
1337 2678 1462 2710 Africae
1489 2675 1592 2707 Fallit
1613 2678 1706 2705 sorte
1723 2672 1781 2704 be-

1086 2731 1195 2763 atior!
