1903 3306
518 237 579 267 na
613 235 798 266 ME'rms
831 233 1188 265 TERENTIANIS.
1496 225 1579 266 ‘243

289 341 452 380 Tardior
471 348 514 379 ut
532 341 649 393 paulo
669 340 896 391 graviorque
917 338 1064 376 veniret
1084 338 1134 376 ad
1155 350 1283 384 aureS‚

289 403 507 455 Spondaeos
528 403 686 441 stabiles
707 403 744 440 in
759 403 850 453 jura
866 407 1029 453 paterna
1048 403 1194 453 recepit

289 468 528 506 Commodus
548 475 587 506 et
602 467 776 518 patiens;
806 479 885 504 non
905 472 948 504 ut
968 466 1016 504 de
1038 466 1132 504 sede
1152 466 1326 504 secunda

292 531 459 570 cederet
477 538 544 569 aut
564 537 702 581 quarta
721 529 938 568 socialiter:
967 529 1030 568 hic
1051 536 1090 567 et
1109 530 1147 566 in
1168 530 1264 568 Acci

292 594 497 632 Nobilibus
517 593 698 632 trimetris
719 598 880 644 apparet
897 605 1005 630 rarus
1033 601 1073 631 et
1092 593 1208 631 Enni.

292 658 335 695 In
357 671 512 696 scenam
528 658 672 696 missus
691 671 778 695 cum
797 670 941 708 magno
960 657 1131 708 pondere
1151 670 1283 695 versus

291 722 369 758 Aut
387 733 516 771 operae
536 720 670 759 celeris
692 720 850 757 nimium
870 733 1042 771 curaque
1063 722 1247 766 carentis,

292 785 371 822 Aut
389 785 579 835 ignoratae
599 784 736 836 premit
755 786 847 823 artis
867 785 1025 824 crimine
1042 785 1159 835 turpi.

294 848 383 885 Non
403 848 531 898 quivis
553 848 657 886 videt
675 848 928 886 immodulata
947 850 1131 900 poemata
1143 848 1266 899 judex
1284 861 1292 885 :

293 912 340 948 Et
361 911 454 949 data
470 912 657 950 Romanis
678 913 793 950 venia
813 919 873 950 est
892 912 1054 963 indigna
1072 912 1213 963 poetis.

293 974 493 1014 Idcircone
511 989 641 1026 vager,
662 976 906 1026 scribamque
926 975 1112 1014 licenter?
1139 982 1183 1013 ut
1201 988 1336 1014 omnes

292 1037 454 1076 Visuros
473 1046 635 1089 peccata
657 1045 787 1090 putem
807 1052 907 1085 mea,
926 1046 1034 1077 tutus
1054 1047 1094 1077 et
1113 1040 1213 1077 intra

295 1101 412 1151 Spem
432 1103 556 1141 veniae
576 1102 742 1140 cautus?
773 1103 888 1140 vitavi
909 1102 1078 1152 denique
1099 1102 1269 1153 culpam,

293 1166 382 1203 Non
402 1167 558 1205 laudem
578 1156 713 1206 merui.
768 1168 849 1206 Vos
866 1169 1103 1218 exemplaria
1124 1168 1266 1207 Graeca

298 1229 501 1269 Nocturna
519 1239 670 1270 versate
691 1246 823 1279 manu,
842 1240 995 1270 versate
1017 1232 1172 1270 diurna.

298 1294 348 1330 At
367 1294 483 1332 vestri
502 1297 633 1346 proavi
652 1297 858 1334 Plautinos
879 1303 918 1334 et
937 1309 1118 1334 numeros
1136 1304 1176 1334 et

299 1357 522 1397 Laudavere
545 1360 671 1398 sales:
702 1360 861 1398 nimium
880 1360 1072 1411 patienter
1091 1366 1311 1409 utrumque,

299 1421 359 1459 Ne
379 1422 521 1468 dicam,
542 1423 660 1462 stulte
680 1424 828 1466 mirati;
861 1423 892 1461 si
912 1424 1029 1461 modo
1049 1437 1123 1474 ego
1144 1430 1182 1460 et
1202 1437 1270 1461 vos

299 1485 451 1523 Scimus
472 1486 703 1525 inurbanum
721 1487 852 1538 lepido
875 1499 1061 1538 seponere
1083 1487 1200 1533 dieto,

299 1549 608 1601 Legitimumque
629 1563 767 1588 sonum
789 1548 922 1601 digitis
940 1550 1128 1588 callemus
1148 1556 1186 1588 et
1206 1562 1310 1588 aure.

142 1644 322 1683 Candide
342 1645 467 1696 magis
488 1644 536 1684 de
556 1645 603 1683 iis
616 1645 782 1696 judicat,
799 1646 1096 1684 venustissimus
1118 1646 1156 1683 in
1179 1646 1283 1684 tenui
1305 1645 1462 1684 materia
1479 1646 1596 1696 scrip=

141 1717 213 1756 tor,
234 1709 489 1748 Terentianus
509 1709 685 1756 Maurus,
707 1722 743 1760 p.
767 1710 888 1746 2433.

408 1795 600 1847 Culpatur
620 1802 750 1834 autem
771 1806 903 1832 versus
922 1794 962 1830 in
982 1792 1213 1844 Tragoediis,

406 1859 458 1896 Et
474 1871 583 1896 rarus
604 1858 722 1896 intrat
742 1870 789 1895 ex
808 1856 945 1895 iambis
966 1856 1145 1895 omnibus
1162 1870 1171 1894 :

413 1923 466 1960 Ut
484 1922 550 1960 ille
569 1930 719 1968 contra,
740 1922 805 1972 qui
827 1920 1001 1959 secundo
1021 1927 1060 1958 et
1077 1920 1220 1958 talibus

410 1986 636 2038 Spondaeon
657 1994 724 2025 aut
744 1999 859 2036 quem
880 1998 1100 2036 comparem
1121 1984 1317 2036 receperit.

411 2050 491 2088 Sed
509 2050 576 2100 qui
595 2049 796 2101 pedestres
817 2048 970 2086 fabulas
992 2049 1116 2091 Socco
1136 2053 1327 2098 premunt,

410 2114 463 2152 Ut
481 2127 570 2164 quae
590 2113 803 2164 loquuntur
823 2118 951 2150 sumta
967 2110 1015 2149 de
1035 2111 1115 2148 vita
1134 2119 1261 2161 putes,

411 2177 564 2215 Vitiant
582 2177 738 2214 iambon
758 2175 946 2213 tractibus
969 2174 1206 2225 spondaicis,

413 2241 464 2277 Et
484 2240 522 2277 in
544 2239 719 2278 secundo
738 2246 777 2277 et
796 2238 934 2276 ceteris
955 2251 1067 2288 aeque
1088 2238 1185 2276 locis
1202 2251 1210 2274 :

414 2303 628 2354 Fidemque
649 2303 750 2340 fictis
766 2301 859 2339 dum
879 2308 1089 2352 procurant
1108 2301 1263 2348 fabulis,

417 2368 461 2405 In
482 2375 606 2406 metra
624 2373 804 2419 peccant,
825 2372 921 2413 arte,
940 2378 1019 2403 non
1038 2365 1216 2404 inscitia:

416 2432 477 2469 Ne
499 2431 577 2469 sint
595 2443 737 2468 sonora
757 2430 872 2467 verba
892 2428 1203 2473 consuetudinis,

415 2495 661 2546 Paulumque
681 2506 814 2531 rursus
836 2506 859 2530 a
876 2492 1012 2530 solutis
1030 2492 1223 2529 differant.

416 2559 548 2610 Magis
569 2559 637 2597 illa
660 2557 804 2596 nostri:
837 2569 926 2595 nam
947 2557 1026 2594 fere
1048 2555 1199 2594 Graecis
1219 2561 1335 2592 tenax

413 2623 518 2660 Cura
538 2628 598 2660 est
616 2621 747 2667 iambi,
770 2621 828 2659 vel
844 2620 1006 2658 novellis
1028 2619 1202 2665 comicis,

415 2687 487 2725 Vel
508 2687 573 2738 qui
593 2693 747 2725 vetusta
765 2685 983 2736 praecluent
1001 2683 1215 2722 Comoedia.

153 2762 333 2801 Ceterum
368 2761 474 2813 quod
508 2761 546 2799 in
579 2761 753 2812 utrisque
783 2761 975 2812 vituperat
995 2759 1174 2805 Flaccus,
1206 2764 1243 2797 et
1272 2758 1309 2795 in
1340 2755 1507 2793 Comicis
1536 2767 1600 2792 exa
