1945 3296
333 220 390 262 58
786 235 967 266 weron
1003 236 1067 265 DE
1101 236 1351 268 coMOEnrA.

332 324 402 362 viri
422 324 669 376 foeminaeque
690 326 739 364 ad
755 328 989 379 explendum
1011 329 1118 367 chori
1140 343 1341 368 numerum
1369 331 1645 370 adhiberentur
1664 333 1806 383 (quod

332 388 474 427 secisse
494 389 636 438 dicitur
656 391 803 441 primus
824 394 994 431 omniurn
1021 395 1218 446 Tyrtaeus)
1250 408 1375 433 mares
1393 395 1596 433 dimidium
1624 397 1789 434 excede-

330 453 440 490 bant.
499 454 539 490 Si
570 455 692 504 pueri,
725 463 806 493 tum
838 456 1001 494 foeminis
1035 457 1186 496 illorum
1212 457 1333 508 major
1364 472 1547 496 numerus
1567 465 1662 497 erat.
1720 459 1788 497 Sin

333 522 462 554 autem
482 517 551 554 viri
569 524 733 564 tantum,
747 519 910 569 juvenes
930 520 1080 559 scilicet
1110 534 1155 560 ac
1177 535 1305 568 senes,
1325 521 1539 560 identidem
1559 524 1688 574 poetae
1707 535 1790 560 ma-

326 579 434 631 jores
454 580 652 627 tredecim,
673 581 886 620 minoribus
906 584 1086 623 undecim
1108 585 1389 632 admiscebant,
1413 593 1545 637 utpote
1561 599 1724 637 quorum
1741 586 1790 624 de

334 644 491 682 nomine
510 644 652 682 chorus
673 645 945 696 appellaretur.
991 649 1164 692 Quilibet
1185 657 1311 688 autem
1334 663 1381 687 ex
1397 649 1457 687 his
1478 650 1619 688 chorus
1639 649 1677 687 in
1695 662 1791 701 qua-

335 713 423 745 tuor
443 709 503 756 (ut
522 707 648 757 aiunt)
675 710 776 758 Ξυγὰ
797 710 1054 759 dividebatur,
1088 726 1248 764 quorum
1285 713 1440 764 singula
1461 726 1529 751 sex
1549 713 1794 752 continerent

336 771 555 810 saltatores.
630 772 829 820 Comicus,
865 775 1038 826 inquam,
1073 776 1148 814 hoc
1187 783 1303 827 pacto
1341 776 1483 814 chorus
1519 777 1792 828 apparabatur.

339 834 456 881 Nam,
478 836 578 873 sicut
596 835 805 888 AEschylus
826 837 945 884 canit,
968 839 1143 890 quinque
1164 846 1316 877 tantum
1330 846 1368 877 et
1383 840 1518 878 decern
1535 841 1574 878 in
1586 840 1795 891 Tragoedia

340 899 562 937 constabat.
631 900 911 952 Interdumque
946 902 1149 941 dimidiato
1189 916 1351 941 nurnero
1388 903 1519 952 (sicuti
1552 904 1694 942 Pollux
1727 905 1797 954 ait)

342 962 600 1000 semichorum
634 963 766 1001 induci
800 965 913 1003 facile
945 965 1156 1003 admodum
1190 973 1251 1004 est
1277 965 1423 1004 videre.
1483 966 1590 1005 Idem
1623 973 1794 1005 attamen

342 1026 475 1064 scribit
503 1025 543 1062 in
574 1027 703 1065 Veteri
730 1028 934 1078 Tragoedia
963 1029 1125 1066 chorum
1156 1029 1362 1067 saltatores
1394 1029 1578 1068 habuisse
1603 1030 1796 1081 quinqua*

343 1089 475 1140 ginta:
504 1103 650 1138 verum,
684 1091 868 1142 quoniam
890 1093 1099 1144 AEschylus
1120 1093 1280 1131 totidem
1302 1093 1539 1131 Eumenidas
1563 1093 1797 1141 induxisset,

343 1167 432 1204 quae
457 1159 581 1192 totum
613 1167 693 1206 prae
727 1155 976 1195 multitudine
1011 1157 1203 1196 theatrum
1224 1164 1558 1204 consternassent‚
1590 1158 1796 1197 cohibente

342 1217 430 1268 lege
461 1217 512 1255 ad
544 1218 746 1268 pauciores
780 1233 866 1257 esse
896 1221 1119 1259 deventum.
1176 1222 1351 1260 Arbitror
1384 1223 1498 1260 etiam
1531 1222 1570 1260 in
1596 1222 1798 1261 Comoedia

344 1294 433 1318 cum
466 1282 622 1319 Donato
645 1282 760 1333 longe
793 1283 923 1334 plures
955 1286 1003 1322 ab
1023 1285 1132 1323 initio
1153 1286 1273 1324 fuisse
1303 1292 1496 1333 cantores,
1527 1286 1709 1338 quoniam
1737 1289 1798 1334 (ut

345 1345 576 1384 Aristoteles
608 1347 645 1383 in
681 1346 859 1384 Naturali
892 1349 1061 1399 quadam
1093 1350 1210 1387 sentit
1244 1349 1487 1399 Quaestione)
1519 1349 1628 1387 multi
1646 1348 1796 1388 facilius

345 1422 497 1447 servare
519 1423 698 1448 numeros
719 1419 896 1461 possunt.
939 1413 1039 1450 Cum
1059 1413 1175 1464 igitur
1195 1421 1285 1464 post
1306 1413 1448 1451 fabulae
1469 1414 1673 1464 prologum
1694 1420 1801 1452 esset

346 1473 583 1511 orchestram
602 1474 860 1524 ingressurus,
883 1477 913 1513 si
925 1477 1078 1515 rusticis
1096 1484 1306 1523 constaret,
1326 1477 1497 1515 adextro
1514 1477 1632 1515 latere
1650 1478 1801 1516 solebat

347 1537 491 1574 emitti:
523 1537 581 1574 sin
604 1545 731 1575 autern
753 1538 924 1586 urbanis,
952 1552 974 1577 a
1008 1541 1163 1578 sinistra
1183 1547 1292 1592 parte
1317 1541 1509 1591 prodibat,
1530 1541 1800 1592 quadrataque

347 1600 472 1638 forma
492 1602 712 1638 consistens
732 1601 961 1640 recedentes
995 1603 1201 1642 histriones
1231 1605 1475 1642 observabat.
1532 1604 1686 1643 Deinde
1706 1618 1800 1643 con·

347 1677 482 1703 versus
496 1664 545 1702 ad
563 1673 816 1715 spectatores,
830 1679 1184 1719 quorsumcumque
1200 1668 1343 1719 septies
1358 1668 1800 1715 theatrum-intuebatur,

349 1728 588 1778 totidemque
610 1729 825 1767 cantilenas
846 1730 1048 1768 moderato
1070 1739 1182 1782 gestu
1214 1733 1516 1783 pronuntiabat:
1552 1732 1658 1783 quod
1688 1745 1801 1770 omne

349 1792 559 1842 παράβασις
581 1794 628 1830 ab
654 1793 913 1844 Aristophane
945 1794 1118 1844 pluribus
1155 1796 1192 1832 in
1228 1795 1324 1832 locis
1355 1805 1616 1846 nuncupatur.
1673 1796 1803 1835 Prima

348 1856 464 1907 igitur
481 1857 676 1894 cantilena
696 1857 826 1894 statim
845 1859 892 1895 ab
914 1858 1142 1896 histrionum
1161 1859 1339 1896 discessu
1361 1860 1512 1909 prolata
1534 1862 1679 1909 κορωνὶς
1697 1873 1803 1898 corn-

349 1920 455 1958 muni
476 1921 629 1958 nomine
650 1920 803 1959 dicitur.
861 1921 975 1967 Nam,
997 1922 1183 1973 quicquid
1204 1934 1371 1972 persona
1395 1923 1575 1972 quapiam
1596 1923 1803 1962 recedente
1851 1920 1857 1923 Α

348 1992 542 2030 cantatur,
563 1985 800 2034 grammatici
824 1984 1003 2023 Comicos
1035 1992 1273 2035 exponentes
1307 1985 1480 2034 κορωνίδα
1509 1986 1638 2024 solent
1670 1988 1804 2038 appel-

350 2048 442 2085 lare.
499 2049 718 2097 Κομμάτιον
739 2061 828 2086 vero
848 2049 998 2100 proprie
1019 2049 1173 2096 dicitur,
1194 2057 1386 2100 quatenus
1405 2049 1453 2087 de
1469 2050 1586 2088 choro
1603 2058 1802 2102 amputata

351 2112 551 2162 recisaque
573 2112 762 2161 particula
783 2112 954 2150 videtur:
996 2112 1034 2149 id
1057 2125 1080 2150 a
1099 2112 1330 2163 quibusdam
1364 2114 1523 2150 ε’ἰσθεσις
1541 2122 1654 2164 χοροῦ
1682 2115 1805 2151 nomi-

353 2182 479 2212 natur.
538 2175 734 2221 Secunda,
756 2175 982 2225 παράβασις,
1003 2188 1080 2213 non
1112 2189 1225 2214 secus
1261 2189 1306 2214 ac
1339 2184 1420 2213 tota
1452 2177 1607 2214 saltatio
1641 2177 1803 2216 dicitur:

354 2238 538 2290 quoniam
558 2239 677 2284 illinc,
708 2239 773 2276 ubi
804 2240 1032 2277 constiterat
1063 2240 1219 2286 chorus,
1254 2241 1441 2290 populum
1462 2253 1596 2278 versus
1631 2240 1803 2280 incedit:

356 2303 435 2340 sive
456 2304 696 2348 ἀνάπαιστος,
718 2316 763 2340 eo
779 2303 883 2354 quod
906 2304 1125 2353 frequenter
1145 2304 1415 2355 hujuscemodi
1430 2311 1568 2341 cantus
1582 2313 1804 2355 anapaestos

354 2373 572 2416 usurparet.
630 2366 758 2404 Tertia
777 2372 921 2414 πνῖγος,
942 2373 1009 2404 aut
1029 2369 1182 2416 μακρὸν,
1202 2367 1397 2404 cantilena
1419 2367 1568 2405 scilicet
1586 2369 1646 2417 (ut
1666 2368 1805 2408 Pollux

357 2430 426 2477 ait)
448 2443 525 2467 una
545 2430 700 2480 spiritus
720 2431 969 2468 contentione
990 2431 1155 2482 prolata,
1175 2444 1264 2481 quae
1284 2431 1358 2468 tria
1378 2431 1636 2482 sejunguntur
1665 2433 1713 2469 ab
1747 2433 1806 2470 in-

355 2493 492 2538 vicem,
527 2505 615 2529 cum
646 2493 807 2530 alterum
841 2493 950 2530 alteri
984 2493 1130 2530 nullam
1164 2494 1306 2532 habeat
1337 2494 1539 2532 rationem.
1597 2493 1695 2537 Quae
1715 2509 1806 2535 vero

359 2562 588 2606 sequuntur,
624 2554 721 2592 inter
759 2568 800 2592 se
838 2556 1006 2606 quadam
1057 2563 1148 2594 sunt
1185 2559 1331 2594 ratione
1374 2557 1596 2608 conjuncta,
1629 2559 1809 2599 videlicet

361 2620 495 2668 στροφὴ
530 2618 588 2655 vel
621 2617 709 2669 ᾠδὴ,
743 2618 822 2655 sive
856 2623 980 2669 μέλος,
1014 2620 1213 2672 ε’·πίῤῥημα,
1247 2623 1483 2671 ἀντίστροφος
1514 2621 1572 2658 vel
1593 2622 1747 2674 ἀντῳὸι),
1770 2630 1809 2663 et

359 2683 627 2731 ιἰντεπίῤῥημα,
647 2681 753 2731 quod
776 2682 861 2720 loco
883 2683 1046 2733 septimo
1067 2685 1310 2729 cantabatur,
1330 2689 1463 2735 στροφὴ
1483 2685 1583 2721 enim
1605 2686 1685 2723 sive
1705 2689 1806 2725 ἀντί-

363 2754 513 2798 στροφος
533 2745 711 2783 membris
734 2753 772 2783 ct
804 2747 1016 2785 carminum
1051 2760 1189 2798 genere
1210 2748 1388 2798 quadrat.
1448 2749 1596 2787 Rursus
1623 2751 1806 2801 ἑπίῤῥημα
