1903 3306
271 209 357 252 452
681 242 685 246 .
767 222 806 251 P.
839 221 1083 252 TERENTH
1117 221 1234 252 Aeni

272 316 362 356 ΡΑ.
395 314 488 356 Res
508 313 737 356 indicabit.
798 314 941 365 Heus,
959 314 1117 369 jubete
1136 316 1249 357 istos
1270 316 1390 358 foras

272 384 424 432 Exire,
447 395 563 436 quos
577 382 711 436 jussi,
735 394 900 435 ocyus:
932 382 1126 436 procede
1147 387 1192 424 tu
1212 383 1314 424 huc.

270 451 345 491 Ex
366 450 594 504 [Ethiopia
617 453 846 503 estusque
866 450 979 492 haec.
1040 451 1168 492 Tun.
1201 451 1293 493 Hic
1314 455 1416 494 sunt
1434 456 1523 493 tres
1543 452 1689 494 minae.

271 517 368 559 GN.
399 517 506 557 Vix.
567 517 654 558 PA.
688 517 780 558 Ubi
801 523 848 558 tu
869 530 931 568 es,
965 518 1117 559 Dore?
1149 519 1314 561 accede
1343 519 1445 562 huc.
1506 520 1626 562 Hem
1656 533 1730 563 eu-

441 585 634 626 nuchum
656 585 760 626 tibi!
1115 584 1117 587 ’

271 652 420 703 Quam
441 652 609 693 liberali
628 652 757 702 facie,
778 665 910 707 quam
932 655 1067 694 aetate
1088 654 1278 706 integra!
1673 655 1730 696 20

267 720 357 761 ΤΗ.
391 719 461 760 Ita
499 733 569 760 me
612 720 672 760 Di
705 724 863 770 ament,
896 720 1108 762 honestus
1148 724 1229 762 est.
1290 721 1379 762 ΡΑ.
1411 720 1536 772 Quid
1568 725 1618 762 tu
1645 721 1730 772 ais,

440 785 650 827 Gnatho?

268 854 500 907 Numquid
523 855 676 903 habes,
700 855 821 908 quod
843 857 1128 898 contemnas?
1161 857 1267 911 quid
1284 859 1331 898 tu
1346 856 1728 908 autem‚Thraso‘?

264 921 459 974 Tacent3
490 923 600 962 satis
620 923 820 964 laudant.
882 925 977 966 Fac
1007 923 1256 978 periculum
1277 925 1323 966 in
1341 925 1502 977 literis,

266 988 360 1030 Fae
382 990 424 1030 in
446 989 676 1043 palaestra,
708 991 751 1031 in
772 992 959 1033 musicis
977 1006 987 1034 z
1020 1005 1120 1046 quae
1142 992 1328 1033 liberum

260 1107 356 1135 cetur.
401 1105 503 1144 Heus,
515 1105 623 1144 jubete
637 1106 699 1137 ista
723 1106 887 1148 mancipia,
913 1117 980 1147 quae
987 1107 1086 1147 jussi,
1103 1108 1197 1146 foras
1208 1109 1333 1150 prodire
1355 1109 1474 1140 statim.
1521 1110 1580 1149 Tu,
1595 1105 1730 1140 mulier!

256 1148 386 1186 procede
408 1148 477 1180 lucc.
533 1149 613 1180 Hoec
640 1158 680 1180 ex
695 1150 856 1191 AEthiopia
882 1161 976 1190 usque
1002 1152 1129 1182 aduecta
1152 1155 1209 1183 est.
1253 1153 1349 1184 THR.
1375 1152 1451 1183 Tres
1474 1151 1569 1183 mina:
1589 1161 1647 1192 pro
1672 1150 1730 1182 hac

252 1189 385 1225 soemina
415 1201 556 1232 earperzsae
579 1196 664 1223 sunt.
711 1193 782 1224 GN.
814 1193 886 1224 Viae.
932 1194 1000 1223 ΡΑ.
1029 1194 1089 1224 Ubi
1119 1197 1154 1225 tu
1175 1205 1219 1236 es,
1253 1196 1361 1226 Dore?
1395 1195 1504 1226 accede
1527 1195 1598 1227 huc.
1644 1194 1729 1225 Hem

261 1232 445 1264 Eunuchum
474 1235 554 1271 tibi,·
585 1245 675 1275 qnam
697 1236 784 1265 vultu
810 1235 958 1274 ingenuo,
987 1246 1048 1267 non
1075 1237 1194 1277 servili,
1220 1247 1311 1277 quum
1332 1237 1466 1278 florenti
1495 1241 1597 1269 aetate.
1653 1237 1725 1267 ΤΗ.

262 1275 316 1304 Ita
340 1285 386 1306 me
413 1277 471 1307 Dii
492 1281 607 1316 ament,
637 1279 761 1316 elegans
782 1282 829 1309 est
856 1281 886 1308 et
906 1278 1075 1316 formosus.
1121 1279 1189 1311 ΡΑ.
1217 1280 1302 1314 Quid
1326 1280 1384 1311 tibi
1415 1280 1547 1317 uidetur,
1580 1279 1729 1311 Gnatho?

259 1317 383 1357 Ecquid
406 1319 555 1351 invenisti
579 1322 658 1360 quod
687 1320 720 1351 in
746 1330 779 1351 eo
812 1321 913 1361 possis
940 1321 1184 1361 reprehendere?
1222 1323 1337 1354 Tacent
1351 1333 1363 1359 ;
1398 1323 1522 1354 silentio
1549 1322 1628 1354 satis
1660 1323 1730 1353 lau-

260 1360 347 1401 dant,
371 1365 402 1392 et
422 1372 455 1393 se
481 1363 610 1402 probare
634 1363 828 1405 confitentur.
873 1364 939 1396 Fac
965 1364 1208 1404 ecqaerz'mentum
1237 1366 1272 1396 in
1301 1365 1414 1407 literis,
1433 1365 1491 1404 sac
1511 1365 1545 1397 in
1568 1366 1727 1407 palaestra,

884 1448 904 1459 θ’
907 1448 1113 1460 ΟΝΜΝΙΟ

259 1500 341 1532 Viro
360 1505 472 1532 tamen
490 1502 592 1534 docto
610 1503 771 1544 frigidum
788 1504 925 1536 videtur
939 1509 1009 1544 aut,
1035 1509 1072 1537 et
1096 1515 1116 1536 a
1140 1505 1304 1547 magistro
1321 1516 1380 1537 suo
1394 1505 1588 1537 desciscens
1601 1505 1635 1537 in
1652 1509 1726 1537 tex-

260 1549 329 1573 tum
347 1545 467 1576 ascivit
483 1546 568 1577 haut.
618 1546 719 1588 Atqui
748 1557 809 1578 sua
834 1548 958 1579 Thraso
987 1548 1078 1579 dona
1106 1549 1247 1589 pulchra
1273 1559 1348 1580 esse
1364 1548 1549 1580 arbitratus
1565 1553 1637 1580 est:
1662 1548 1726 1581 hoc

260 1591 403 1619 cei-tum.
449 1588 541 1629 Ergo
559 1598 600 1619 ex
618 1589 686 1621 ista
701 1590 872 1621 sententia
889 1591 936 1622 sic
952 1591 1088 1623 locutus
1103 1597 1154 1622 est
1171 1592 1274 1623 Miles
1289 1603 1296 1622 z
1313 1592 1512 1633 Perpulchra
1525 1593 1618 1623 credo
1633 1593 1727 1630 dona,

258 1629 333 1659 haut
348 1630 488 1670 pulchris
504 1632 630 1664 similia.
676 1633 793 1664 Satine
811 1633 926 1674 placet
940 1634 951 1664 ?
998 1634 1124 1666 Nonne
1140 1635 1203 1666 lioe
1221 1635 1431 1676 percepisse,
1448 1635 1474 1665 si
1489 1634 1532 1666 ab
1548 1634 1659 1666 ironia
1675 1634 1725 1666 in-

258 1672 364 1711 cipiat
380 1675 562 1713 sententia,
578 1675 612 1705 iu
630 1675 750 1706 eadem
766 1685 907 1707 necesse
933 1686 1006 1707 esse
1028 1682 1066 1708 ut
1084 1677 1241 1709 desinat?
1287 1677 1395 1718 Atqui
1421 1677 1581 1717 Codices,
1605 1677 1665 1717 ait,
1689 1682 1727 1710 et

258 1715 319 1746 Pr.
338 1726 368 1755 p.
396 1718 470 1746 983.
493 1718 579 1748 haut.
626 1717 682 1748 Ita
711 1724 780 1758 est,
804 1724 840 1750 et
867 1719 899 1749 id
932 1724 1031 1750 norat
1060 1720 1229 1752 Fae'rnus:
1255 1720 1315 1751 sed
1341 1719 1536 1762 fragmenta
1559 1720 1726 1762 ejusmodi

256 1758 513 1790 mendosissime
530 1759 699 1799 feruntur,
725 1766 953 1801 praeterquam
978 1762 1012 1793 in
1028 1763 1086 1793 illo
1104 1764 1220 1802 verbo,
1237 1763 1334 1803 cujus
1350 1763 1462 1804 gratia
1478 1764 1640 1795 citantur.
1683 1762 1726 1794 In

256 1800 324 1830 isto
342 1801 511 1832 Prisciani
527 1803 603 1833 loco
621 1808 658 1834 ut
673 1805 748 1834 Ἰιαηι
773 1814 835 1844 pro
859 1809 927 1841 aut,
951 1805 1000 1836 ita
1015 1815 1142 1837 munera
1160 1816 1221 1846 pro
1239 1807 1318 1837 dona
1335 1807 1436 1838 etiam
1454 1806 1488 1836 in
1504 1806 1642 1846 scriptis
1664 1814 1724 1836 ex-

256 1843 473 1882 emplaribus.
523 1846 614 1876 Num
631 1846 680 1876 sic
699 1857 833 1887 quoque
850 1848 903 1878 liic
921 1848 1091 1885 legemus?
1139 1848 1186 1879 At
1214 1849 1294 1879 alibi
1322 1859 1356 1888 p.
1382 1851 1478 1880 1041.
1504 1849 1649 1879 eundem
1674 1848 1723 1879 lo-

256 1895 332 1916 cum
350 1886 490 1917 laudans
505 1888 584 1919 dona
599 1887 725 1927 habet;
752 1895 786 1920 et
804 1890 850 1920 ibi
868 1890 932 1920 ‹lno
951 1890 1096 1922 Codices
1114 1891 1257 1931 Collegii
1276 1892 1427 1922 Caiensis
1442 1894 1498 1922 aut
1513 1891 1628 1932 plane,
1653 1900 1722 1922 non

254 1929 340 1960 haut.
364 1930 468 1960 Bent.
513 1930 581 1961 Aut
597 1931 639 1962 al.
655 1931 797 1963 ironice.
842 1933 1039 1964 Notandum
1069 1938 1122 1964 est
1149 1934 1394 1975 antiquitatem
1421 1935 1441 1965 Ιι
1467 1934 1567 1965 litera
1595 1942 1723 1966 carere.

256 1971 344 2002 Perl.
390 1973 455 2002 Aut
477 1976 594 2005 tuetur
616 1974 675 2005 Fa.
703 1978 741 2005 ut
769 1974 878 2005 ironia
905 1977 1135 2008 continuetur.
1180 1978 1262 2008 Tam
1280 1977 1430 2017 sapiens,
1447 1976 1631 2016 eredimus,
1655 1986 1723 2008 non

257 2013 323 2044 fnit
340 2014 454 2045 Miles.
472 2015 634 2055 Βίρ.-17
651 2017 749 2057 Sunt,
765 2017 821 2058 qui
839 2019 1023 2049 maximam
1041 2018 1176 2058 στιγμὴν
1193 2024 1270 2059 post
1287 2020 1394 2059 ‘jussi
1407 2019 1414 2032 '
1431 2024 1574 2060 ponunt.
1607 2019 1722 2050 Minus

256 2061 429 2088 accurate.
452 2058 552 2090 West.
583 2059 767 2099 Bip.jussi.
788 2060 891 2101 Ocyus
905 2071 954 2101 pr.
980 2061 1104 2092 Glossa
1119 2063 1176 2093 τοῦ
1191 2063 1250 2094 Br.
1267 2067 1364 2094 notat
1380 2072 1440 2103 pro
1457 2072 1528 2093 var.
1544 2063 1564 2092 l.
1582 2061 1725 2093 interro-

254 2099 425 2139 gationem
444 2106 522 2140 post
536 2101 546 2118 ‘
561 2102 778 2142 ocyus-⁷—23
799 2102 912 2135 Tacent
925 2114 936 2135 .·
959 2104 1088 2136 laudant
1104 2106 1171 2137 Ms.
1190 2105 1286 2146 Lips.
1316 2106 1507 2138 West.—26
1524 2105 1563 2136 Si
1576 2105 1620 2136 sit
1635 2115 1721 2146 opus.

926 2189 1071 2221 NOTAE

298 2252 338 2281 18
362 2250 428 2282 Hic
450 2254 524 2282 sunt
546 2255 611 2282 tres
636 2252 744 2293 mz’noe]
778 2253 959 2285 Talentum
1015 2254 1132 2296 itaque
1155 2255 1243 2287 hanc
1266 2255 1404 2297 ingenui
1429 2255 1526 2296 pueri
1548 2253 1720 2287 doceban-

255 2299 412 2333 Atticum
444 2303 591 2335 habebat
610 2308 663 2336 60.
691 2305 810 2337 minas.
855 2306 959 2338 Valet
1017 2309 1085 2346 tur,
1111 2310 1146 2337 et
1163 2307 1305 2338 Oratori
1322 2305 1475 2346 inprimis
1493 2305 1721 2338 necessariam

253 2359 434 2385 sexcentos
452 2355 643 2386 Coronatus
658 2360 807 2396 nostros,
832 2357 865 2388 id
894 2362 958 2397 est,
1015 2366 1088 2388 esse
1101 2357 1221 2388 scribit
1238 2357 1482 2390 Quintilianus.

254 2406 348 2435 1800.
368 2405 470 2435 libras
495 2406 736 2438 Turonenses:
763 2408 880 2449 itaque
898 2409 956 2439 mi-
1056 2408 1098 2438 In
1113 2407 1260 2447 Musicis]
1295 2407 1334 2438 In
1363 2406 1510 2446 Graecia,
1536 2406 1594 2448 qui
1619 2407 1720 2438 musi-

253 2463 297 2484 na
314 2455 405 2485 valet
423 2457 474 2486 30.
492 2455 596 2486 libras
611 2456 843 2489 Turonenses.
1013 2467 1087 2489 cam
1100 2458 1310 2497 nesciebant,
1325 2457 1541 2488 habebantur
1553 2456 1720 2488 indoctio-

296 2506 336 2534 24
371 2505 411 2535 In
437 2506 599 2546 palaestra]
635 2507 804 2539 Palaestra
832 2508 956 2541 Graece
1012 2516 1086 2539 res:
1120 2512 1158 2539 ut
1195 2507 1438 2539 Themistocles
1466 2507 1602 2539 habitus
1640 2506 1721 2548 fuit,

256 2554 348 2584 lucta
380 2559 451 2585 est:
480 2556 645 2596 accipitur
673 2557 777 2588 etiam
812 2567 872 2598 pro
902 2558 957 2589 de·
1012 2567 1088 2589 cum
1118 2559 1152 2589 in
1183 2558 1340 2590 convivio
1368 2558 1477 2599 lyram
1513 2563 1718 2590 recusasset.

252 2605 343 2635 ceuti
371 2612 465 2636 motu
484 2611 653 2647 gestuque
669 2608 773 2639 totius
792 2610 958 2650 corporis,
1011 2608 1080 2640 Sed
1107 2609 1376 2649 EpaminondaS,
1415 2607 1590 2639 referente
1618 2609 1718 2640 Cice-

252 2664 352 2695 quem
369 2655 462 2686 Galli
481 2661 615 2697 vocant,
630 2661 835 2695 contemnem
859 2660 956 2700 cujus
1013 2668 1109 2698 rone,
1125 2659 1249 2690 fidibus
1262 2659 1425 2700 praeclare
1435 2658 1592 2690 canebat.
1637 2659 1716 2690 Mu-

252 2710 485 2746 praeceptores
498 2706 835 2749 Palaestriciquoque
850 2709 955 2749 dicti;
1011 2710 1081 2740 sica
1098 2710 1156 2740 illa
1173 2710 1285 2750 prisca
1302 2708 1456 2750 plurimis
1471 2708 1594 2741 abhinc
1618 2710 1715 2741 annis

252 2760 298 2795 et,
314 2755 371 2796 qui
388 2756 486 2796 liujus
502 2757 613 2797 ignari
630 2762 741 2798 erant,
757 2759 932 2799 apalaestri
951 2771 960 2798 3
1011 2769 1076 2791 non
1094 2764 1256 2801 corrupta
1271 2763 1413 2800 tantum,
1433 2759 1492 2791 sed
1506 2759 1661 2800 ignorata
1678 2764 1715 2792 et
