1903 3306
317 208 397 249 152
708 215 884 246 sumus
918 214 1084 245 effisAR
1119 212 1365 243 scAumER

313 301 447 351 versus
469 317 535 349 aut
555 311 681 360 ipsum
714 308 930 360 disjecisse,
962 313 1030 344 aut
1060 306 1220 344 aliorum
1256 306 1403 344 incuria
1437 305 1586 343 solutos
1606 313 1775 356 praeter-·

314 372 406 414 isse.
465 375 528 413 Sic
550 375 651 411 enim
672 373 828 424 legendi
852 378 968 410 sunt:
1010 376 1019 392 ‘
1037 370 1137 414 Quid
1163 370 1280 408 tristis
1302 370 1374 408 es?
1419 370 1563 420 rogitas
1592 383 1666 416 me,
1700 372 1767 408 ubi

320 440 432 478 nobis
455 438 663 476 AEschinus
695 437 789 482 Siet,
811 436 904 486 quid
925 435 1044 473 tristis
1065 447 1138 484 ego
1159 433 1260 472 sim?
1289 433 1419 471 dixine
1440 433 1514 472 hoc
1534 432 1642 471 fore?
1671 434 1766 483 quid

314 504 345 542 is
370 501 507 540 Fecit?
537 501 630 552 quid
651 501 712 538 ille
733 498 894 538 fecerit?
924 511 1036 550 quem
1055 511 1179 548 neque
1201 496 1346 548 pudet.’
1401 497 1476 534 Ubi
1491 497 1662 542 verbum,
1678 496 1765 542 siet,

315 567 431 604 unica
450 565 600 617 syllaba
633 570 858 603 concretum
892 563 947 600 fit.
1005 562 1069 599 Sic
1103 561 1217 599 etiam
1252 574 1297 598 ex
1330 559 1488 598 Andriae
1514 560 1580 598 illo
1611 559 1765 598 sibilum

315 629 488 675 abstulit,
509 641 585 667 non
615 627 718 665 unde
751 627 912 665 debuit:
954 630 963 647 ‘
982 626 1079 670 Quis
1113 626 1228 675 igitur
1259 632 1320 662 est
1352 624 1509 662 relictus
1537 622 1767 675 objurgandi

315 692 452 731 locus?
469 692 478 707 ¹
535 692 710 737 Sibilum,
731 690 869 741 inquit,
888 690 926 726 in
948 689 1190 740 pronomine,
1225 688 1337 734 Quis,
1367 687 1536 726 eliditur.
1594 689 1645 725 At
1664 699 1769 732 vero,

319 769 406 794 cum
426 755 645 794 necessario
675 753 863 791 iambicus
900 753 963 799 sit,
997 752 1105 790 nullo
1132 758 1248 803 pacto
1269 751 1319 788 ad
1353 763 1439 789 eum
1459 749 1616 788 modum
1636 762 1769 788 secare

317 821 458 870 possis,
481 819 550 857 sed
570 832 616 856 ex
646 817 852 869 participio
872 815 1069 854 tollendus
1091 821 1163 853 est.
1222 813 1300 852 Sed
1320 820 1360 851 et
1392 812 1499 851 illum
1518 813 1619 850 male
1648 812 1769 850 dime-

320 884 412 921 titus
443 889 527 921 est:
573 887 582 903 ‘
597 880 712 927 Perii,
751 881 912 918 obsecro
930 892 939 917 :
978 886 1057 917 tam
1091 877 1293 916 infandum
1324 877 1475 915 facinus
1508 889 1596 914 mea
1629 882 1685 923 tu,
1719 889 1768 914 ne

320 946 449 984 audivi
471 944 654 997 quidem.'
710 944 835 988 Quem
857 943 950 982 dicit
981 955 1068 981 esse
1097 942 1333 981 trochaicum
1355 939 1648 979 catalecticum:
1678 953 1767 977 cum

319 1011 369 1048 sit
399 1011 548 1060 integer
585 1008 797 1059 quadratus
836 1007 1037 1053 iambicus,
1076 1019 1203 1056 neque
1238 1005 1288 1043 ad
1325 1004 1562 1043 trochaicum
1597 1004 1769 1054 torqueri

320 1074 455 1125 possit.
499 1072 609 1111 Sicut
624 1079 663 1110 et
681 1071 966 1123 praecedentem
988 1070 1093 1108 illum
1111 1085 1120 1108 ε
1153 1076 1163 1091 ‘
1183 1070 1296 1107 Forte
1318 1068 1367 1106 ad
1388 1081 1458 1105 nos
1478 1066 1657 1105 redierit:
1688 1067 1768 1105 vise

319 1138 458 1175 amabo
478 1150 569 1175 num
585 1136 749 1187 sitjam:
785 1136 872 1173 faxo
894 1135 1023 1173 scias.'
1058 1135 1170 1179 Nam,
1191 1141 1234 1170 ut
1254 1133 1436 1171 evaderet
1451 1131 1769 1182 amphimacrum,

320 1214 396 1238 non
411 1208 470 1239 est
484 1200 627 1238 veritus
643 1199 793 1237 trahere
807 1199 865 1236 sui
880 1198 1064 1236 trochaici
1085 1197 1250 1235 caudam
1267 1197 1380 1234 etiam
1398 1197 1496 1233 ultra
1513 1202 1602 1232 octo
1619 1193 1740 1245 pedes
1756 1206 1765 1230 z

321 1266 392 1303 nisi
413 1271 579 1315 argutet,
600 1264 714 1310 scias,
744 1277 830 1302 esse
851 1262 1188 1314 monosyllabum3
1219 1261 1301 1306 sed,
1334 1275 1422 1299 cum
1443 1273 1578 1298 omnes
1607 1259 1661 1297 illi
1693 1259 1773 1296 sint

321 1328 513 1379 quadrati,
533 1328 647 1365 etiam
665 1327 771 1366 hunc
801 1327 1007 1365 iambicum
1042 1326 1187 1371 malim,
1218 1326 1325 1362 nulla
1357 1324 1459 1362 facta
1479 1324 1516 1360 in
1537 1323 1660 1374 prima
1678 1334 1772 1360 voce

322 1392 546 1430 collisione:
577 1396 586 1412 ‘
605 1390 693 1434 Quo
714 1390 777 1428 ille
798 1390 902 1428 abire
923 1390 1086 1441 ignavos
1106 1389 1231 1439 possit
1252 1388 1420 1438 longius,
1441 1386 1513 1424 nisi
1534 1387 1566 1423 si
1587 1385 1775 1423 dommu!

326 1457 367 1493 ln
389 1455 558 1505 Prologo
579 1456 708 1492 autem
725 1453 899 1499 Andriae,
920 1466 966 1491 eo
986 1466 1099 1490 versu
1118 1465 1127 1490 ε
1160 1457 1169 1473 ‘
1186 1453 1285 1489 Nam
1306 1452 1343 1488 in
1364 1450 1535 1502 prologis
1556 1448 1773 1487 scribundis

325 1532 483 1571 operam
521 1518 690 1556 abutitur
708 1517 729 1556 ε’
769 1530 856 1555 cum
897 1517 1044 1554 diceret
1081 1515 1186 1553 vocis
1215 1515 1346 1565 hujuS,
1388 1514 1573 1564 prologis,
1611 1513 1774 1562 primam

325 1583 514 1634 syllabam
536 1595 623 1620 esse
644 1594 666 1619 a
685 1580 864 1618 Terentio
890 1579 1135 1630 productam,
1157 1577 1309 1615 addidit
1330 1590 1422 1614 sane
1443 1576 1630 1613 rationem
1659 1574 1776 1612 frivo-

326 1647 401 1684 lam
419 1660 427 1684 z
474 1646 622 1692 Latina,
649 1644 788 1695 inquit,
810 1642 1092 1681 consuetudine
1110 1655 1119 1679 :
1161 1641 1301 1692 quibus
1322 1652 1405 1677 mos
1437 1645 1497 1677 est
1521 1651 1604 1676 eam
1624 1650 1777 1689 praepo-

325 1710 502 1748 sitionem
531 1708 762 1760 productam
797 1707 951 1745 habere.
1009 1706 1110 1743 Nam
1145 1704 1182 1741 in
1219 1703 1363 1741 Latinis
1385 1703 1509 1741 verbis
1543 1701 1778 1753 producant,

326 1774 365 1811 in
387 1773 536 1812 Graecis
558 1778 686 1810 autem
709 1770 946 1816 abstineant,
971 1768 1043 1806 nisi
1062 1768 1138 1807 alia
1156 1768 1213 1806 vis
1234 1766 1382 1805 subsit:
1412 1767 1512 1804 sicut
1531 1766 1569 1802 in
1582 1765 1654 1802 hac
1668 1777 1778 1810 voce,

328 1838 392 1877 ubi
408 1835 554 1887 liquida
569 1835 636 1873 illa
652 1835 884 1886 geminatur,
900 1833 1000 1871 sicut
1011 1834 1048 1870 in
1064 1831 1529 1871 Heautontimorumeno:
1550 1835 1558 1851 ‘
1572 1829 1777 1866 Oratorem

328 1901 449 1939 voluit
468 1912 555 1938 esse
576 1913 652 1944 me,
673 1911 751 1937 non
771 1898 990 1950 prollogum
1006 1910 1015 1934 :
1033 1897 1041 1911 ’
1070 1904 1109 1934 et
1129 1909 1175 1934 ex
1195 1895 1366 1945 Prologo
1385 1892 1631 1932 Truculenti:
1674 1897 1683 1912 ‘
1699 1891 1779 1930 Sed

329 1965 531 2015 relliquam
548 1963 618 2002 dat
637 1975 806 2014 operam,
826 1976 874 2000 ne
894 1962 944 2000 sit
965 1961 1183 2012 reliquom.'
1237 1960 1287 1997 Et
1308 1959 1398 1997 illo:
1428 1962 1437 1979 ‘
1456 1959 1508 1995 Ut
1540 1955 1791 2012 pernoscatis„

330 2028 471 2080 ecquid
507 2028 588 2079 spei
609 2028 659 2065 sit
693 2026 909 2077 reliquum.y
978 2026 1092 2071 Nam,
1127 2024 1200 2062 nisi
1233 2024 1308 2061 hoc
1347 2020 1448 2060 soliti
1485 2026 1617 2058 essent
1639 2019 1780 2064 facere,

330 2092 434 2130 mille
455 2092 540 2130 aliae
560 2092 631 2129 viae
653 2097 763 2129 erant
783 2090 831 2128 ad
862 2090 997 2128 eadem
1020 2102 1134 2141 paene
1153 2089 1270 2127 verba
1291 2100 1401 2124 versu
1423 2083 1709 2128 concludenda,
1739 2088 1782 2119 ut

331 2168 409 2192 rem
426 2167 564 2192 novam
595 2154 769 2191 evitaret.
826 2153 970 2190 Verum
1005 2166 1107 2190 nova
1138 2163 1383 2201 nequaquam
1401 2155 1508 2187 erat:
1539 2145 1609 2184 sed
1630 2147 1678 2184 ab
1699 2145 1780 2184 Ho—

330 2230 434 2256 mero
454 2230 606 2268 usque:
638 2229 726 2254 nam
760 2216 798 2253 in
822 2216 986 2266 Hymnis
1022 2218 1147 2266 μέλος,
1176 2215 1213 2251 in
1251 2213 1371 2251 Iliade
1394 2213 1542 2260 ἑλώρια,
1575 2217 1691 2261 atque
1709 2209 1784 2247 alia

330 2281 527 2333 produxit.
586 2280 789 2330 Etiamque
824 2292 928 2317 nunc
958 2279 1090 2316 multae
1114 2279 1291 2316 nationes
1325 2276 1424 2314 adeo
1445 2287 1576 2313 crasse
1596 2286 1680 2311 eam
1698 2272 1785 2310 lite-

332 2358 413 2383 ram
433 2344 696 2396 pronuntient,
714 2350 758 2381 ut
777 2343 881 2381 intus
897 2356 983 2381 esse
1001 2342 1183 2394 aspiratio
1200 2341 1375 2379 videatur
1393 2354 1402 2384 ;
1434 2337 1590 2383 Gabali,
1609 2336 1786 2382 Arverni,

336 2408 479 2454 Graeci,
498 2407 696 2452 Germani,
727 2407 902 2457 Ligures,
923 2406 1092 2444 Taurini.
1149 2406 1330 2443 Ceterum
1360 2403 1476 2442 etiam
1497 2401 1573 2439 alia
1594 2400 1690 2438 ratio
1710 2406 1785 2437 est,

335 2480 379 2511 ut
415 2479 454 2510 et
499 2484 633 2509 versus
682 2470 743 2508 ille
792 2471 949 2521 Prologi
985 2476 1153 2516 constet,
1206 2481 1332 2519 neque
1366 2465 1513 2517 liquida
1556 2464 1786 2515 geminetur.

339 2538 455 2581 Sane,
487 2534 517 2571 si
553 2546 637 2571 eam
658 2546 805 2580 vocem,
838 2548 926 2586 quae
960 2534 998 2572 in
1019 2548 1064 2572 eo
1085 2547 1198 2572 versu
1229 2533 1352 2584 prima
1381 2536 1455 2576 est,
1484 2541 1561 2566 non
1595 2526 1783 2566 collidas:

337 2598 441 2650 quod
464 2610 568 2647 saepe
588 2596 677 2634 alibi
699 2603 737 2634 et
756 2598 793 2634 in
816 2611 874 2643 ea,
902 2605 940 2636 et
961 2599 998 2635 in
1020 2598 1104 2636 aliis
1125 2597 1339 2635 factitatum
1359 2601 1418 2632 est
1436 2606 1446 2631 ι
1477 2592 1578 2629 sicut
1596 2592 1633 2628 in
1655 2591 1786 2627 Eunu-

338 2663 433 2699 clio:
464 2666 473 2682 ‘
495 2662 580 2697 Una
600 2661 650 2698 ire
671 2674 757 2698 cum
781 2662 905 2699 amica
924 2663 1191 2713 imperatorem
1225 2660 1262 2697 in
1285 2660 1346 2696 via
1364 2670 1372 2694 :
1388 2657 1397 2670 '
1437 2657 1474 2693 in
1496 2653 1667 2692 secunda
1684 2656 1786 2690 enim

339 2726 432 2763 sede
453 2725 630 2776 dactylus
649 2730 722 2769 est,
743 2737 867 2775 neque
884 2726 1106 2777 praepositio
1128 2723 1347 2762 colliditur:
1390 2720 1443 2758 ita
1469 2718 1509 2755 in
1540 2717 1606 2755 illo
1639 2717 1671 2754 si
1691 2728 1785 2754 con-
