1903 3306
665 227 733 256 nr.
761 226 1027 256 'rniffln'ria
1486 222 1569 262 257

112 323 262 364 cilium
281 322 473 363 fortasse
494 322 727 362 comicum.
789 321 939 362 Unum
959 334 1062 362 vero
1098 327 1167 362 est
1198 336 1337 375 genus
1369 325 1570 376 perfecti,

110 402 138 430 a
158 403 246 443 quo
266 391 344 444 qui
365 390 540 440 absunt,
572 402 725 442 genere
748 389 967 440 differunt,
998 394 1047 431 ut
1078 390 1136 431 ab
1158 388 1300 431 Accio
1321 391 1569 443 Terentius,

111 457 188 498 sed
209 458 253 498 in
272 456 426 497 eodem
445 469 530 498 non
549 461 653 498 sunt
674 469 820 511 pares.

738 555 796 596 Et
815 556 942 597 infra.

168 635 309 676 Iidem
330 639 372 676 et
397 633 608 675 Andriam
639 638 684 675 et
705 634 1008 689 Synephebos,
1038 649 1122 677 nec
1142 637 1288 678 minus
1310 637 1568 680 Terentium

108 708 150 746 et
182 702 426 752 Caecilium,
458 715 591 755 quarn
628 701 921 743 Menandrum
954 704 1114 756 legunt.
1176 704 1311 755 Quod
1344 710 1410 748 est
1441 708 1571 760 igitur

108 784 256 812 eorum
277 772 319 811 in
341 771 612 811 orationibus
634 784 658 811 e
679 770 844 811 Graeco
876 772 1103 812 conversis
1134 772 1379 823 fastidium,
1402 775 1567 816 nullum

107 851 205 879 cum
228 838 289 879 sit
310 839 355 878 in
377 839 579 880 versibus
599 839 618 879 'l

492 938 590 980 Lib,
617 950 704 980 VII.
727 939 872 994 Epist.
893 939 935 981 3.
958 940 1014 982 ad
1039 940 1177 983 Attio.

164 1022 352 1064 Secutus
379 1034 493 1072 sum,
523 1035 609 1063 non
640 1023 743 1064 dico
767 1024 1014 1076 Caecilium,
1048 1025 1185 1067 Mane
1220 1032 1267 1067 ut
1289 1040 1345 1068 ex
1367 1032 1497 1081 portu
1529 1031 1568 1072 in

108 1090 343 1140 Piraeeum,
370 1089 540 1145 (malus
562 1091 681 1131 enim
716 1095 870 1133 auctor
901 1094 1140 1134 latinitatis
1171 1093 1277 1148 est,)
1310 1095 1387 1135 sed
1408 1095 1570 1137 Teren-

104 1158 232 1207 tium,
252 1158 378 1211 cujus
399 1158 613 1208 Fabellae,
636 1162 814 1213 propter
835 1160 1097 1214 elegantiam
1119 1163 1339 1203 sermonis
1353 1165 1569 1216 putaban—

106 1231 179 1265 tur
200 1239 228 1266 a
243 1225 293 1266 C.
311 1226 454 1268 Laelio
478 1226 637 1267 scribi:
670 1226 782 1268 Heri
804 1228 974 1282 aliquot
992 1229 1310 1271 adolescentuli
1333 1232 1504 1274 coimus
1525 1234 1569 1273 in

106 1292 344 1335 Piraeeum.

720 1368 771 1409 In
796 1367 953 1410 Laelio.

163 1445 218 1486 In
238 1443 406 1486 Andria
430 1443 662 1486 familiaris
681 1459 805 1486 meus
826 1445 1061 1488 Terentius
1083 1448 1207 1490 dixit.

103 1565 310 1606 permiseris.
347 1567 392 1598 Et
408 1567 674 1609 excogitandum
692 1573 809 1600 tamen

104 1616 233 1658 aliquid
247 1615 325 1658 fuit,
341 1627 383 1649 ne
401 1618 476 1649 sine
491 1619 620 1650 ratione
637 1620 810 1651 videretur

102 1666 283 1707 disputari.
328 1669 338 1685 ‘
356 1668 528 1708 Quando,’
548 1669 672 1712 *inquit
702 1670 809 1701 Scali-

101 1725 174 1756 ger,
196 1718 272 1749 ‘res
288 1727 328 1749 eo
346 1718 514 1758 perducta
537 1724 602 1754 est,
627 1724 664 1751 ut
690 1730 752 1751 nos
775 1721 808 1751 in

101 1767 217 1809 lingua
235 1769 360 1809 patria,
381 1769 444 1800 hoc
468 1774 532 1810 est,
556 1771 678 1801 Latina
701 1771 806 1802 simus

101 1819 289 1859 peregrini,
317 1829 418 1860 quam
449 1830 492 1850 ex
524 1820 719 1852 nitidissimi
750 1831 807 1853 cu-

93 1869 220 1911 jusque
249 1871 400 1902 auctoris
422 1870 584 1912 operibus
613 1871 806 1903 emendica-

100 1924 183 1960 tam,
199 1920 240 1951 ad
265 1931 317 1960 ea,
332 1931 409 1961 quae
428 1922 604 1962 sentimus,
619 1923 807 1963 applicare·

100 1980 195 2010 mus;
218 1975 322 2012 atque
338 1972 372 2002 in
389 1981 430 2003 ea
442 1973 658 2004 Terentianae
676 1974 806 2004 mundi-

99 2021 156 2053 tiae
169 2021 320 2062 potiores
335 2027 453 2054 essent
469 2023 597 2054 salibus
609 2024 802 2056 Plautinis:

100 2078 264 2112 qnantum
294 2078 438 2113 propter
464 2074 566 2105 animi
591 2075 802 2115 voluptatem

98 2122 294 2153 tribuerunt
311 2123 437 2154 Plauto
450 2124 575 2163 Prisci,
599 2130 731 2156 tantum
755 2136 800 2157 ae-

97 2176 151 2203 tas
178 2176 294 2203 nostra
309 2172 353 2204 ob
369 2173 494 2213 linguae
512 2175 643 2206 Latinae
659 2176 800 2216 cultum,

94 2222 269 2253 Terentio.
298 2221 362 2253 Ille
378 2222 482 2261 igitur
497 2223 631 2254 illorum
650 2225 802 2256 secunda

95 2271 234 2304 fortuna
245 2272 501 2304 commendatus
516 2285 524 2305 ε
551 2274 605 2305 hic
618 2279 735 2306 nostra
743 2276 805 2307 mi-

97 2324 189 2355 seria
204 2334 345 2365 magnus
362 2323 472 2356 factus
487 2331 550 2358 est.
596 2326 685 2358 Nam
710 2328 804 2369 eqni-

98 2373 177 2405 dem
206 2374 366 2405 Plautum
392 2379 430 2406 nt
458 2375 646 2416 Comicum,
676 2377 804 2409 Teren-

96 2423 180 2455 tium
212 2428 251 2456 ut
278 2425 468 2456 locutorem
500 2425 717 2459 admirabor!
762 2427 798 2458 Si

95 2473 233 2506 miseria
256 2475 401 2517 junioris
430 2477 495 2508 aevi
525 2487 663 2509 causam
700 2478 799 2510 dedit

96 2523 291 2566 ἁμαρτήματι
328 2528 465 2568 κριτικῷ,
501 2527 583 2569 quid
606 2537 688 2569 ergo
719 2533 798 2560 ante

95 2578 147 2606 tot
161 2576 284 2607 saecula
299 2576 480 2608 Horatium
496 2578 616 2618 movit,
632 2585 669 2610 ut
690 2580 799 2611 stulti-

95 2625 153 2656 tiae
165 2627 353 2666 postularet
362 2637 434 2668 eos,
451 2628 507 2669 qui
521 2629 606 2660 sales
624 2630 799 2662 Plautinos

96 2677 138 2708 ad
153 2677 382 2710 urbanitatem
396 2684 432 2711 et
443 2680 595 2721 leporem
609 2679 799 2714 referrent?

94 2732 133 2758 nt
150 2737 217 2758 non
235 2729 370 2769 phrasin
388 2731 495 2771 magis
511 2731 683 2772 Terentii,
700 2742 798 2773 quam

94 2777 184 2809 sales
201 2784 239 2809 et
252 2779 386 2820 lepores
410 2786 504 2812 tanto
527 2782 640 2814 studio
662 2793 800 2815 consee-

182 2831 296 2873 Delple.
308 2836 336 2864 et
353 2833 425 2865 Var.
442 2835 527 2866 (Ilus.

865 1570 1024 1600 taretur?
1072 1570 1118 1601 At
1138 1581 1223 1601 unus
1244 1576 1278 1602 et
1302 1572 1385 1603 item
1412 1572 1499 1603 alter
1527 1572 1568 1603 ob

865 1621 972 1651 solum
992 1621 1117 1662 linguae
1138 1623 1269 1654 Latinae
1291 1623 1435 1655 nitorem
1460 1634 1570 1665 nuper

864 1675 996 1702 tantum
1008 1673 1168 1704 Terentio
1186 1673 1319 1705 tribuit.
1345 1674 1486 1714 Nescio,
1500 1675 1571 1715 qui-

864 1731 938 1753 nam
957 1722 1005 1753 illi
1021 1721 1170 1754 fuerint:
1195 1724 1343 1755 omnium
1360 1725 1497 1755 minime
1513 1724 1569 1756 de-

864 1773 964 1804 cebat
980 1772 1190 1814 scaligerum
1209 1775 1240 1804 in
1254 1784 1295 1805 eo
1312 1784 1453 1806 numero
1472 1785 1544 1806 esse
1560 1786 1566 1806 :

862 1823 930 1865 qni,
945 1824 970 1854 si
989 1828 1085 1855 tanta
1103 1825 1292 1856 intensione
1309 1826 1412 1856 animi
1428 1831 1569 1858 tractas·

862 1874 1139 1913 setTerentium,
1155 1876 1489 1916 quantaVirgilium,
1502 1886 1567 1908 nou

862 1925 972 1955 minus
1002 1925 1198 1966 perfectum
1226 1926 1258 1956 in
1276 1936 1337 1957 suo
1353 1937 1457 1968 opere
1473 1928 1568 1959 illum

862 1984 925 2015 pei·
953 1975 1064 2006 omnia
1088 1975 1296 2016 judicasset.
1339 1977 1424 2009 Sunt
1442 1983 1568 2019 autem,

860 2030 899 2056 ut
915 2025 1072 2056 omnibus
1089 2030 1198 2067 patet,
1213 2027 1302 2059 inter
1326 2028 1476 2059 eruditos
1501 2039 1567 2060 nou

860 2076 973 2115 pauci,
996 2081 1030 2107 et
1045 2075 1197 2116 fuerunt,
1222 2078 1278 2118 qui
1301 2079 1491 2109 orationem
1505 2080 1566 2110 Te·

859 2127 959 2157 rentii
1007 2129 1132 2158 merito
1174 2129 1308 2170 quidem
1343 2129 1563 2171 adamarunt,

857 2177 959 2217 longe
974 2178 1070 2218 plura
1086 2183 1212 2219 autem,
1234 2180 1268 2211 id
1294 2185 1359 2220 est,
1387 2181 1498 2218 omnia
1514 2192 1568 2223 ea,

859 2229 981 2269 quibus
995 2239 1100 2270 opera
1117 2231 1310 2271 hujusmodi
1327 2233 1565 2264 commendan-

859 2282 927 2314 tur,
952 2279 985 2310 in
1002 2288 1042 2311 eo
1060 2279 1218 2311 admirati
1234 2285 1335 2313 sunt:
1360 2292 1425 2314 nec
1441 2288 1480 2314 ut
1495 2285 1503 2301 ‘
1518 2284 1563 2314 lo-

859 2330 996 2361 cutoris'
1020 2330 1125 2371 (absit
1152 2332 1331 2363 verborum
1361 2333 1485 2374 vilitas,
1507 2334 1564 2365 ubi

858 2380 933 2420 plus
949 2390 1049 2421 quam
1068 2381 1173 2412 verba
1195 2383 1415 2422 spectantur)
1442 2383 1502 2415 sed
1527 2388 1564 2415 ut

855 2431 986 2462 Comici
998 2435 1032 2462 et
1043 2432 1239 2473 Philosophi
1252 2434 1365 2465 exacti
1377 2434 1440 2465 hoc
1451 2444 1563 2466 exem—

855 2481 930 2522 plar
958 2481 1021 2512 sibi
1054 2488 1315 2522 proposuerunt.
1368 2485 1563 2524 Enimvero,

855 2533 912 2574 qui
939 2538 1066 2574 praeter
1086 2535 1211 2575 stylum
1237 2535 1320 2566 nihil
1348 2535 1381 2566 in
1401 2537 1564 2568 Terentio

855 2594 970 2615 amare
988 2584 1121 2621 didicit,
1138 2595 1213 2616 euni
1237 2596 1257 2616 a
1279 2587 1390 2618 Musis
1413 2593 1448 2619 et
1476 2588 1563 2619 Gra-

858 2635 912 2666 tiis
929 2645 1004 2667 enm
1022 2636 1167 2668 maxime
1184 2638 1331 2669 alienum
1355 2649 1441 2679 esse,
1462 2649 1562 2671 nemo

856 2686 998 2717 abnuat.
1044 2687 1113 2718 Sed
1141 2687 1212 2719 haec
1238 2689 1403 2720 hactenus
1430 2691 1471 2721 ad
1490 2692 1562 2724 ιΙιιΙ.

855 2736 984 2777 Scalig.
1004 2737 1102 2768 Poe't.
1121 2739 1179 2769 lib.
1201 2748 1255 2770 ιιι.
1274 2749 1350 2780 cap.
1368 2744 1422 2771 96.
1448 2747 1481 2771 el
1500 2742 1559 2772 lih.

857 2796 907 2817 vr.
923 2796 1001 2828 cap.
1017 2789 1048 2819 2.
1075 2789 1130 2819 Jo.
1142 2789 1248 2821 Henr.
1261 2790 1427 2821 Baeccerusi

771 2838 891 2871 Terent.
1445 2845 1472 2874 R
