1945 3296
359 243 568 276 PETrTUS
604 244 665 274 DE
701 242 893 273 ORDJNE
929 240 1296 270 connssniAssunn
1475 229 1558 269 103

97 346 345 382 innocentem
366 339 555 392 syllabam
577 337 774 383 damnare,
809 347 943 374 vocem
975 334 1111 372 tollere
1133 334 1224 371 aiibi
1245 339 1314 370 aut
1333 333 1555 378 emendare,

98 407 168 446 sed
189 407 336 444 sincere
356 402 404 441 de
424 401 647 440 auctoribus
683 412 728 438 ac
761 400 876 437 rebus
905 397 1084 449 judicare
1105 411 1113 435 :
1145 396 1250 448 quod
1284 404 1322 433 et
1356 395 1492 433 solidae
1520 406 1558 433 et

96 470 289 509 absolutae
309 466 541 506 eruditionis
559 471 632 503 est.
692 463 792 510 Quo,
813 463 851 500 ni
873 462 999 508 fallor,
1033 474 1166 498 omnes
1188 459 1418 510 aspiramus.
1479 459 1558 497 Ne-

96 547 172 586 que
189 533 271 571 ulla
289 532 329 570 in
349 545 389 569 re
409 530 532 580 magis
551 528 763 579 antiquitas
798 526 950 579 praeivit
968 525 1093 563 nobis.
1151 524 1210 561 De
1232 522 1468 560 Auctoribus
1490 536 1560 560 au-

95 607 173 637 tem
190 595 372 641 Cornicis,
393 600 478 632 uter
490 592 628 630 melius
641 591 819 642 judicare
837 589 1028 641 potuerit;
1050 589 1132 626 isne
1145 588 1210 638 qui
1232 594 1348 625 aetate
1369 586 1435 624 illa
1450 586 1557 633 vixit,

94 675 174 714 qua
192 660 243 699 ad
264 671 456 698 summum
476 657 629 695 eulmen
649 654 780 706 poesis
798 654 987 705 pervenit,
1005 653 1070 704 qui
1088 652 1213 690 Po'e'ta
1233 652 1430 697 Summus,
1453 664 1558 688 sum-

94 738 181 763 mus
198 724 380 771 Crisscus,
399 721 636 760 familiariter
656 732 743 758 cum
762 718 920 756 Caesare
941 717 1121 767 Augusto
1143 729 1188 754 ac
1211 715 1430 753 Maecenate
1454 715 1557 759 vixit,

95 801 305 839 eorumque
325 793 442 838 atque
461 785 624 823 aliorum
654 782 830 835 quotidie
859 781 909 819 de
939 781 999 818 his
1025 779 1176 831 judicia
1207 779 1379 822 audivit;
1412 791 1460 816 au
1492 778 1557 829 qui

94 853 210 892 hodie
229 853 366 890 harum
386 863 509 889 rerum
529 849 645 902 plane
664 847 829 900 imperiti
844 845 1045 898 judicant3
1069 844 1142 896 ipsi
1164 843 1340 882 viderint.

688 1160 968 1197 PETITUS

409 1271 486 1302 DE
524 1268 772 1302 ORDINE
811 1266 1246 1300 COMOEDIARUM

575 1366 717 1408 PUB.
753 1364 1081 1407 TERENTH.

95 1505 250 1542 OMNIA
273 1515 350 1539 non
372 1506 464 1539 sunt
483 1499 601 1551 plana
621 1506 736 1550 atque
754 1498 917 1548 liquida.
959 1498 1126 1535 Primam
1150 1495 1320 1533 omnium
1338 1495 1555 1532 ANDRIAM

92 1581 193 1614 esse,
213 1567 337 1618 liquet
354 1578 403 1604 ex
422 1565 595 1610 Donato,
618 1562 852 1601 Praefatione
871 1562 910 1598 in
929 1560 1140 1598 Andriam:
1172 1565 1181 1581 ‘
1202 1559 1300 1596 Haee
1321 1558 1445 1609 prima
1465 1565 1556 1596 acta

92 1638 153 1670 est
172 1631 291 1669 Ludis
313 1626 637 1680 Megalensibus?
658 1629 733 1665 διο.
790 1625 1003 1664 Suetonius
1032 1624 1283 1675 Tranquillus
1312 1623 1349 1660 in
1370 1622 1462 1660 Vita
1481 1622 1556 1659 Te-

90 1696 225 1734 rentii:
256 1700 267 1717 ‘
287 1693 452 1746 Scripsit
473 1692 696 1731 Comoedias
719 1705 801 1739 sex,
831 1704 879 1729 ex
911 1691 1052 1741 quibus
1073 1690 1236 1742 primam
1257 1688 1445 1726 Andriam
1465 1699 1553 1724 cum

94 1760 286 1799 AEdilibus
307 1756 446 1796 daret?
500 1756 616 1801 Quod
638 1763 677 1795 et
696 1762 890 1794 testantur
910 1755 950 1792 hi
968 1767 1102 1793 versus
1124 1753 1163 1791 in
1184 1752 1344 1790 Andriae
1362 1751 1553 1801 Prologo:

252 1858 412 1903 Favete,
433 1855 569 1894 adeste
590 1867 705 1906 aequo
727 1853 870 1900 animo,
898 1858 938 1890 et
957 1865 1037 1890 rem
1057 1850 1297 1902 cognoscite,

254 1921 307 1959 Ut
323 1920 580 1972 pernoscatis,
602 1925 642 1957 et
665 1918 758 1970 quid
779 1918 860 1969 spei
881 1917 932 1955 sit
950 1917 1140 1967 reliquum
1158 1929 1165 1953 :

252 1986 425 2024 Posthac
446 1997 543 2035 quas
564 1983 680 2021 saciet
700 1982 748 2020 de
768 1982 921 2032 integro
942 1979 1180 2025 Comoedias,

251 2048 502 2101 Spectandae,
523 2062 572 2087 an
594 2046 799 2099 exigendae
821 2046 899 2084 sint
918 2045 1028 2083 vobis
1050 2045 1169 2096 prius.

93 2138 247 2179 Editam
267 2142 461 2175 testantur
488 2148 577 2173 cum
613 2133 865 2180 Didascaliae,
900 2139 982 2170 tum
1016 2130 1239 2175 Suetonius,
1272 2127 1327 2165 M.
1350 2124 1554 2172 Marcello,

92 2203 166 2241 Cn.
189 2200 361 2252 Sulpicio
382 2200 498 2238 Coss.
518 2198 593 2237 hoc
613 2205 687 2244 est,
709 2210 812 2235 anno
833 2197 881 2234 ab
905 2196 1009 2234 Urbe
1031 2193 1202 2233 Condita
1219 2194 1312 2231 588.

147 2267 351 2311 HEC-YRA,
373 2262 493 2302 semel
513 2269 631 2314 atque
651 2263 789 2300 iterum
808 2268 959 2307 exacta,
980 2260 1094 2298 tertio
1116 2258 1244 2301 stetit;
1269 2256 1374 2294 unde
1394 2255 1554 2300 factum,

93 2337 148 2378 ut,
169 2343 247 2381 quo
266 2329 355 2367 loco
375 2328 482 2367 edita
501 2327 665 2378 primum
684 2327 733 2364 sit
753 2339 776 2363 a
794 2326 990 2371 Terentio,
1011 2337 1090 2362 non
1112 2337 1159 2361 ex
1178 2334 1270 2360 vero
1291 2319 1485 2372 proditum
1506 2319 1556 2355 sit

93 2408 116 2433 a
143 2395 316 2441 Donato,
346 2392 583 2431 Praefatione
614 2391 654 2429 in
686 2391 790 2429 hanc
818 2388 1087 2428 Comoediam:
1119 2392 1128 2409 ‘
1149 2387 1348 2435 Factaque
1380 2390 1419 2421 et
1449 2382 1556 2420 edita

91 2459 227 2510 quinto
245 2458 347 2504 loco,
369 2457 443 2494 Cn.
467 2455 632 2494 Octavio
652 2462 690 2494 et
706 2456 751 2493 T.
770 2455 921 2493 Manlio
937 2452 1065 2492 Coss.’
1106 2450 1240 2502 Atqui,
1261 2450 1293 2486 si
1309 2449 1414 2486 facta
1430 2446 1554 2484 edita-

92 2535 168 2574 que
189 2527 250 2560 est
268 2521 342 2559 Cn.
368 2519 546 2565 Octavio,
568 2520 613 2558 T.
632 2519 784 2557 Manlio
805 2519 920 2556 Coss.
942 2531 1021 2555 non
1041 2516 1158 2568 igitur
1179 2513 1315 2565 quinto
1334 2512 1441 2550 loco:
1465 2523 1553 2547 nam

94 2586 171 2623 Cn.
193 2585 380 2623 Octavius
412 2591 452 2622 et
479 2584 524 2622 Τ.
557 2584 730 2622 Manlius
751 2583 933 2621 consules
954 2583 1111 2619 fuerunt
1130 2592 1232 2617 anno
1254 2578 1301 2614 ab
1323 2577 1370 2614 U.
1391 2576 1435 2612 C.
1458 2576 1550 2611 589.

94 2649 199 2700 Ergo
220 2648 324 2686 facta
344 2654 407 2686 est
424 2655 515 2698 post
534 2647 736 2694 Andriam,
758 2659 875 2698 quam
895 2645 1019 2684 edidit
1035 2643 1238 2683 Terentius
1261 2652 1363 2678 anno
1381 2638 1552 2690 proxime

91 2711 349 2763 praecedenti3
378 2711 539 2762 proinde
562 2712 717 2764 Hecyra
738 2711 912 2750 secunda
931 2716 1006 2757 est,
1027 2708 1163 2748 ordine
1186 2705 1435 2748 Fabularum,
1456 2713 1552 2752 quas

94 2777 186 2816 fecit
204 2775 422 2816 Terenti-us.
