1903 3306
330 210 418 251 41⁴2
826 220 863 250 P.
898 219 1138 250 TERENTH
1172 221 1289 251 Aea:

333 314 427 365 Ait,
449 314 487 355 si
508 313 643 355 fidem
664 313 836 365 haheat,
859 328 907 355 se
928 315 979 356 iri
1001 315 1296 369 praepositum
1317 315 1399 356 tibi

332 381 469 435 Apud
490 395 571 434 me,
594 395 647 424 ac
668 395 757 423 non
777 382 824 423 id
844 386 1025 432 metuat,
1048 396 1116 433 ne,
1139 383 1215 424 ubi
1236 383 1502 436 acceperim,
1731 383 1789 425 60

333 449 442 490 Sese
464 451 720 504 relinquam,
749 451 863 491 velle
888 463 935 491 se
957 450 1080 491 illam
1100 451 1210 491 mihi
1231 451 1356 492 dare:

333 518 503 560 Verum
523 519 569 560 id
588 519 745 560 vereri:
768 518 864 567 sed,
887 531 969 571 ego
993 524 1206 573 quantum
1228 519 1450 573 suspicor,

333 586 405 628 Ad
431 587 640 640 virginem
663 587 853 627 animum
875 585 1056 639 adjecit.
1119 585 1206 626 PA.
1238 586 1445 627 Etiamne
1467 584 1691 639 amplius?

332 654 440 696 ΤΗ.“
459 654 609 696 Nihil:
631 667 728 694 nam
749 653 961 707 quaesivi:
983 666 1099 694 nunc
1121 666 1201 705 ego
1224 666 1336 703 eam,
1359 654 1418 693 mi
1437 652 1665 703 Phaedria,

335 721 496 763 Multae
521 727 622 763 sunt
644 735 809 771 causae,
832 722 1116 774 quamobrem
1138 721 1316 775 cupiam
1339 720 1556 762 abducere
1582 733 1592 762 ε
1735 720 1793 762 65

334 790 532 832 Primum
552 790 670 844 quod
691 803 820 830 soror
842 793 912 830 est
929 788 1073 830 dieta:
1105 794 1336 842 praeterea,
1359 793 1408 829 ut
1427 788 1520 829 suis

335 858 594 900 Restituam
614 872 665 900 ac
687 858 870 899 reddam
888 871 897 898 :
920 857 1017 898 sola
1037 870 1158 897 sum:
1181 856 1325 897 habeo
1347 856 1418 897 hic
1438 856 1683 908 neminem3

337 926 496 980 Neque
520 927 726 977 amicum,
746 939 890 980 neque
910 930 1172 977 cognatum:
1205 924 1504 977 quamobrem,
1528 923 1749 974 Phaedria,

336 993 480 1047 Cupio
503 994 678 1048 aliquos
697 1006 851 1048 parare
870 993 1038 1034 amicos
1060 991 1275 1033 beneficio
1292 1003 1403 1032 meo.

336 1061 391 1102 Id
413 1062 597 1103 amabo!
619 1061 778 1116 adjuta
793 1074 879 1110 me,
898 1073 986 1114 quo
1009 1059 1055 1100 id
1076 1059 1157 1100 fiat
1178 1059 1372 1100 facilius.
1738 1059 1794 1100 70

337 1130 443 1170 Sine
464 1130 588 1170 illum
609 1130 774 1183 priores
796 1133 943 1182 partes
965 1128 1098 1169 hosce
1121 1127 1291 1180 aliquot
1312 1127 1409 1167 dies

335 1197 473 1251 Apud
491 1211 557 1238 me
576 1198 757 1238 habere:
778 1197 887 1237 nihil
909 1196 1185 1250 respondes?
1248 1195 1341 1236 PH.
1375 1195 1609 1244 Pessuma,

337 1265 473 1318 Egon’
495 1266 735 1319 quicquam
756 1278 856 1305 eum
878 1265 976 1306 istis
996 1265 1129 1306 factis
1151 1265 1233 1306 tibi
1251 1263 1580 1318 respondeam?

338 1333 425 1375 PA.
456 1333 524 1374 Eu
540 1332 710 1374 noster!
730 1332 889 1374 laudo:
911 1332 1088 1388 tandem
1109 1332 1350 1386 perdoluit:
1374 1331 1442 1372 vir
1463 1343 1527 1371 es.

336 1447 427 1485 dicit,
443 1446 471 1477 si
477 1446 577 1487 fidem
592 1445 655 1486 ipsi
672 1444 806 1482 faciam,
827 1455 858 1475 se
881 1444 998 1485 priores
1011 1447 1117 1484 partes
1132 1445 1212 1484 apud
1229 1454 1286 1483 me,
1301 1447 1332 1475 te
1346 1443 1525 1484 postposito,
1539 1442 1728 1481 habitur-um,
1745 1451 1796 1473 ne-

337 1500 394 1530 que
420 1492 548 1527 metuat,
571 1498 620 1526 ne,
648 1488 700 1518 ubi
721 1489 822 1526 puella
845 1489 919 1519 data
948 1488 1025 1518 mihi
1039 1488 1154 1524 fuerit,
1180 1497 1247 1518 sese
1270 1487 1456 1523 dimittam3
1481 1487 1556 1517 velle
1570 1496 1603 1516 se
1619 1485 1705 1516 illum
1720 1484 1797 1515 mihi

337 1535 452 1563 donare
462 1542 473 1567 ,·
495 1542 598 1562 verum
620 1531 653 1561 id
668 1531 829 1561 dubitare.-
851 1532 918 1569 sed,
933 1541 990 1570 ego
1011 1533 1158 1570 quantum
1172 1531 1273 1560 animo
1288 1530 1430 1568 conjicio,
1444 1531 1484 1559 ad
1501 1529 1654 1567 virginem
1665 1537 1800 1558 amorem

337 1575 494 1613 adjunxit.
539 1575 611 1604 ΡΗ.
636 1574 869 1613 Numquidnam
892 1574 987 1604 etiam
1011 1573 1143 1613 amplius
1168 1571 1241 1604 est?
1285 1573 1352 1603 ΤΗ.
1377 1572 1495 1609 Num,-
1521 1582 1593 1603 nam
1617 1573 1798 1611 percontata

338 1628 416 1654 sum,
433 1617 475 1649 mi
492 1616 660 1647 Plzaearia:
681 1626 761 1647 nuuc
784 1627 854 1647 vero
876 1616 1110 1656 quamplurima>
1134 1619 1204 1646 sune
1221 1626 1331 1653 causoe,
1344 1618 1472 1656 propter
1487 1624 1561 1655 quas
1575 1615 1665 1654 cupio
1677 1623 1744 1644 eam
1759 1613 1799 1643 ud

338 1671 385 1692 me
400 1671 419 1691 α
431 1660 619 1701 possessione
631 1659 740 1689 militis
756 1661 954 1691 transducere
965 1670 975 1690 .·
989 1660 1123 1699 primum
1138 1660 1217 1698 quod
1231 1668 1316 1689 soror
1331 1669 1396 1689 meu
1417 1658 1501 1688 dicta
1516 1660 1559 1688 est
1573 1668 1583 1689 .-
1604 1661 1670 1687 tum
1690 1655 1799 1695 etiam,

339 1706 373 1734 ut
386 1714 453 1734 eam
467 1703 531 1734 suis
546 1706 668 1742 raptam
681 1702 856 1741 restituam,
867 1706 898 1733 et
911 1703 1058 1732 amissum
1073 1703 1209 1732 reddam.
1255 1701 1329 1732 Sola
1348 1711 1417 1731 sum
1428 1711 1441 1738 ;
1463 1701 1556 1731 habeo
1570 1700 1621 1730 hic
1635 1699 1799 1736 neminem,

338 1757 432 1787 neque
458 1748 603 1784 amicum,
623 1755 717 1785 neque
735 1749 912 1784 cog-natam,
928 1747 979 1785 qui
1004 1745 1094 1784 mihi,
1111 1755 1178 1776 cum
1202 1755 1276 1785 opus
1292 1745 1404 1784 fuerit,
1421 1744 1634 1774 auxilientur.-
1657 1741 1800 1782 quamob-

338 1799 416 1827 rem,
432 1789 595 1824 Phaedria,
619 1788 707 1827 cupio
735 1789 853 1828 aliquos
868 1789 944 1818 mini
959 1788 1073 1818 amicos
1089 1788 1253 1818 conciliare
1277 1787 1351 1817 meis
1374 1787 1505 1817 meritis.
1550 1786 1589 1816 Id
1612 1788 1647 1815 ut
1666 1783 1800 1823 facilius

340 1842 520 1872 consequar,
545 1835 616 1872 peto
643 1842 662 1862 α
689 1834 718 1861 te
741 1834 773 1861 ut
795 1831 872 1861 mihi
895 1835 1011 1871 pra-sto
1026 1841 1091 1861 esse
1106 1831 1193 1862 velis.
1242 1830 1396 1860 Permitte
1409 1829 1496 1859 illum
1516 1828 1704 1858 Thrasonem
1718 1828 1801 1866 apud

341 1886 388 1906 me
403 1875 529 1906 astznitti
545 1875 579 1905 z'n
599 1874 715 1914 potiori
729 1877 830 1914 parte,
845 1873 927 1904 hisce
942 1874 1057 1914 aliquot
1079 1873 1197 1905 diebus.
1245 1873 1337 1903 Nihil
1357 1869 1547 1912 respondes?
1592 1871 1664 1902 ΡΗ.
1688 1870 1801 1901 Deter-

341 1919 432 1957 rima,
455 1918 553 1949 tibine
569 1927 626 1956 ego
642 1918 802 1957 quicquum
818 1918 998 1956 respondere
1019 1916 1156 1953 debeam,
1181 1915 1258 1946 talia
1281 1926 1348 1946 cum
1375 1915 1452 1945 mini
1465 1912 1598 1952 facias?
1642 1913 1710 1944 ΡΑ.
1733 1911 1800 1943 Ηεί

341 1965 454 2002 noster,
468 1970 555 2001 euge,
571 1960 679 2000 magni
696 1964 725 1991 te
740 1959 830 1998 facio
842 1970 855 1997 ,·
877 1961 1000 1990 tandem
1026 1969 1111 1999 oegre
1131 1958 1201 1997 fert
1215 1968 1246 1989 se
1263 1957 1366 1989 deludi
1375 1968 1387 1995 ;
1402 1957 1534 1996 iujurias
1547 1957 1587 1987 ad
1602 1955 1738 1986 animum
1751 1964 1800 1986 re-

953 2044 1190 2057 eeeeeeeeeeee

343 2103 449 2142 addit,
466 2103 565 2142 aedit,
581 2103 681 2141 male,
693 2102 814 2143 judice
831 2104 1026 2134 West.—60
1049 2101 1083 2133 J.
1106 2107 1141 2132 et
1155 2102 1314 2133 Venetus
1331 2101 1407 2133 cod.
1425 2100 1505 2132 add.
1518 2099 1556 2131 ab
1572 2109 1607 2131 eo
1624 2102 1701 2139 post
1716 2108 1800 2130 acce-

339 2148 539 2187 perim—62
563 2146 626 2177 Sed
654 2156 709 2184 ego
735 2146 871 2186 suspicor
897 2148 1042 2186 quantum
1066 2144 1184 2177 Guelf.
1211 2148 1327 2176 3.—63
1350 2145 1425 2176 EP.
1448 2145 1489 2174 ad
1513 2154 1543 2174 v.
1559 2153 1590 2173 a.
1607 2142 1801 2173 advortit.—

343 2193 382 2220 65
409 2190 463 2220 Ita
478 2199 519 2220 ex
536 2190 633 2220 Beni.
652 2189 795 2229 aliisque
813 2189 963 2229 antiquis
980 2188 1065 2227 legit
1083 2188 1139 2218 Fa.
1187 2187 1255 2218 Alii
1273 2198 1348 2219 cum
1371 2189 1436 2219 Do.
1458 2186 1643 2227 capim—67
1671 2184 1800 2216 Colloc.

344 2233 447 2262 Reda.
474 2243 509 2263 ac
532 2236 609 2262 rest.
657 2230 771 2262 Guelf.
790 2234 908 2262 3.-68
935 2231 1131 2270 Legenduui
1159 2236 1275 2262 monet
1303 2231 1406 2261 Beut.
1431 2230 1539 2269 Neque
1563 2231 1680 2266 notum,
1706 2236 1802 2266 neque

344 2277 608 2314 cognatum—69
635 2275 671 2305 C.
689 2285 718 2305 a.
732 2284 844 2315 parare
865 2284 893 2304 u.
917 2274 944 2304 b.
960 2273 1019 2313 m.]
1042 2275 1119 2304 Scio
1136 2278 1169 2304 et
1187 2274 1357 2304 Donatum
1375 2278 1409 2304 et
1424 2283 1455 2304 o.
1472 2273 1494 2303 l.
1513 2281 1538 2302 s.
1555 2271 1752 2302 consentire
1767 2270 1802 2300 in

343 2319 429 2348 hauc
448 2319 529 2348 lect.
548 2318 606 2348 sed
626 2317 726 2347 video
746 2327 792 2347 vs.
811 2316 1025 2357 impeditum,
1041 2317 1102 2346 nisi
1121 2317 1254 2355 legatur
1267 2321 1303 2347 ut
1320 2317 1354 2347 in
1371 2316 1467 2347 Beni.
1485 2313 1584 2354 Cupio
1599 2323 1628 2344 a.
1648 2322 1758 2354 parere
1773 2322 1802 2343 a.

344 2366 383 2392 ut
399 2365 434 2392 et
451 2371 525 2401 sup.
543 2361 668 2400 legitur
686 2360 717 2390 in
736 2359 823 2391 And.
845 2362 853 2376 ‘
873 2369 995 2400 parere
1012 2359 1066 2389 hic
1081 2359 1255 2390 divitiasz’
1280 2360 1331 2390 ita
1354 2359 1444 2389 enim
1459 2367 1510 2389 vs.
1528 2361 1609 2394 stat,
1623 2361 1659 2386 et
1685 2364 1802 2386 sensus

345 2403 432 2434 idem
457 2408 520 2435 est.
545 2403 604 2434 Fa.
652 2403 771 2434 Parere
787 2403 931 2443 probant
944 2403 1047 2433 Bent.
1065 2403 1158 2433 Perl.
1182 2402 1280 2432 Both.
1297 2402 1406 2433 Zeun.
1430 2401 1478 2432 ita
1493 2408 1627 2441 quoque
1640 2398 1742 2429 babet
1758 2397 1801 2430 A.

344 2447 466 2478 Leidd.
484 2456 568 2476 unus
581 2449 860 2486 praeparare—‘lo
884 2443 1102 2484 Sapen-fluum
1120 2450 1170 2476 est
1185 2444 1232 2484 id,
1247 2454 1359 2486 neque
1372 2448 1549 2483 comparet
1563 2444 1596 2474 in
1614 2442 1642 2473 B
1660 2445 1696 2471 et
1721 2440 1800 2471 Hel.

346 2489 444 2520 ΒοίΙι.
493 2489 603 2519 Abest
620 2498 753 2529 quoque
769 2488 802 2519 in
817 2489 952 2519 Μ.-71
977 2489 1036 2519 ΒΓ.
1046 2488 1162 2528 prioris
1175 2488 1288 2528 partis.
1320 2487 1412 2527 Lips.
1437 2487 1537 2525 alter,
1551 2494 1608 2526 per
1622 2485 1709 2515 hosce
1723 2493 1753 2514 a.
1769 2483 1802 2514 d.

345 2534 430 2562 —72
454 2532 502 2562 M.
519 2538 553 2562 et
569 2531 647 2562 edd.
663 2531 837 2562 vetustiss.
854 2531 954 2562 etiam
978 2531 1051 2562 EP.
1074 2531 1155 2561 nihil
1170 2531 1247 2561 milti
1269 2541 1296 2561 r.
1321 2529 1387 2561 Sed
1406 2535 1441 2561 et
1456 2532 1614 2569 apparet,
1632 2527 1803 2557 Donatum

345 2575 394 2606 ita
408 2575 541 2613 legisse.
577 2575 622 2605 Ut
641 2574 726 2604 adeo
745 2574 975 2614 emphaticum
999 2574 1044 2604 sit
1066 2573 1104 2604 τὸ
1120 2574 1209 2605 mihi.
1248 2573 1347 2606 Quod
1374 2578 1409 2604 et
1432 2572 1597 2603 exhibent
1620 2568 1708 2600 Pan.
1724 2578 1803 2609 qua-

348 2624 437 2648 tuor.
465 2618 559 2648 West.
606 2617 697 2647 Nihil
712 2616 754 2656 r.]
777 2617 829 2647 Ita
853 2616 987 2657 quidem
1011 2626 1128 2647 omues
1145 2617 1274 2658 antiqui
1291 2615 1373 2646 libb.
1391 2615 1450 2646 sed
1474 2614 1530 2645 alii
1547 2621 1663 2644 omnes
1681 2616 1716 2642 et
1736 2612 1803 2642 Do.

346 2661 438 2690 iuter
465 2660 535 2690 haec
562 2659 629 2690 duo
653 2660 756 2690 verba
783 2659 908 2690 babent
934 2659 1020 2690 mihi.
1044 2660 1103 2690 Fa.
1131 2660 1192 2690 Vs.
1216 2659 1345 2698 respuit
1366 2657 1463 2689 mihi.-
1485 2665 1548 2687 nec
1572 2654 1651 2686 edd.
1677 2653 1804 2684 Donati

346 2707 547 2742 agnoscunt.
581 2703 659 2732 Duo
677 2708 806 2733 tantum
825 2712 869 2732 ex
886 2702 1009 2732 nostris
1027 2703 1114 2733 mihi.
1130 2703 1234 2732 Bent.
1272 2702 1351 2732 Par.
1369 2701 1453 2732 Mss.
1471 2699 1548 2730 mila·
1567 2697 1685 2738 probe,
1703 2706 1803 2737 prop-

347 2751 401 2776 ter
418 2746 426 2762 ‘
442 2744 525 2775 tibi’
541 2745 631 2785 quod
657 2746 820 2785 sequitur.
845 2745 933 2775 Pet-l.
981 2746 1124 2776 Pessima
1146 2755 1177 2775 es
1205 2744 1318 2775 Guelf.
1338 2745 1454 2774 1.-73
1480 2742 1530 2772 Μ.
1557 2750 1625 2771 non
1650 2739 1804 2780 agnoscit

346 2788 385 2818 τὸ
400 2787 480 2819 tibi:
504 2787 593 2828 quod
610 2792 689 2828 apte
707 2787 850 2819 infertur
875 2791 952 2829 post
975 2787 1064 2820 mihi.
1089 2788 1282 2819 West.—74
1305 2785 1378 2817 Heu
1396 2786 1484 2826 vulg.
1511 2781 1627 2815 Guelf.
1653 2785 1684 2814 3.
1699 2782 1800 2813 Heus.
