1903 3306
325 186 411 228 434
746 229 748 231 ,
822 197 863 227 P.
895 195 1138 228 TRRBNTH
1171 195 1286 226 ΑΒΕ]

328 289 546 332 Demissis
567 289 760 332 humeris
779 303 889 340 esse,
904 289 1053 332 vincto
1074 292 1269 344 pectore,
1290 291 1336 331 ut
1356 287 1544 341 graciles
1565 287 1704 330 sient:

328 359 378 399 Si
399 371 489 412 qua
519 361 589 399 est
607 357 805 399 habitior
826 356 979 411 paulo,
1009 357 1200 410 pugilem
1230 368 1331 398 esse
1364 355 1513 408 aiunt3
1554 355 1778 396 deducunt

498 425 661 466 cibum.

326 491 528 532 Tametsi
548 492 666 532 bona
682 491 738 532 'st
758 493 932 541 natura,
951 490 1141 532 reddunt
1160 493 1365 530 curatura
1379 489 1591 542 junceas:

328 557 489 612 Itaque
510 571 613 611 ergo
643 562 855 600 amantur.
917 558 1007 600 PA.
1039 556 1162 608 Quid
1181 562 1262 598 tua
1281 556 1468 598 isthaec'l
1529 555 1618 598 CH.
1651 554 1783 597 Nova

498 626 637 679 figura
656 626 760 667 oris.
820 626 908 667 PA.
939 625 1105 679 Papae!
1725 621 1783 662 25

330 692 418 734 CH.
450 692 584 734 Color
614 706 760 743 verus,
787 705 949 747 corpus
981 693 1188 741 solidum,
1223 695 1266 732 et
1295 691 1419 732 succi
1440 690 1631 743 plenum.
1692 688 1783 729 ΡΑ.

338 800 342 802 ,
504 758 645 801 Anni‘?
705 759 794 801 CH.
825 759 980 801 Anni?
1013 760 1253 802 sexdecim.

329 827 420 868 ΡΑ.
454 826 562 867 Flos
582 827 695 881 ipse.
756 827 847 870 CH.
880 828 1014 870 Hanc
1050 831 1099 869 tu
1135 827 1242 868 mihi
1275 826 1346 867 vel
1378 825 1442 875 vi,
1463 824 1535 866 vel
1555 824 1685 873 clam,
1706 822 1779 864 vel

507 906 718 947 precario,

329 1008 361 1036 et
376 1005 498 1045 lougius
516 1006 639 1044 collum,
652 1015 770 1037 omnem
784 1008 901 1037 matres
914 1007 990 1037 dant
1014 1016 1149 1046 operam,
1164 1006 1266 1046 eisque
1278 1009 1386 1047 pectus
1400 1007 1503 1046 ligant
1515 1005 1636 1043 stricte,
1652 1008 1686 1035 ut
1702 1003 1788 1035 tenui

329 1048 392 1079 sint
418 1058 553 1089 corpore.
598 1048 637 1079 Si
658 1058 718 1088 qua
743 1047 786 1079 sit
809 1049 900 1088 paulo
923 1049 1143 1088 corpulentior,
1169 1049 1272 1089 pugili
1298 1052 1328 1079 et
1351 1049 1477 1081 athletae
1499 1048 1629 1079 similem
1644 1057 1710 1078 eam
1723 1055 1788 1077 esse

330 1090 460 1127 dicunt5
485 1091 607 1122 etiamsi
632 1091 703 1121 boni
725 1090 789 1122 sint
815 1091 1060 1131 temperamenti,
1080 1093 1192 1132 plenoe,
1214 1091 1356 1132 pingues,
1369 1091 1535 1123 detrahunt
1551 1091 1596 1122 eis
1610 1090 1790 1121 alimentum

330 1142 368 1163 ne
382 1133 598 1173 pinguescant,
617 1137 647 1164 et
669 1133 773 1164 studio
787 1136 817 1163 et
832 1134 953 1164 cultura
969 1135 1101 1165 reddunt
1116 1143 1169 1165 eas
1180 1135 1313 1173 graciles
1326 1135 1428 1165 instar
1434 1133 1545 1173 junci.-
1567 1133 1684 1172 itaque,
1696 1141 1789 1172 prop-

330 1178 380 1206 ter
405 1176 483 1206 hanc
508 1179 576 1207 arte
602 1179 633 1207 et
656 1177 740 1206 cultu
763 1176 923 1216 quoesitam
948 1180 1153 1214 venustatem,
1165 1176 1211 1218 fit
1225 1180 1260 1208 ut
1274 1179 1429 1207 amentur.
1475 1176 1541 1207 ΡΑ.
1567 1175 1677 1206 Tudic-
1689 1174 1790 1214 qualis
1846 1195 1849 1198 -

330 1218 394 1249 ista
409 1222 463 1249 tua
480 1222 538 1250 est.
585 1218 654 1250 Cn.
679 1219 773 1249 Nova
793 1218 856 1257 ejus
870 1218 979 1256 forma
1002 1222 1049 1250 est
1063 1222 1094 1250 et
1101 1219 1212 1259 figura
1227 1219 1378 1259 corporis,
1393 1218 1499 1259 cuique
1513 1217 1625 1249 similis
1639 1220 1711 1247 ante
1725 1215 1790 1247 haec

330 1260 397 1291 visa
413 1264 456 1292 est
474 1261 570 1299 nulla,
586 1261 667 1291 color
682 1262 818 1299 nativus,
838 1271 896 1291 non
908 1261 1021 1301 fictus,
1045 1271 1153 1301 corpus
1166 1262 1288 1300 plenum
1309 1265 1339 1292 et
1360 1263 1577 1292 succulentum.
1622 1260 1689 1290 ΡΑ.
1708 1258 1792 1294 Quot

332 1303 361 1334 ei
387 1306 459 1334 sunt
482 1302 583 1335 anni?
628 1303 697 1334 Cn.
720 1302 809 1334 Anni
831 1303 996 1335 sexdecim.
1040 1303 1107 1334 PA.
1131 1304 1208 1335 Flos
1230 1304 1295 1343 ipse
1318 1304 1423 1334 oetatis
1448 1306 1504 1334 est.
1548 1303 1617 1334 CH.
1642 1301 1735 1332 Hanc
1756 1304 1792 1331 tu

333 1345 475 1384 mihifac
487 1347 607 1386 tradas,
622 1346 670 1377 vel
684 1348 793 1386 operta
808 1345 851 1385 vi,
864 1346 912 1377 vel
926 1349 994 1377 arte
1016 1349 1147 1386 secretu,
1165 1345 1294 1386 fraude,
1313 1345 1456 1385 furtove,
1477 1346 1527 1376 vel
1537 1344 1680 1385 precibus
1691 1353 1702 1380 ,·
1723 1352 1791 1374 mea

944 1419 1157 1431 ‘mm
1162 1419 1181 1431 Ο

333 1474 376 1504 22
399 1472 636 1512 Alii‚graciloe.
682 1472 783 1514 Vide,
799 1482 874 1515 quae
890 1474 1023 1506 notavit
1037 1473 1203 1506 Weitzius
1231 1478 1265 1506 et
1289 1474 1362 1506 Jos.
1384 1473 1538 1513 Scaliger
1551 1472 1585 1503 in
1610 1472 1792 1513 Conjecta-

329 1515 403 1546 neis
430 1516 661 1547 Varronianis.
694 1515 824 1547 Auson.
846 1517 958 1557 Epist.
977 1518 1019 1548 ad
1040 1517 1268 1558 Hesperium:
1294 1519 1302 1534 ‘
1318 1517 1353 1548 Si
1370 1526 1436 1557 qua
1452 1516 1515 1547 tibi
1528 1517 1562 1547 in
1577 1515 1628 1547 his
1647 1515 1793 1547 versicu-

333 1558 377 1589 lis
392 1557 602 1589 videbuntur
617 1560 710 1599 (uam
727 1568 859 1598 vereor,
874 1563 913 1590 ut
928 1560 1035 1591 multa
1049 1559 1135 1600 sint)
1151 1558 1300 1591 fucatius
1315 1559 1532 1597 concinnata,
1547 1568 1645 1600 quam
1666 1558 1791 1596 verius,

334 1605 371 1632 et
392 1601 468 1641 plus
485 1601 621 1639 coloris,
636 1610 736 1642 quam
760 1601 853 1632 succi
875 1601 1022 1640 habere3
1051 1602 1124 1643 ipse
1141 1603 1252 1633 sciens
1265 1600 1371 1633 fluere
1388 1601 1537 1641 permisi,
1562 1601 1742 1633 venustula
1756 1605 1796 1631 ut

335 1648 452 1674 essent
468 1644 587 1684 magis,
606 1653 704 1684 quam
722 1643 885 1674 forticula
903 1655 912 1682 ;
936 1644 1042 1675 instar
1064 1644 1245 1685 virginum,
1262 1644 1349 1680 Quas
1368 1647 1484 1675 matres
1508 1644 1632 1675 student
1654 1642 1796 1674 demissis

334 1686 469 1717 humeris
483 1696 558 1726 esse,
572 1686 674 1718 vincto
695 1690 831 1727 pectore,
845 1690 881 1718 ut
902 1686 1038 1725 graciles
1047 1686 1154 1718 sient!
1198 1686 1375 1718 Assentior
1396 1686 1528 1718 Faerno
1545 1690 1581 1716 et
1597 1685 1710 1726 Rivio,
1721 1685 1797 1717 Do-

335 1733 452 1759 natum
469 1729 761 1769 legisse‚gracilae,
779 1734 882 1770 atque
900 1729 986 1760 adeo
1010 1733 1147 1760 notasse
1172 1733 1333 1770 tanquam
1358 1728 1464 1760 rarius
1490 1728 1705 1760 vocabulum.
1750 1728 1795 1760 Et

336 1780 418 1802 sane
431 1772 561 1810 gracilae
577 1777 632 1802 est
656 1772 689 1802 in
714 1772 875 1811 plusculis
893 1772 977 1802 Mss.
993 1771 1083 1802 unde
1098 1771 1145 1802 ita
1161 1771 1270 1802 edidit
1287 1773 1366 1803 Par.
1384 1776 1460 1812 post
1482 1770 1607 1802 Aldum
1631 1771 1796 1811 aliosque.

340 1814 442 1845 West.
488 1814 556 1845 Do.
575 1814 658 1854 legit
671 1815 813 1853 gracilae.
860 1814 916 1844 Sic
931 1818 967 1845 et
985 1814 1017 1844 in
1034 1815 1076 1845 V.
1092 1818 1186 1845 erat:
1213 1814 1273 1845 sed
1298 1813 1519 1854 superaddito
1534 1824 1563 1852 s,
1577 1812 1705 1844 factum
1717 1821 1796 1851 gru-

335 1856 409 1888 ciles
420 1867 430 1887 .·
451 1860 569 1888 contra
581 1856 614 1887 in
629 1856 734 1888 Basil.
752 1866 794 1886 ex
807 1865 892 1887 voce
904 1856 1038 1896 graciles
1052 1865 1067 1886 s
1082 1861 1305 1896 expunctum.
1323 1857 1382 1888 Fa.
1423 1856 1470 1888 At
1481 1856 1646 1887 editiones
1657 1855 1796 1894 Donati,

338 1902 407 1930 tam
421 1903 557 1929 veteres
575 1909 675 1940 quam
693 1899 915 1939 recentiores,
933 1899 1076 1930 Graciles
1091 1909 1109 1929 a
1128 1899 1278 1930 Gracilis.
1323 1899 1418 1929 Male
1431 1904 1556 1937 tamen,
1571 1902 1609 1929 ut
1624 1897 1795 1929 existimo.

336 1941 403 1972 Sed
417 1941 563 1972 accedat
578 1942 709 1972 certior
722 1941 820 1972 testis
836 1941 912 1973 Val.
936 1941 1069 1972 Probus
1086 1951 1120 1981 p.
1134 1944 1228 1972 1466.
1273 1941 1282 1959 ⁴
1299 1941 1366 1973 Hic
1387 1947 1421 1972 et
1439 1941 1510 1972 haec
1527 1939 1745 1981 g=·acilis‚hic
1760 1943 1799 1971 et

336 1984 411 2014 haec
428 1984 607 2015 imbecillis
623 1994 630 2015 ε
650 1983 709 2014 sed
726 1983 907 2014 Terentius
924 1992 1024 2022 nove,
1038 1984 1086 2014 Ut
1100 1984 1238 2024 gracilae
1255 1983 1356 2014 sient.
1383 1982 1601 2015 Nominativo
1619 1982 1799 2023 singulari,

337 2026 411 2058 haec
429 2027 569 2066 gracila,
599 2026 672 2057 haec
692 2025 888 2057 imbecilla.'
934 2026 1173 2066 Eugraphius:
1198 2027 1207 2043 ⁴
1223 2026 1367 2066 Legitur
1394 2031 1428 2056 et
1451 2026 1603 2065 graciloe5
1627 2030 1664 2057 ut
1690 2024 1797 2056 decli-

339 2069 476 2100 naverit
489 2069 688 2108 Terentius,
705 2068 791 2099 Haec
812 2067 963 2109 gracila.'
1009 2069 1197 2100 Puerorum
1214 2069 1294 2100 olim
1311 2078 1415 2100 causa
1431 2068 1557 2099 factum
1580 2067 1634 2099 hic
1649 2067 1798 2107 graciles.

338 2112 440 2142 Bent.
489 2111 628 2143 Graciloe
653 2110 835 2151 legendum
862 2116 925 2142 est.
952 2111 993 2143 R.
1010 2111 1056 2142 D.
1102 2111 1212 2142 Vetus
1235 2111 1310 2142 cod.
1343 2110 1587 2150 Lindenbrogii
1616 2115 1652 2141 et
1680 2109 1748 2143 Gu.
1766 2112 1797 2142 1.

339 2163 474 2194 corpore.
499 2154 602 2186 Both.
637 2153 776 2184 Graciloe
791 2154 870 2194 Bip.
890 2154 994 2185 Both.
1016 2154 1197 2185 Perrh-23
1221 2153 1258 2184 Si
1274 2164 1342 2194 quoe
1362 2153 1499 2185 habitior
1512 2154 1615 2193 paulo,
1627 2152 1717 2184 aiunl
1733 2161 1798 2184 csse

338 2197 474 2236 pugilem
505 2197 697 2228 Both.-—24
721 2196 834 2227 Tamen
859 2196 917 2226 etsi
939 2197 1023 2227 Mss.
1047 2196 1196 2237 quidam.
1241 2197 1309 2228 Tali
1323 2200 1471 2229 curatura
1494 2196 1546 2227 M.
1573 2196 1673 2228 West.
1720 2195 1798 2228 Lin-

340 2238 519 2279 denbrogii
535 2239 685 2274 codices,
702 2243 738 2269 et
753 2248 795 2269 ex
813 2238 937 2269 nostris
956 2239 1144 2270 veterrimis
1161 2248 1245 2269 unus
1292 2239 1476 2270 Tamenetsi.
1502 2240 1609 2278 Lege,
1625 2237 1800 2269 Tamneesi

341 2281 419 2312 bona
439 2285 552 2312 natura
576 2285 634 2313 est.
659 2282 761 2312 Bent.
808 2281 972 2321 Sequitur
998 2281 1090 2312 Peri.
1116 2281 1194 2322 (nisi
1219 2281 1311 2322 quod
1327 2281 1387 2312 dat
1405 2282 1532 2319 Tamen,
1548 2279 1623 2321 etsi)
1645 2285 1681 2312 et
1696 2279 1800 2311 Both.

343 2324 401 2364 qui
428 2324 512 2363 legit
528 2324 688 2362 junceam,
712 2328 748 2354 et
774 2329 895 2354 notat:
922 2324 1047 2364 ‘Vu}g.
1063 2323 1215 2362 junceus.-
1239 2323 1301 2354 sed
1325 2323 1367 2354 de
1383 2332 1448 2354 una
1471 2324 1528 2354 illa
1544 2323 1673 2361 virgine
1689 2331 1799 2353 sermo

344 2371 410 2405 est,
426 2376 526 2407 quam
543 2367 749 2397 habitiorem
765 2364 878 2396 finxit.
924 2366 1015 2406 Ergo
1033 2376 1132 2397 versu
1150 2376 1221 2407 seq.
1236 2366 1446 2405 indignantis
1462 2365 1624 2396 cml—25
1651 2364 1801 2406 Nomfi-

340 2417 423 2446 gura
434 2409 507 2440 oris.
532 2409 618 2440 Haec
635 2413 670 2440 et
683 2413 865 2449 sequentes
877 2418 992 2439 versus
1011 2413 1080 2440 tres
1095 2409 1247 2440 Chaereae
1262 2408 1401 2439 ascribit
1416 2408 1585 2448 Guyetus‚
1599 2407 1659 2438 sed
1671 2412 1799 2448 praeter

345 2452 596 2482 necessitatem.
642 2450 743 2491 Legit
760 2455 872 2481 autem
890 2461 898 2481 ι
924 2451 994 2482 CH.
1019 2451 1225 2492 Novafigura
1239 2451 1322 2481 oris:
1342 2460 1432 2491 papoe
1444 2461 1455 2481 .·
1478 2451 1570 2481 Color
1581 2459 1682 2490 verus,
1691 2459 1802 2490 corpus

346 2494 491 2532 solidum,
508 2498 537 2524 et
561 2494 642 2525 succi
654 2495 782 2534 plenum
797 2503 810 2530 ‚·
832 2494 907 2524 anni
927 2494 1096 2531 sexdecim,
1115 2494 1190 2524 Flos
1205 2493 1291 2533 ipse.-
1313 2493 1392 2524 hanc
1408 2496 1441 2523 tu
1455 2492 1499 2524 mi
1509 2494 1556 2524 vel
1569 2493 1659 2531 clam,
1672 2492 1799 2533 velpre-

345 2535 431 2566 cario
447 2536 511 2567 Fac
528 2537 645 2567 tradas.
670 2536 868 2567 West.-26
891 2536 978 2567 Anni
990 2534 1089 2575 quot?
1111 2535 1186 2566 ΕΡ.
1211 2536 1262 2567 Id.
1307 2535 1446 2567 Sedecim
1470 2536 1529 2566 ΒΓ.
1544 2535 1646 2566 Bent.
1663 2535 1741 2574 Bip.
1758 2533 1799 2566 Ζ.

348 2578 453 2611 Both.
469 2578 651 2610 Fert—27
670 2579 763 2610 Puto
779 2578 961 2619 legendum
975 2579 1087 2610 Hance
1099 2588 1110 2609 .-
1133 2583 1169 2610 et
1185 2578 1218 2609 in
1242 2580 1252 2597 ‘
1266 2578 1351 2619 ipse'
1367 2587 1433 2610 nou
1449 2576 1642 2609 faciendam
1656 2577 1800 2618 synaloe-

996 2652 1141 2685 NOTAE

390 2718 431 2747 27
459 2715 515 2748 Vel
529 2716 572 2756 vi,
587 2717 634 2747 vel
648 2716 739 2757 clam,
753 2717 802 2749 vel
820 2715 980 2757 precario]
1014 2717 1055 2748 In
1079 2717 1159 2758 jure
1176 2694 1252 2749 cum
1271 2716 1352 2749 vitio
1374 2716 1539 2758 possidet,
1567 2715 1624 2758 qui
1649 2716 1694 2756 vi,
1715 2715 1800 2748 invi-
