<?xml version="1.0" encoding="UTF-8"?>
<!DOCTYPE html PUBLIC "-//W3C//DTD XHTML 1.0 Transitional//EN"
    "http://www.w3.org/TR/xhtml1/DTD/xhtml1-transitional.dtd">
<html xmlns="http://www.w3.org/1999/xhtml" xml:lang="en" lang="en">
 <head>
  <title>
</title>
<meta http-equiv="Content-Type" content="text/html;charset=utf-8" />
  <meta name='ocr-system' content='tesseract 3.04.00' />
  <meta name='ocr-capabilities' content='ocr_page ocr_carea ocr_par ocr_line ocrx_word'/>
</head>
<body>
  <div class='ocr_page' id='page_1' title='image "./pubterentiiafric01tereuoft/pubterentiiafric01tereuoft_0087.png"; bbox 0 0 1945 3296; ppageno 0'>
   <div class='ocr_carea' id='block_1_1' title="bbox 627 225 1523 264">
    <p class='ocr_par' dir='ltr' id='par_1_1' title="bbox 627 225 1523 264">
     <span class='ocr_line' id='line_1_1' title="bbox 627 225 1523 264; baseline 0.006 -5"><span class='ocrx_word' id='word_1_1' title='bbox 627 231 687 260; x_wconf 82' lang='lat' dir='ltr'>DE</span> <span class='ocrx_word' id='word_1_2' title='bbox 720 231 972 261; x_wconf 78' lang='lat' dir='ltr'>THEATRO.</span> <span class='ocrx_word' id='word_1_3' title='bbox 1468 225 1523 264; x_wconf 80' lang='lat'>77</span> 
     </span>
    </p>
   </div>
   <div class='ocr_carea' id='block_1_2' title="bbox 70 320 1535 2026">
    <p class='ocr_par' dir='ltr' id='par_1_2' title="bbox 70 320 1535 2026">
     <span class='ocr_line' id='line_1_2' title="bbox 71 320 1527 375; baseline 0.005 -17"><span class='ocrx_word' id='word_1_4' title='bbox 71 320 169 359; x_wconf 84' lang='lat' dir='ltr'>inter</span> <span class='ocrx_word' id='word_1_5' title='bbox 190 334 230 359; x_wconf 86' lang='lat' dir='ltr'>se</span> <span class='ocrx_word' id='word_1_6' title='bbox 252 321 474 369; x_wconf 79' lang='lat' dir='ltr'>dissimiles,</span> <span class='ocrx_word' id='word_1_7' title='bbox 494 322 717 374; x_wconf 74' lang='lat' dir='ltr'>disparique</span> <span class='ocrx_word' id='word_1_8' title='bbox 739 326 911 362; x_wconf 87' lang='lat' dir='ltr'>ratione:</span> <span class='ocrx_word' id='word_1_9' title='bbox 941 325 1101 375; x_wconf 73' lang='lat' dir='ltr'>tragicae</span> <span class='ocrx_word' id='word_1_10' title='bbox 1133 326 1234 363; x_wconf 84' lang='lat' dir='ltr'>enim</span> <span class='ocrx_word' id='word_1_11' title='bbox 1264 326 1527 366; x_wconf 83' lang='lat' dir='ltr'>deformantur</span> 
     </span>
     <span class='ocr_line' id='line_1_3' title="bbox 71 384 1526 438; baseline 0.005 -17"><span class='ocrx_word' id='word_1_12' title='bbox 71 384 278 432; x_wconf 88' lang='lat' dir='ltr'>columnis,</span> <span class='ocrx_word' id='word_1_13' title='bbox 299 386 481 437; x_wconf 79' lang='lat' dir='ltr'>fastigiis,</span> <span class='ocrx_word' id='word_1_14' title='bbox 502 394 540 424; x_wconf 89' lang='lat' dir='ltr'>et</span> <span class='ocrx_word' id='word_1_15' title='bbox 561 387 697 437; x_wconf 77' lang='lat' dir='ltr'>signis,</span> <span class='ocrx_word' id='word_1_16' title='bbox 715 387 951 438; x_wconf 82' lang='lat' dir='ltr'>reliquisque</span> <span class='ocrx_word' id='word_1_17' title='bbox 970 388 1164 438; x_wconf 82' lang='lat' dir='ltr'>regalibus</span> <span class='ocrx_word' id='word_1_18' title='bbox 1183 390 1310 427; x_wconf 87' lang='lat' dir='ltr'>rebus.</span> <span class='ocrx_word' id='word_1_19' title='bbox 1355 391 1526 429; x_wconf 77' lang='lat' dir='ltr'>Comicae</span> 
     </span>
     <span class='ocr_line' id='line_1_4' title="bbox 72 449 1525 504; baseline 0.005 -19"><span class='ocrx_word' id='word_1_20' title='bbox 72 455 200 486; x_wconf 88' lang='lat' dir='ltr'>autern</span> <span class='ocrx_word' id='word_1_21' title='bbox 234 449 485 488; x_wconf 62' lang='lat' dir='ltr'>aedificiorum</span> <span class='ocrx_word' id='word_1_22' title='bbox 518 451 755 501; x_wconf 86' lang='lat' dir='ltr'>privatorum</span> <span class='ocrx_word' id='word_1_23' title='bbox 788 460 826 489; x_wconf 91' lang='lat' dir='ltr'>et</span> <span class='ocrx_word' id='word_1_24' title='bbox 861 452 1127 489; x_wconf 78' lang='lat' dir='ltr'>menianorum</span> <span class='ocrx_word' id='word_1_25' title='bbox 1159 453 1304 490; x_wconf 87' lang='lat' dir='ltr'>habent</span> <span class='ocrx_word' id='word_1_26' title='bbox 1343 455 1525 504; x_wconf 85' lang='lat' dir='ltr'>speciem,</span> 
     </span>
     <span class='ocr_line' id='line_1_5' title="bbox 70 514 1528 565; baseline 0.005 -16"><span class='ocrx_word' id='word_1_27' title='bbox 70 520 378 563; x_wconf 79' lang='lat' dir='ltr'>prospectusque</span> <span class='ocrx_word' id='word_1_28' title='bbox 415 514 592 552; x_wconf 79' lang='lat' dir='ltr'>fenestris</span> <span class='ocrx_word' id='word_1_29' title='bbox 627 514 852 565; x_wconf 80' lang='lat' dir='ltr'>dispositOS,</span> <span class='ocrx_word' id='word_1_30' title='bbox 887 515 935 552; x_wconf 85' lang='lat' dir='ltr'>ad</span> <span class='ocrx_word' id='word_1_31' title='bbox 975 516 1227 553; x_wconf 86' lang='lat' dir='ltr'>imitationem</span> <span class='ocrx_word' id='word_1_32' title='bbox 1267 519 1528 556; x_wconf 88' lang='lat' dir='ltr'>communium</span> 
     </span>
     <span class='ocr_line' id='line_1_6' title="bbox 71 575 1529 631; baseline 0.004 -18"><span class='ocrx_word' id='word_1_33' title='bbox 71 575 336 614; x_wconf 82' lang='lat' dir='ltr'>aedificiorum.</span> <span class='ocrx_word' id='word_1_34' title='bbox 394 578 569 616; x_wconf 78' lang='lat' dir='ltr'>Satiricae</span> <span class='ocrx_word' id='word_1_35' title='bbox 591 592 679 616; x_wconf 87' lang='lat' dir='ltr'>vero</span> <span class='ocrx_word' id='word_1_36' title='bbox 701 588 887 616; x_wconf 88' lang='lat' dir='ltr'>ornantur</span> <span class='ocrx_word' id='word_1_37' title='bbox 907 580 1126 626; x_wconf 81' lang='lat' dir='ltr'>arboribus,</span> <span class='ocrx_word' id='word_1_38' title='bbox 1150 581 1360 631; x_wconf 82' lang='lat' dir='ltr'>speluncis,</span> <span class='ocrx_word' id='word_1_39' title='bbox 1388 583 1529 620; x_wconf 86' lang='lat' dir='ltr'>monti-</span> 
     </span>
     <span class='ocr_line' id='line_1_7' title="bbox 70 639 1528 694; baseline 0.005 -18"><span class='ocrx_word' id='word_1_40' title='bbox 70 639 157 684; x_wconf 88' lang='lat' dir='ltr'>bus,</span> <span class='ocrx_word' id='word_1_41' title='bbox 181 639 416 691; x_wconf 78' lang='lat' dir='ltr'>reliquisque</span> <span class='ocrx_word' id='word_1_42' title='bbox 437 643 654 690; x_wconf 79' lang='lat' dir='ltr'>agrestibus</span> <span class='ocrx_word' id='word_1_43' title='bbox 684 643 813 687; x_wconf 73' lang='lat' dir='ltr'>rebus,</span> <span class='ocrx_word' id='word_1_44' title='bbox 835 643 872 679; x_wconf 91' lang='lat' dir='ltr'>in</span> <span class='ocrx_word' id='word_1_45' title='bbox 895 643 1043 693; x_wconf 88' lang='lat' dir='ltr'>topiarii</span> <span class='ocrx_word' id='word_1_46' title='bbox 1061 644 1186 694; x_wconf 89' lang='lat' dir='ltr'>operis</span> <span class='ocrx_word' id='word_1_47' title='bbox 1209 645 1377 694; x_wconf 86' lang='lat' dir='ltr'>speciem</span> <span class='ocrx_word' id='word_1_48' title='bbox 1400 646 1528 683; x_wconf 86' lang='lat' dir='ltr'>defor—</span> 
     </span>
     <span class='ocr_line' id='line_1_8' title="bbox 71 702 1527 758; baseline 0.005 -19"><span class='ocrx_word' id='word_1_49' title='bbox 71 702 199 740; x_wconf 84' lang='lat' dir='ltr'>matis.</span> <span class='ocrx_word' id='word_1_50' title='bbox 256 703 352 742; x_wconf 87' lang='lat' dir='ltr'>Post</span> <span class='ocrx_word' id='word_1_51' title='bbox 384 718 541 742; x_wconf 85' lang='lat' dir='ltr'>scenam</span> <span class='ocrx_word' id='word_1_52' title='bbox 569 705 748 743; x_wconf 86' lang='lat' dir='ltr'>Porticus</span> <span class='ocrx_word' id='word_1_53' title='bbox 769 713 880 743; x_wconf 91' lang='lat' dir='ltr'>erant</span> <span class='ocrx_word' id='word_1_54' title='bbox 900 714 1150 752; x_wconf 71' lang='lat' dir='ltr'>constructae,</span> <span class='ocrx_word' id='word_1_55' title='bbox 1179 721 1255 758; x_wconf 94' lang='lat' dir='ltr'>quo</span> <span class='ocrx_word' id='word_1_56' title='bbox 1277 721 1364 746; x_wconf 90' lang='lat' dir='ltr'>cum</span> <span class='ocrx_word' id='word_1_57' title='bbox 1386 709 1527 747; x_wconf 77' lang='lat' dir='ltr'>imbres</span> 
     </span>
     <span class='ocr_line' id='line_1_9' title="bbox 71 767 1529 826; baseline 0.005 -24"><span class='ocrx_word' id='word_1_58' title='bbox 71 767 260 816; x_wconf 87' lang='lat' dir='ltr'>repentini</span> <span class='ocrx_word' id='word_1_59' title='bbox 282 768 412 806; x_wconf 91' lang='lat' dir='ltr'>Ludos</span> <span class='ocrx_word' id='word_1_60' title='bbox 434 769 788 819; x_wconf 83' lang='lat' dir='ltr'>interpellaveram,</span> <span class='ocrx_word' id='word_1_61' title='bbox 809 776 960 807; x_wconf 87' lang='lat' dir='ltr'>actores</span> <span class='ocrx_word' id='word_1_62' title='bbox 983 783 1023 807; x_wconf 88' lang='lat' dir='ltr'>se</span> <span class='ocrx_word' id='word_1_63' title='bbox 1041 770 1276 820; x_wconf 80' lang='lat' dir='ltr'>recipiebant</span> <span class='ocrx_word' id='word_1_64' title='bbox 1298 785 1345 809; x_wconf 83' lang='lat' dir='ltr'>ex</span> <span class='ocrx_word' id='word_1_65' title='bbox 1364 773 1529 826; x_wconf 65' lang='lat' dir='ltr'>pulpito,</span> 
     </span>
     <span class='ocr_line' id='line_1_10' title="bbox 72 831 1531 884; baseline 0.007 -18"><span class='ocrx_word' id='word_1_66' title='bbox 72 836 139 867; x_wconf 79' lang='lat' dir='ltr'>aut</span> <span class='ocrx_word' id='word_1_67' title='bbox 158 831 195 868; x_wconf 90' lang='lat' dir='ltr'>in</span> <span class='ocrx_word' id='word_1_68' title='bbox 216 832 357 883; x_wconf 90' lang='lat' dir='ltr'>quibus</span> <span class='ocrx_word' id='word_1_69' title='bbox 377 834 542 871; x_wconf 88' lang='lat' dir='ltr'>vestium</span> <span class='ocrx_word' id='word_1_70' title='bbox 576 833 902 871; x_wconf 80' lang='lat' dir='ltr'>commutationes</span> <span class='ocrx_word' id='word_1_71' title='bbox 938 840 976 871; x_wconf 89' lang='lat' dir='ltr'>et</span> <span class='ocrx_word' id='word_1_72' title='bbox 1013 847 1266 884; x_wconf 85' lang='lat' dir='ltr'>personarum</span> <span class='ocrx_word' id='word_1_73' title='bbox 1301 836 1531 876; x_wconf 83' lang='lat' dir='ltr'>indumenta</span> 
     </span>
     <span class='ocr_line' id='line_1_11' title="bbox 73 894 1530 949; baseline 0.006 -18"><span class='ocrx_word' id='word_1_74' title='bbox 73 894 393 935; x_wconf 87' lang='lat' dir='ltr'>adservabantur.</span> <span class='ocrx_word' id='word_1_75' title='bbox 450 898 580 948; x_wconf 80' lang='lat' dir='ltr'>Ipsam</span> <span class='ocrx_word' id='word_1_76' title='bbox 619 906 747 936; x_wconf 86' lang='lat' dir='ltr'>autem</span> <span class='ocrx_word' id='word_1_77' title='bbox 783 911 1035 948; x_wconf 90' lang='lat' dir='ltr'>personarum</span> <span class='ocrx_word' id='word_1_78' title='bbox 1070 901 1455 949; x_wconf 71' lang='lat' dir='ltr'>repraesentationem</span> <span class='ocrx_word' id='word_1_79' title='bbox 1491 903 1530 940; x_wconf 86' lang='lat' dir='ltr'>in</span> 
     </span>
     <span class='ocr_line' id='line_1_12' title="bbox 73 962 1531 1013; baseline 0.007 -18"><span class='ocrx_word' id='word_1_80' title='bbox 73 970 203 1006; x_wconf 89' lang='lat' dir='ltr'>scena,</span> <span class='ocrx_word' id='word_1_81' title='bbox 226 967 342 1011; x_wconf 88' lang='lat' dir='ltr'>atque</span> <span class='ocrx_word' id='word_1_82' title='bbox 370 962 468 999; x_wconf 89' lang='lat' dir='ltr'>adeo</span> <span class='ocrx_word' id='word_1_83' title='bbox 489 962 809 1013; x_wconf 83' lang='lat' dir='ltr'>compositionem</span> <span class='ocrx_word' id='word_1_84' title='bbox 834 963 1062 1009; x_wconf 85' lang='lat' dir='ltr'>Comoediae,</span> <span class='ocrx_word' id='word_1_85' title='bbox 1097 962 1226 1000; x_wconf 81' lang='lat' dir='ltr'>Graeci</span> <span class='ocrx_word' id='word_1_86' title='bbox 1249 964 1395 1002; x_wconf 84' lang='lat' dir='ltr'>Drama</span> <span class='ocrx_word' id='word_1_87' title='bbox 1414 979 1531 1005; x_wconf 85' lang='lat' dir='ltr'>voca-</span> 
     </span>
     <span class='ocr_line' id='line_1_13' title="bbox 73 1024 1531 1081; baseline 0.005 -21"><span class='ocrx_word' id='word_1_88' title='bbox 73 1029 177 1062; x_wconf 85' lang='lat' dir='ltr'>runt.</span> <span class='ocrx_word' id='word_1_89' title='bbox 233 1024 310 1062; x_wconf 89' lang='lat' dir='ltr'>Sed</span> <span class='ocrx_word' id='word_1_90' title='bbox 332 1032 370 1063; x_wconf 88' lang='lat' dir='ltr'>et</span> <span class='ocrx_word' id='word_1_91' title='bbox 391 1040 548 1064; x_wconf 86' lang='lat' dir='ltr'>scenam</span> <span class='ocrx_word' id='word_1_92' title='bbox 569 1034 711 1064; x_wconf 89' lang='lat' dir='ltr'>vocant</span> <span class='ocrx_word' id='word_1_93' title='bbox 733 1027 894 1072; x_wconf 87' lang='lat' dir='ltr'>Comici,</span> <span class='ocrx_word' id='word_1_94' title='bbox 916 1027 1103 1077; x_wconf 87' lang='lat' dir='ltr'>quicquid</span> <span class='ocrx_word' id='word_1_95' title='bbox 1139 1027 1228 1065; x_wconf 86' lang='lat' dir='ltr'>duae</span> <span class='ocrx_word' id='word_1_96' title='bbox 1256 1034 1322 1065; x_wconf 86' lang='lat' dir='ltr'>aut</span> <span class='ocrx_word' id='word_1_97' title='bbox 1341 1036 1422 1067; x_wconf 88' lang='lat' dir='ltr'>tres</span> <span class='ocrx_word' id='word_1_98' title='bbox 1442 1043 1531 1081; x_wconf 90' lang='lat' dir='ltr'>per-</span> 
     </span>
     <span class='ocr_line' id='line_1_14' title="bbox 74 1090 1530 1142; baseline 0.005 -16"><span class='ocrx_word' id='word_1_99' title='bbox 74 1102 182 1127; x_wconf 87' lang='lat' dir='ltr'>sonae</span> <span class='ocrx_word' id='word_1_100' title='bbox 203 1092 390 1128; x_wconf 84' lang='lat' dir='ltr'>sermonis</span> <span class='ocrx_word' id='word_1_101' title='bbox 412 1090 551 1141; x_wconf 85' lang='lat' dir='ltr'>integri</span> <span class='ocrx_word' id='word_1_102' title='bbox 573 1098 612 1128; x_wconf 89' lang='lat' dir='ltr'>et</span> <span class='ocrx_word' id='word_1_103' title='bbox 630 1091 797 1128; x_wconf 89' lang='lat' dir='ltr'>absoluti</span> <span class='ocrx_word' id='word_1_104' title='bbox 816 1091 1107 1141; x_wconf 86' lang='lat' dir='ltr'>colloquuntur,</span> <span class='ocrx_word' id='word_1_105' title='bbox 1129 1091 1283 1142; x_wconf 87' lang='lat' dir='ltr'>illicque</span> <span class='ocrx_word' id='word_1_106' title='bbox 1301 1092 1384 1130; x_wconf 85' lang='lat' dir='ltr'>finit</span> <span class='ocrx_word' id='word_1_107' title='bbox 1400 1107 1530 1142; x_wconf 87' lang='lat' dir='ltr'>scena,</span> 
     </span>
     <span class='ocr_line' id='line_1_15' title="bbox 73 1153 1532 1205; baseline 0.004 -14"><span class='ocrx_word' id='word_1_108' title='bbox 73 1154 139 1191; x_wconf 89' lang='lat' dir='ltr'>ubi</span> <span class='ocrx_word' id='word_1_109' title='bbox 159 1160 226 1191; x_wconf 88' lang='lat' dir='ltr'>aut</span> <span class='ocrx_word' id='word_1_110' title='bbox 247 1154 377 1205; x_wconf 87' lang='lat' dir='ltr'>aliqua</span> <span class='ocrx_word' id='word_1_111' title='bbox 396 1167 566 1205; x_wconf 86' lang='lat' dir='ltr'>persona</span> <span class='ocrx_word' id='word_1_112' title='bbox 593 1153 881 1205; x_wconf 80' lang='lat' dir='ltr'>introgreditur,</span> <span class='ocrx_word' id='word_1_113' title='bbox 903 1160 971 1191; x_wconf 88' lang='lat' dir='ltr'>aut</span> <span class='ocrx_word' id='word_1_114' title='bbox 991 1154 1066 1192; x_wconf 87' lang='lat' dir='ltr'>alia</span> <span class='ocrx_word' id='word_1_115' title='bbox 1088 1154 1137 1192; x_wconf 90' lang='lat' dir='ltr'>ad</span> <span class='ocrx_word' id='word_1_116' title='bbox 1169 1155 1308 1202; x_wconf 91' lang='lat' dir='ltr'>forum,</span> <span class='ocrx_word' id='word_1_117' title='bbox 1341 1164 1409 1195; x_wconf 90' lang='lat' dir='ltr'>aut</span> <span class='ocrx_word' id='word_1_118' title='bbox 1442 1159 1532 1197; x_wconf 88' lang='lat' dir='ltr'>alibi</span> 
     </span>
     <span class='ocr_line' id='line_1_16' title="bbox 75 1217 1531 1270; baseline 0.005 -16"><span class='ocrx_word' id='word_1_119' title='bbox 75 1217 124 1255; x_wconf 89' lang='lat' dir='ltr'>ad</span> <span class='ocrx_word' id='word_1_120' title='bbox 143 1218 309 1256; x_wconf 88' lang='lat' dir='ltr'>vicinam</span> <span class='ocrx_word' id='word_1_121' title='bbox 329 1218 459 1256; x_wconf 87' lang='lat' dir='ltr'>currit.</span> <span class='ocrx_word' id='word_1_122' title='bbox 516 1219 639 1256; x_wconf 91' lang='lat' dir='ltr'>Actus</span> <span class='ocrx_word' id='word_1_123' title='bbox 671 1225 800 1256; x_wconf 88' lang='lat' dir='ltr'>autem</span> <span class='ocrx_word' id='word_1_124' title='bbox 831 1218 963 1268; x_wconf 89' lang='lat' dir='ltr'>plures</span> <span class='ocrx_word' id='word_1_125' title='bbox 992 1231 1130 1256; x_wconf 88' lang='lat' dir='ltr'>scenas</span> <span class='ocrx_word' id='word_1_126' title='bbox 1162 1220 1531 1270; x_wconf 85' lang='lat' dir='ltr'>comprehendebat.</span> 
     </span>
     <span class='ocr_line' id='line_1_17' title="bbox 76 1281 1532 1335; baseline 0.003 -16"><span class='ocrx_word' id='word_1_127' title='bbox 76 1281 223 1333; x_wconf 87' lang='lat' dir='ltr'>Estque</span> <span class='ocrx_word' id='word_1_128' title='bbox 243 1283 281 1319; x_wconf 90' lang='lat' dir='ltr'>in</span> <span class='ocrx_word' id='word_1_129' title='bbox 316 1283 517 1320; x_wconf 82' lang='lat' dir='ltr'>Comoedia</span> <span class='ocrx_word' id='word_1_130' title='bbox 546 1296 634 1334; x_wconf 90' lang='lat' dir='ltr'>pars</span> <span class='ocrx_word' id='word_1_131' title='bbox 656 1282 946 1333; x_wconf 86' lang='lat' dir='ltr'>quodammodo</span> <span class='ocrx_word' id='word_1_132' title='bbox 981 1282 1162 1320; x_wconf 86' lang='lat' dir='ltr'>absoluta</span> <span class='ocrx_word' id='word_1_133' title='bbox 1188 1289 1226 1320; x_wconf 89' lang='lat' dir='ltr'>et</span> <span class='ocrx_word' id='word_1_134' title='bbox 1245 1285 1411 1335; x_wconf 83' lang='lat' dir='ltr'>integra,</span> <span class='ocrx_word' id='word_1_135' title='bbox 1434 1299 1532 1323; x_wconf 93' lang='lat' dir='ltr'>non-</span> 
     </span>
     <span class='ocr_line' id='line_1_18' title="bbox 75 1346 1534 1400; baseline 0.004 -17"><span class='ocrx_word' id='word_1_136' title='bbox 75 1346 167 1384; x_wconf 88' lang='lat' dir='ltr'>dum</span> <span class='ocrx_word' id='word_1_137' title='bbox 188 1353 318 1384; x_wconf 84' lang='lat' dir='ltr'>tamen</span> <span class='ocrx_word' id='word_1_138' title='bbox 338 1360 416 1384; x_wconf 89' lang='lat' dir='ltr'>rem</span> <span class='ocrx_word' id='word_1_139' title='bbox 438 1360 590 1384; x_wconf 90' lang='lat' dir='ltr'>omnem</span> <span class='ocrx_word' id='word_1_140' title='bbox 610 1347 773 1385; x_wconf 87' lang='lat' dir='ltr'>finiens:</span> <span class='ocrx_word' id='word_1_141' title='bbox 805 1346 874 1385; x_wconf 90' lang='lat' dir='ltr'>sed</span> <span class='ocrx_word' id='word_1_142' title='bbox 894 1348 947 1384; x_wconf 90' lang='lat' dir='ltr'>ita</span> <span class='ocrx_word' id='word_1_143' title='bbox 968 1346 1210 1385; x_wconf 88' lang='lat' dir='ltr'>dimidiatam</span> <span class='ocrx_word' id='word_1_144' title='bbox 1232 1347 1469 1400; x_wconf 88' lang='lat' dir='ltr'>relinquens,</span> <span class='ocrx_word' id='word_1_145' title='bbox 1490 1357 1534 1389; x_wconf 88' lang='lat' dir='ltr'>ut</span> 
     </span>
     <span class='ocr_line' id='line_1_19' title="bbox 74 1410 1532 1465; baseline 0.003 -17"><span class='ocrx_word' id='word_1_146' title='bbox 74 1410 264 1460; x_wconf 88' lang='lat' dir='ltr'>respirent</span> <span class='ocrx_word' id='word_1_147' title='bbox 284 1418 539 1461; x_wconf 80' lang='lat' dir='ltr'>spectatores,</span> <span class='ocrx_word' id='word_1_148' title='bbox 559 1418 598 1449; x_wconf 88' lang='lat' dir='ltr'>et</span> <span class='ocrx_word' id='word_1_149' title='bbox 617 1411 767 1449; x_wconf 85' lang='lat' dir='ltr'>facilius</span> <span class='ocrx_word' id='word_1_150' title='bbox 795 1417 1067 1457; x_wconf 87' lang='lat' dir='ltr'>commutetur,</span> <span class='ocrx_word' id='word_1_151' title='bbox 1098 1411 1285 1462; x_wconf 86' lang='lat' dir='ltr'>quicquid</span> <span class='ocrx_word' id='word_1_152' title='bbox 1316 1412 1354 1449; x_wconf 90' lang='lat' dir='ltr'>in</span> <span class='ocrx_word' id='word_1_153' title='bbox 1375 1413 1532 1465; x_wconf 87' lang='lat' dir='ltr'>reliquis</span> 
     </span>
     <span class='ocr_line' id='line_1_20' title="bbox 76 1473 1531 1526; baseline 0.003 -15"><span class='ocrx_word' id='word_1_154' title='bbox 76 1473 288 1512; x_wconf 85' lang='lat' dir='ltr'>Comoediae</span> <span class='ocrx_word' id='word_1_155' title='bbox 308 1475 482 1525; x_wconf 91' lang='lat' dir='ltr'>partibus</span> <span class='ocrx_word' id='word_1_156' title='bbox 503 1482 705 1526; x_wconf 87' lang='lat' dir='ltr'>superest:</span> <span class='ocrx_word' id='word_1_157' title='bbox 736 1476 775 1513; x_wconf 93' lang='lat' dir='ltr'>id</span> <span class='ocrx_word' id='word_1_158' title='bbox 796 1482 925 1513; x_wconf 87' lang='lat' dir='ltr'>autem</span> <span class='ocrx_word' id='word_1_159' title='bbox 942 1482 1054 1513; x_wconf 89' lang='lat' dir='ltr'>actus</span> <span class='ocrx_word' id='word_1_160' title='bbox 1075 1482 1313 1514; x_wconf 87' lang='lat' dir='ltr'>commutare</span> <span class='ocrx_word' id='word_1_161' title='bbox 1334 1476 1531 1516; x_wconf 86' lang='lat' dir='ltr'>dicebant.</span> 
     </span>
     <span class='ocr_line' id='line_1_21' title="bbox 76 1537 1532 1591; baseline 0.003 -16"><span class='ocrx_word' id='word_1_162' title='bbox 76 1537 228 1575; x_wconf 88' lang='lat' dir='ltr'>Interea</span> <span class='ocrx_word' id='word_1_163' title='bbox 248 1538 352 1575; x_wconf 90' lang='lat' dir='ltr'>mimi</span> <span class='ocrx_word' id='word_1_164' title='bbox 373 1538 533 1576; x_wconf 88' lang='lat' dir='ltr'>dicteria</span> <span class='ocrx_word' id='word_1_165' title='bbox 553 1546 591 1577; x_wconf 89' lang='lat' dir='ltr'>et</span> <span class='ocrx_word' id='word_1_166' title='bbox 605 1539 775 1577; x_wconf 84' lang='lat' dir='ltr'>diverbia</span> <span class='ocrx_word' id='word_1_167' title='bbox 791 1539 1022 1585; x_wconf 86' lang='lat' dir='ltr'>referebant,</span> <span class='ocrx_word' id='word_1_168' title='bbox 1039 1539 1382 1591; x_wconf 85' lang='lat' dir='ltr'>recitabanturque</span> <span class='ocrx_word' id='word_1_169' title='bbox 1398 1543 1532 1581; x_wconf 88' lang='lat' dir='ltr'>nescio</span> 
     </span>
     <span class='ocr_line' id='line_1_22' title="bbox 77 1601 1534 1654; baseline 0.003 -15"><span class='ocrx_word' id='word_1_170' title='bbox 77 1614 165 1653; x_wconf 90' lang='lat' dir='ltr'>quae</span> <span class='ocrx_word' id='word_1_171' title='bbox 190 1601 384 1652; x_wconf 86' lang='lat' dir='ltr'>jucunda,</span> <span class='ocrx_word' id='word_1_172' title='bbox 415 1616 503 1653; x_wconf 90' lang='lat' dir='ltr'>quae</span> <span class='ocrx_word' id='word_1_173' title='bbox 532 1603 718 1654; x_wconf 90' lang='lat' dir='ltr'>populum</span> <span class='ocrx_word' id='word_1_174' title='bbox 739 1604 813 1641; x_wconf 91' lang='lat' dir='ltr'>alia</span> <span class='ocrx_word' id='word_1_175' title='bbox 833 1603 1093 1641; x_wconf 84' lang='lat' dir='ltr'>oblectatione</span> <span class='ocrx_word' id='word_1_176' title='bbox 1114 1604 1326 1642; x_wconf 89' lang='lat' dir='ltr'>afficerent.</span> <span class='ocrx_word' id='word_1_177' title='bbox 1384 1606 1429 1642; x_wconf 90' lang='lat' dir='ltr'>In</span> <span class='ocrx_word' id='word_1_178' title='bbox 1457 1607 1534 1644; x_wconf 95' lang='lat' dir='ltr'>Co-</span> 
     </span>
     <span class='ocr_line' id='line_1_23' title="bbox 77 1665 1533 1718; baseline 0.003 -15"><span class='ocrx_word' id='word_1_179' title='bbox 77 1665 221 1704; x_wconf 85' lang='lat' dir='ltr'>moedia</span> <span class='ocrx_word' id='word_1_180' title='bbox 238 1679 329 1704; x_wconf 88' lang='lat' dir='ltr'>vero</span> <span class='ocrx_word' id='word_1_181' title='bbox 341 1666 471 1717; x_wconf 88' lang='lat' dir='ltr'>plures</span> <span class='ocrx_word' id='word_1_182' title='bbox 485 1674 595 1704; x_wconf 86' lang='lat' dir='ltr'>erant</span> <span class='ocrx_word' id='word_1_183' title='bbox 608 1666 831 1718; x_wconf 89' lang='lat' dir='ltr'>hujusmodi</span> <span class='ocrx_word' id='word_1_184' title='bbox 846 1674 972 1712; x_wconf 89' lang='lat' dir='ltr'>actus,</span> <span class='ocrx_word' id='word_1_185' title='bbox 988 1666 1203 1704; x_wconf 87' lang='lat' dir='ltr'>secundum</span> <span class='ocrx_word' id='word_1_186' title='bbox 1226 1668 1278 1705; x_wconf 91' lang='lat' dir='ltr'>rei</span> <span class='ocrx_word' id='word_1_187' title='bbox 1291 1668 1533 1718; x_wconf 83' lang='lat' dir='ltr'>gravitatem,</span> 
     </span>
     <span class='ocr_line' id='line_1_24' title="bbox 77 1730 1534 1772; baseline 0.003 -5"><span class='ocrx_word' id='word_1_188' title='bbox 77 1736 145 1767; x_wconf 85' lang='lat' dir='ltr'>aut</span> <span class='ocrx_word' id='word_1_189' title='bbox 190 1730 391 1769; x_wconf 87' lang='lat' dir='ltr'>rationem.</span> <span class='ocrx_word' id='word_1_190' title='bbox 462 1730 753 1768; x_wconf 88' lang='lat' dir='ltr'>Comoediarum</span> <span class='ocrx_word' id='word_1_191' title='bbox 799 1738 928 1769; x_wconf 87' lang='lat' dir='ltr'>autem</span> <span class='ocrx_word' id='word_1_192' title='bbox 964 1730 1141 1768; x_wconf 82' lang='lat' dir='ltr'>recitatio</span> <span class='ocrx_word' id='word_1_193' title='bbox 1190 1731 1227 1768; x_wconf 91' lang='lat' dir='ltr'>in</span> <span class='ocrx_word' id='word_1_194' title='bbox 1265 1744 1384 1769; x_wconf 88' lang='lat' dir='ltr'>scena</span> <span class='ocrx_word' id='word_1_195' title='bbox 1419 1733 1534 1772; x_wconf 87' lang='lat' dir='ltr'>Actio</span> 
     </span>
     <span class='ocr_line' id='line_1_25' title="bbox 78 1794 1534 1846; baseline 0.003 -15"><span class='ocrx_word' id='word_1_196' title='bbox 78 1794 304 1832; x_wconf 83' lang='lat' dir='ltr'>dicebatur:</span> <span class='ocrx_word' id='word_1_197' title='bbox 336 1794 440 1832; x_wconf 90' lang='lat' dir='ltr'>unde</span> <span class='ocrx_word' id='word_1_198' title='bbox 474 1795 589 1832; x_wconf 84' lang='lat' dir='ltr'>etiam</span> <span class='ocrx_word' id='word_1_199' title='bbox 626 1796 692 1846; x_wconf 91' lang='lat' dir='ltr'>qui</span> <span class='ocrx_word' id='word_1_200' title='bbox 725 1796 909 1845; x_wconf 82' lang='lat' dir='ltr'>agebant,</span> <span class='ocrx_word' id='word_1_201' title='bbox 945 1802 984 1833; x_wconf 90' lang='lat' dir='ltr'>et</span> <span class='ocrx_word' id='word_1_202' title='bbox 1016 1795 1184 1833; x_wconf 90' lang='lat' dir='ltr'>Fabulas</span> <span class='ocrx_word' id='word_1_203' title='bbox 1216 1797 1534 1846; x_wconf 84' lang='lat' dir='ltr'>pronuntiabant,</span> 
     </span>
     <span class='ocr_line' id='line_1_26' title="bbox 78 1858 1535 1912; baseline 0.002 -17"><span class='ocrx_word' id='word_1_204' title='bbox 78 1859 241 1897; x_wconf 88' lang='lat' dir='ltr'>Actores</span> <span class='ocrx_word' id='word_1_205' title='bbox 262 1858 368 1896; x_wconf 86' lang='lat' dir='ltr'>dicti.</span> <span class='ocrx_word' id='word_1_206' title='bbox 425 1860 539 1897; x_wconf 93' lang='lat' dir='ltr'>Actio</span> <span class='ocrx_word' id='word_1_207' title='bbox 560 1872 715 1910; x_wconf 91' lang='lat' dir='ltr'>quoque</span> <span class='ocrx_word' id='word_1_208' title='bbox 737 1859 786 1897; x_wconf 90' lang='lat' dir='ltr'>ad</span> <span class='ocrx_word' id='word_1_209' title='bbox 811 1859 997 1912; x_wconf 77' lang='lat' dir='ltr'>orationis</span> <span class='ocrx_word' id='word_1_210' title='bbox 1030 1859 1386 1910; x_wconf 87' lang='lat' dir='ltr'>pronuntiationem</span> <span class='ocrx_word' id='word_1_211' title='bbox 1406 1867 1535 1898; x_wconf 89' lang='lat' dir='ltr'>trans-</span> 
     </span>
     <span class='ocr_line' id='line_1_27' title="bbox 77 1923 1535 1974; baseline 0.001 -14"><span class='ocrx_word' id='word_1_212' title='bbox 77 1923 222 1966; x_wconf 59' lang='lat' dir='ltr'>fertum</span> <span class='ocrx_word' id='word_1_213' title='bbox 254 1931 296 1961; x_wconf 90' lang='lat' dir='ltr'>ut</span> <span class='ocrx_word' id='word_1_214' title='bbox 315 1923 430 1961; x_wconf 88' lang='lat' dir='ltr'>etiam</span> <span class='ocrx_word' id='word_1_215' title='bbox 462 1923 547 1974; x_wconf 87' lang='lat' dir='ltr'>ipsa</span> <span class='ocrx_word' id='word_1_216' title='bbox 567 1924 689 1962; x_wconf 91' lang='lat' dir='ltr'>oratio</span> <span class='ocrx_word' id='word_1_217' title='bbox 723 1923 887 1962; x_wconf 89' lang='lat' dir='ltr'>rhetoris</span> <span class='ocrx_word' id='word_1_218' title='bbox 920 1923 979 1961; x_wconf 89' lang='lat' dir='ltr'>vel</span> <span class='ocrx_word' id='word_1_219' title='bbox 1016 1923 1162 1973; x_wconf 86' lang='lat' dir='ltr'>scripta</span> <span class='ocrx_word' id='word_1_220' title='bbox 1188 1924 1250 1961; x_wconf 89' lang='lat' dir='ltr'>vel</span> <span class='ocrx_word' id='word_1_221' title='bbox 1284 1925 1535 1974; x_wconf 70' lang='lat' dir='ltr'>pronuntiita</span> 
     </span>
     <span class='ocr_line' id='line_1_28' title="bbox 78 1987 364 2026; baseline 0 -1"><span class='ocrx_word' id='word_1_222' title='bbox 78 1988 179 2025; x_wconf 86' lang='lat' dir='ltr'>actio</span> <span class='ocrx_word' id='word_1_223' title='bbox 199 1987 364 2026; x_wconf 86' lang='lat' dir='ltr'>dicatur.</span> 
     </span>
    </p>
   </div>
   <div class='ocr_carea' id='block_1_3' title="bbox 292 2096 1312 2134">
    <p class='ocr_par' dir='ltr' id='par_1_3' title="bbox 292 2096 1312 2134">
     <span class='ocr_line' id='line_1_29' title="bbox 292 2096 1312 2134; baseline 0.002 -2"><span class='ocrx_word' id='word_1_224' title='bbox 292 2096 649 2134; x_wconf 88' lang='lat' dir='ltr'>SCENICORUM</span> <span class='ocrx_word' id='word_1_225' title='bbox 680 2097 944 2134; x_wconf 85' lang='lat' dir='ltr'>ACTORUM</span> <span class='ocrx_word' id='word_1_226' title='bbox 976 2096 1312 2134; x_wconf 84' lang='lat' dir='ltr'>DIVERSITAS.</span> 
     </span>
    </p>
   </div>
   <div class='ocr_carea' id='block_1_4' title="bbox 80 2180 1538 2808">
    <p class='ocr_par' dir='ltr' id='par_1_4' title="bbox 80 2180 1538 2808">
     <span class='ocr_line' id='line_1_30' title="bbox 134 2180 1535 2232; baseline 0.002 -16"><span class='ocrx_word' id='word_1_227' title='bbox 134 2180 176 2216; x_wconf 92' lang='lat' dir='ltr'>In</span> <span class='ocrx_word' id='word_1_228' title='bbox 198 2192 356 2218; x_wconf 88' lang='lat' dir='ltr'>scenam</span> <span class='ocrx_word' id='word_1_229' title='bbox 379 2194 455 2218; x_wconf 92' lang='lat' dir='ltr'>non</span> <span class='ocrx_word' id='word_1_230' title='bbox 478 2182 603 2219; x_wconf 91' lang='lat' dir='ltr'>solum</span> <span class='ocrx_word' id='word_1_231' title='bbox 636 2182 925 2219; x_wconf 84' lang='lat' dir='ltr'>Comoediarum</span> <span class='ocrx_word' id='word_1_232' title='bbox 961 2188 1028 2219; x_wconf 88' lang='lat' dir='ltr'>aut</span> <span class='ocrx_word' id='word_1_233' title='bbox 1056 2181 1351 2232; x_wconf 84' lang='lat' dir='ltr'>Tragoediarum</span> <span class='ocrx_word' id='word_1_234' title='bbox 1371 2181 1535 2220; x_wconf 86' lang='lat' dir='ltr'>Actores</span> 
     </span>
     <span class='ocr_line' id='line_1_31' title="bbox 80 2243 1535 2296; baseline 0.001 -16"><span class='ocrx_word' id='word_1_235' title='bbox 80 2243 163 2293; x_wconf 91' lang='lat' dir='ltr'>(qui</span> <span class='ocrx_word' id='word_1_236' title='bbox 182 2244 346 2294; x_wconf 84' lang='lat' dir='ltr'>tragoedi</span> <span class='ocrx_word' id='word_1_237' title='bbox 366 2252 406 2282; x_wconf 89' lang='lat' dir='ltr'>et</span> <span class='ocrx_word' id='word_1_238' title='bbox 424 2246 588 2283; x_wconf 84' lang='lat' dir='ltr'>comoedi</span> <span class='ocrx_word' id='word_1_239' title='bbox 609 2245 856 2294; x_wconf 80' lang='lat' dir='ltr'>dicebantur)</span> <span class='ocrx_word' id='word_1_240' title='bbox 874 2245 1084 2296; x_wconf 87' lang='lat' dir='ltr'>prodibant</span> <span class='ocrx_word' id='word_1_241' title='bbox 1103 2246 1139 2281; x_wconf 88' lang='lat' dir='ltr'>in</span> <span class='ocrx_word' id='word_1_242' title='bbox 1163 2244 1444 2295; x_wconf 85' lang='lat' dir='ltr'>spectaculum,</span> <span class='ocrx_word' id='word_1_243' title='bbox 1466 2246 1535 2282; x_wconf 90' lang='lat' dir='ltr'>sed</span> 
     </span>
     <span class='ocr_line' id='line_1_32' title="bbox 80 2307 1535 2360; baseline 0.002 -16"><span class='ocrx_word' id='word_1_244' title='bbox 80 2307 194 2344; x_wconf 79' lang='lat' dir='ltr'>etiam</span> <span class='ocrx_word' id='word_1_245' title='bbox 219 2307 335 2354; x_wconf 88' lang='lat' dir='ltr'>mimi,</span> <span class='ocrx_word' id='word_1_246' title='bbox 355 2310 596 2358; x_wconf 88' lang='lat' dir='ltr'>pantomimi,</span> <span class='ocrx_word' id='word_1_247' title='bbox 618 2310 843 2355; x_wconf 87' lang='lat' dir='ltr'>archimimi,</span> <span class='ocrx_word' id='word_1_248' title='bbox 866 2308 1051 2360; x_wconf 82' lang='lat' dir='ltr'>ethologi‚</span> <span class='ocrx_word' id='word_1_249' title='bbox 1078 2309 1273 2359; x_wconf 85' lang='lat' dir='ltr'>ethopoei:</span> <span class='ocrx_word' id='word_1_250' title='bbox 1304 2321 1439 2346; x_wconf 89' lang='lat' dir='ltr'>omnes</span> <span class='ocrx_word' id='word_1_251' title='bbox 1457 2322 1535 2347; x_wconf 90' lang='lat' dir='ltr'>uno</span> 
     </span>
     <span class='ocr_line' id='line_1_33' title="bbox 80 2371 1538 2425; baseline 0.003 -18"><span class='ocrx_word' id='word_1_252' title='bbox 80 2371 238 2409; x_wconf 89' lang='lat' dir='ltr'>nomine</span> <span class='ocrx_word' id='word_1_253' title='bbox 259 2371 473 2423; x_wconf 84' lang='lat' dir='ltr'>hypocritae</span> <span class='ocrx_word' id='word_1_254' title='bbox 504 2374 559 2422; x_wconf 90' lang='lat' dir='ltr'>(id</span> <span class='ocrx_word' id='word_1_255' title='bbox 582 2381 655 2420; x_wconf 89' lang='lat' dir='ltr'>est,</span> <span class='ocrx_word' id='word_1_256' title='bbox 687 2375 823 2413; x_wconf 74' lang='lat' dir='ltr'>alienae</span> <span class='ocrx_word' id='word_1_257' title='bbox 853 2387 1032 2425; x_wconf 87' lang='lat' dir='ltr'>personae</span> <span class='ocrx_word' id='word_1_258' title='bbox 1052 2373 1314 2420; x_wconf 79' lang='lat' dir='ltr'>simulatores)</span> <span class='ocrx_word' id='word_1_259' title='bbox 1347 2373 1467 2411; x_wconf 86' lang='lat' dir='ltr'>dicti:</span> <span class='ocrx_word' id='word_1_260' title='bbox 1499 2380 1538 2411; x_wconf 85' lang='lat' dir='ltr'>et</span> 
     </span>
     <span class='ocr_line' id='line_1_34' title="bbox 80 2435 1534 2488; baseline 0.001 -16"><span class='ocrx_word' id='word_1_261' title='bbox 80 2447 212 2472; x_wconf 89' lang='lat' dir='ltr'>eorum</span> <span class='ocrx_word' id='word_1_262' title='bbox 233 2435 348 2482; x_wconf 87' lang='lat' dir='ltr'>actio,</span> <span class='ocrx_word' id='word_1_263' title='bbox 369 2436 602 2488; x_wconf 84' lang='lat' dir='ltr'>hypocrisis,</span> <span class='ocrx_word' id='word_1_264' title='bbox 635 2438 672 2475; x_wconf 88' lang='lat' dir='ltr'>id</span> <span class='ocrx_word' id='word_1_265' title='bbox 694 2445 770 2483; x_wconf 87' lang='lat' dir='ltr'>est,</span> <span class='ocrx_word' id='word_1_266' title='bbox 791 2438 928 2475; x_wconf 90' lang='lat' dir='ltr'>alienae</span> <span class='ocrx_word' id='word_1_267' title='bbox 958 2450 1135 2488; x_wconf 85' lang='lat' dir='ltr'>personae</span> <span class='ocrx_word' id='word_1_268' title='bbox 1155 2436 1365 2482; x_wconf 87' lang='lat' dir='ltr'>simulatio,</span> <span class='ocrx_word' id='word_1_269' title='bbox 1387 2436 1534 2474; x_wconf 86' lang='lat' dir='ltr'>Latinis</span> 
     </span>
     <span class='ocr_line' id='line_1_35' title="bbox 80 2491 1535 2552; baseline 0.002 -17"><span class='ocrx_word' id='word_1_270' title='bbox 80 2498 302 2546; x_wconf 88' lang='lat' dir='ltr'>histriones,</span> <span class='ocrx_word' id='word_1_271' title='bbox 323 2491 596 2552; x_wconf 89' lang='lat' dir='ltr'>ludionesque,</span> <span class='ocrx_word' id='word_1_272' title='bbox 617 2510 684 2540; x_wconf 88' lang='lat' dir='ltr'>aut</span> <span class='ocrx_word' id='word_1_273' title='bbox 705 2503 819 2540; x_wconf 87' lang='lat' dir='ltr'>etiam</span> <span class='ocrx_word' id='word_1_274' title='bbox 840 2502 932 2540; x_wconf 89' lang='lat' dir='ltr'>ludii</span> <span class='ocrx_word' id='word_1_275' title='bbox 956 2502 1149 2540; x_wconf 88' lang='lat' dir='ltr'>dicuntur.</span> <span class='ocrx_word' id='word_1_276' title='bbox 1193 2500 1302 2538; x_wconf 86' lang='lat' dir='ltr'>Mimi</span> <span class='ocrx_word' id='word_1_277' title='bbox 1321 2500 1535 2538; x_wconf 82' lang='lat' dir='ltr'>imitatores</span> 
     </span>
     <span class='ocr_line' id='line_1_36' title="bbox 82 2564 1533 2617; baseline 0.001 -18"><span class='ocrx_word' id='word_1_278' title='bbox 82 2568 174 2599; x_wconf 91' lang='lat' dir='ltr'>sunt</span> <span class='ocrx_word' id='word_1_279' title='bbox 194 2570 389 2613; x_wconf 86' lang='lat' dir='ltr'>gestuum,</span> <span class='ocrx_word' id='word_1_280' title='bbox 409 2578 565 2613; x_wconf 91' lang='lat' dir='ltr'>vocum,</span> <span class='ocrx_word' id='word_1_281' title='bbox 587 2574 654 2604; x_wconf 87' lang='lat' dir='ltr'>aut</span> <span class='ocrx_word' id='word_1_282' title='bbox 673 2580 876 2617; x_wconf 84' lang='lat' dir='ltr'>gressuum</span> <span class='ocrx_word' id='word_1_283' title='bbox 899 2566 1063 2617; x_wconf 87' lang='lat' dir='ltr'>alicujus</span> <span class='ocrx_word' id='word_1_284' title='bbox 1091 2578 1269 2616; x_wconf 84' lang='lat' dir='ltr'>personae</span> <span class='ocrx_word' id='word_1_285' title='bbox 1292 2564 1390 2602; x_wconf 87' lang='lat' dir='ltr'>inter</span> <span class='ocrx_word' id='word_1_286' title='bbox 1411 2565 1506 2601; x_wconf 87' lang='lat' dir='ltr'>alias</span> <span class='ocrx_word' id='word_1_287' title='bbox 1525 2578 1533 2601; x_wconf 78' lang='lat' dir='ltr'><em>z</em></span> 
     </span>
     <span class='ocr_line' id='line_1_37' title="bbox 82 2625 1534 2682; baseline 0.001 -20"><span class='ocrx_word' id='word_1_288' title='bbox 82 2625 193 2678; x_wconf 87' lang='lat' dir='ltr'>cujus</span> <span class='ocrx_word' id='word_1_289' title='bbox 213 2626 376 2665; x_wconf 87' lang='lat' dir='ltr'>ridicula</span> <span class='ocrx_word' id='word_1_290' title='bbox 397 2629 446 2665; x_wconf 91' lang='lat' dir='ltr'>sit</span> <span class='ocrx_word' id='word_1_291' title='bbox 466 2642 554 2676; x_wconf 83' lang='lat' dir='ltr'>vox,</span> <span class='ocrx_word' id='word_1_292' title='bbox 589 2637 657 2668; x_wconf 85' lang='lat' dir='ltr'>aut</span> <span class='ocrx_word' id='word_1_293' title='bbox 690 2630 796 2668; x_wconf 82' lang='lat' dir='ltr'>aliud</span> <span class='ocrx_word' id='word_1_294' title='bbox 824 2630 1036 2682; x_wconf 85' lang='lat' dir='ltr'>quidpiam.</span> <span class='ocrx_word' id='word_1_295' title='bbox 1094 2628 1328 2666; x_wconf 86' lang='lat' dir='ltr'>Pantomimi</span> <span class='ocrx_word' id='word_1_296' title='bbox 1365 2628 1534 2665; x_wconf 89' lang='lat' dir='ltr'>omnium</span> 
     </span>
     <span class='ocr_line' id='line_1_38' title="bbox 81 2691 1534 2745; baseline 0 -18"><span class='ocrx_word' id='word_1_297' title='bbox 81 2703 333 2741; x_wconf 87' lang='lat' dir='ltr'>personarum</span> <span class='ocrx_word' id='word_1_298' title='bbox 353 2691 565 2731; x_wconf 84' lang='lat' dir='ltr'>imitatores</span> <span class='ocrx_word' id='word_1_299' title='bbox 588 2700 679 2732; x_wconf 88' lang='lat' dir='ltr'>sunt</span> <span class='ocrx_word' id='word_1_300' title='bbox 697 2695 992 2745; x_wconf 84' lang='lat' dir='ltr'>effictoresque:</span> <span class='ocrx_word' id='word_1_301' title='bbox 1014 2700 1058 2730; x_wconf 88' lang='lat' dir='ltr'>ut</span> <span class='ocrx_word' id='word_1_302' title='bbox 1081 2700 1120 2730; x_wconf 90' lang='lat' dir='ltr'>et</span> <span class='ocrx_word' id='word_1_303' title='bbox 1136 2692 1328 2737; x_wconf 85' lang='lat' dir='ltr'>mulieres,</span> <span class='ocrx_word' id='word_1_304' title='bbox 1349 2700 1386 2729; x_wconf 91' lang='lat' dir='ltr'>et</span> <span class='ocrx_word' id='word_1_305' title='bbox 1408 2705 1534 2734; x_wconf 86' lang='lat' dir='ltr'>senes,</span> 
     </span>
     <span class='ocr_line' id='line_1_39' title="bbox 84 2754 1534 2808; baseline 0 -18"><span class='ocrx_word' id='word_1_306' title='bbox 84 2754 312 2804; x_wconf 88' lang='lat' dir='ltr'>etjuvenes,</span> <span class='ocrx_word' id='word_1_307' title='bbox 331 2769 376 2794; x_wconf 89' lang='lat' dir='ltr'>ac</span> <span class='ocrx_word' id='word_1_308' title='bbox 398 2756 678 2808; x_wconf 85' lang='lat' dir='ltr'>cujuscumque</span> <span class='ocrx_word' id='word_1_309' title='bbox 701 2759 826 2796; x_wconf 84' lang='lat' dir='ltr'>aetatis</span> <span class='ocrx_word' id='word_1_310' title='bbox 849 2770 1036 2808; x_wconf 85' lang='lat' dir='ltr'>personas</span> <span class='ocrx_word' id='word_1_311' title='bbox 1057 2757 1306 2806; x_wconf 80' lang='lat' dir='ltr'>confingant3</span> <span class='ocrx_word' id='word_1_312' title='bbox 1338 2755 1451 2793; x_wconf 84' lang='lat' dir='ltr'>etiarn</span> <span class='ocrx_word' id='word_1_313' title='bbox 1482 2755 1534 2790; x_wconf 76' lang='lat' dir='ltr'>ita</span> 
     </span>
    </p>
   </div>
  </div>
 </body>
</html>
