1903 3306
536 238 764 270 EUNUCHI
802 237 911 268 Ac'r.
938 238 1002 266 ιν.
1036 236 1103 268 sc.
1128 238 1173 268 v.
1490 225 1574 266 487

127 335 280 377 Turba
297 334 407 376 inter
426 345 519 374 eos.
581 333 671 374 ΡΥ.
704 330 843 372 Aufer
864 344 1018 371 aurum
1038 330 1144 371 hoc:
1177 342 1256 383 ego
1279 330 1400 371 scibo
1421 343 1478 371 ex
1498 330 1580 371 hoc

295 400 401 454 quid
421 400 518 441 siet.

125 497 209 529 istud
223 506 334 530 aurum
355 496 413 528 tibi
428 506 448 528 α
465 495 584 528 Thaide
607 497 769 528 traditum.
817 497 887 536 Ego
909 496 1004 527 sciam
1026 505 1066 526 ex
1085 495 1244 526 Chremete
1258 494 1330 534 quia
1344 494 1467 532 fuctum
1482 494 1535 524 sit.

740 592 975 604 ouen-‘eece‘

128 656 220 696 Lips.
238 656 284 687 Τιι
298 656 398 695 aufer.
444 655 544 688 Quod
562 665 603 686 ex
620 656 768 697 antiquis
792 657 906 687 laudat
921 658 965 688 G.
981 656 1019 686 F.
1049 656 1150 687 West.
1197 655 1243 686 Tu
1265 654 1355 692 auser
1380 654 1420 685 R.
1448 657 1483 684 et
1500 653 1581 685 Vet.

128 699 212 732 cod.
233 699 328 732 Lind.
372 697 490 739 Aufer]
513 699 588 731 GC.
616 699 672 730 Ta.
710 698 766 731 Al.
783 700 828 730 Tu
843 700 909 738 fer.
931 699 1024 730 Perl.
1073 698 1118 729 Tu
1132 697 1221 736 aufer
1234 698 1334 729 Both.
1351 696 1567 737 Bip.Delpl1.

519 965 722 1008 ACTUS
755 964 838 1006 IV.
899 963 1106 1005 SCENA
1138 962 1196 1003 V.

595 1076 843 1107 CHREMES.
879 1076 1113 1106 PYTHJAS.

133 1157 222 1200 CH.
254 1156 329 1198 A'r
352 1156 423 1197 at!
446 1154 549 1197 data
568 1155 717 1197 hercle
738 1156 870 1196 Verba
891 1153 998 1194 mihi
1021 1156 1147 1194 sunt:
1170 1152 1280 1193 vicit
1301 1153 1447 1193 vinum
1468 1152 1586 1206 quod

301 1224 395 1264 bibi
413 1237 423 1264 :

132 1291 218 1343 Ac,
257 1291 363 1332 dum
403 1290 690 1341 accubabam,
733 1301 866 1344 quam
903 1287 1086 1329 videbar
1125 1286 1233 1327 mihi
1272 1299 1373 1328 esse
1405 1287 1588 1341 pulchre

305 1359 505 1400 sobrius!

134 1427 385 1481 Postquam
407 1426 592 1476 surrexi,
612 1437 757 1480 neque
779 1437 874 1478 peS,
902 1436 1045 1477 neque
1067 1436 1192 1464 mens
1215 1422 1325 1463 satis
1347 1435 1476 1463 suum
1496 1420 1589 1462 offi-

305 1495 421 1535 cium
445 1494 566 1534 facit.

135 1561 232 1603 ΡΥ.
263 1561 498 1603 Chremes!
541 1559 628 1601 CH.
652 1559 768 1610 Quis
784 1559 886 1600 est?
906 1558 1027 1599 ehem
1051 1557 1249 1611 Pythias.
1280 1556 1404 1597 Vah!
1428 1560 1590 1609 quanto

306 1643 421 1671 nunc
442 1628 680 1670 formosior

136 1696 301 1739 Videre
330 1697 452 1746 mihi,
487 1708 618 1750 quam
652 1693 845 1735 dudum!
906 1693 997 1734 PY.
1033 1692 1162 1734 Certe
1183 1695 1232 1732 tu
1255 1690 1431 1744 quidem
1453 1691 1530 1744 pol
1551 1696 1593 1732 et

309 1765 446 1806 multo
466 1764 659 1804 hilarior.
1565 1760 1593 1799 5

138 1835 226 1877 CH.
248 1833 459 1875 'Verbum
480 1832 624 1873 hercle
645 1831 728 1873 hoc
755 1843 904 1872 verum
924 1833 1015 1882 θεῖς
1045 1828 1151 1870 Sine
1182 1827 1337 1868 Cerere
1365 1830 1408 1867 et
1430 1826 1592 1867 Libero

306 1901 437 1954 friget
461 1899 634 1941 Venus.

183 2001 253 2032 CH.
276 1999 336 2037 At,
352 2002 398 2037 at,
412 1998 512 2030 verbis
532 1998 660 2029 Thaidis
674 1998 899 2029 circumventus
923 2007 1010 2033 sum,·
1043 1997 1159 2034 vinum,
1175 1996 1252 2035 quod
1267 1995 1342 2033 bibi,
1358 2003 1405 2025 me
1420 1993 1574 2034 superarit
1588 2002 1599 2029 ,-

137 2044 210 2074 dum
226 2052 335 2073 mensae
350 2042 571 2079 accumbebam,
587 2051 675 2081 quam
692 2041 818 2071 videbar
835 2040 912 2071 milii
928 2050 990 2070 esse
1006 2040 1080 2070 belle
1095 2039 1225 2077 sobrius,
1241 2042 1270 2068 et
1285 2047 1390 2078 sapere
1400 2035 1414 2067 Ι
1436 2040 1596 2076 postquam

138 2087 175 2116 de
190 2095 293 2116 mensu
312 2085 447 2121 surrexi,
464 2094 557 2124 neque
573 2094 636 2124 pes,
657 2093 755 2122 neque
771 2093 854 2114 mens
873 2083 906 2114 in
927 2092 980 2113 suo
1006 2082 1103 2123 officio
1119 2082 1199 2119 ficit.
1246 2081 1313 2111 Py,
1340 2080 1479 2110 Chreme.
1527 2079 1594 2109 CH.

142 2129 222 2164 Quis
245 2127 317 2160 est?
347 2128 446 2158 Elam
470 2127 616 2168 Pythias.
681 2126 749 2157 Vah.
772 2129 885 2166 quanto
909 2126 1067 2164 pulchrior
1091 2124 1169 2154 mihi
1194 2123 1321 2160 videris,
1347 2132 1437 2162 quam
1456 2122 1598 2162 pridem?

139 2171 212 2202 ΡΥ.
235 2171 330 2209 Seme,
347 2173 380 2200 tu
395 2170 527 2210 quidem,
549 2179 606 2210 per
621 2169 788 2208 Pollucem,
804 2170 898 2199 multo
914 2168 1017 2198 laetim·
1035 2177 1175 2206 appares.
1220 2166 1288 2196 CH.
1319 2166 1466 2205 Vulgare,
1481 2165 1598 2195 meher-

139 2215 217 2254 cule,
232 2223 337 2245 verum
354 2216 400 2244 est
414 2213 550 2244 dictum.-
575 2212 650 2244 Sine
668 2213 781 2243 Cerere
797 2215 826 2243 et
844 2211 969 2242 Baccho
984 2211 1112 2249 languet
1137 2210 1250 2248 Venus,
1268 2211 1435 2249 torpetque.
1483 2207 1546 2238 Sed
1557 2216 1597 2237 ιιη

755 2300 990 2313 οθῶΝθθΜοθ

186 2362 204 2390 1
221 2358 305 2390 Mss.
328 2356 488 2398 plusculi,
515 2360 551 2387 et
573 2356 642 2387 ET.
667 2356 748 2387 EM.
764 2355 838 2387 vicit
855 2365 911 2387 me.
935 2355 1045 2386 West.
1089 2354 1184 2385 Attat
1202 2353 1305 2384 Bent.
1320 2352 1420 2383 Both.
1464 2351 1541 2382 Atat
1560 2352 1600 2384 Ζ.

144 2401 238 2434 Bibit
254 2399 368 2432 Guelf.
385 2403 483 2431 3.—2
498 2399 589 2430 Libri
606 2399 740 2439 quidam
756 2399 874 2438 scripti
888 2402 922 2429 et
936 2397 1020 2428 editi
1034 2408 1042 2428 :
1068 2396 1289 2427 accumbebam.
1305 2395 1415 2426 West.
1447 2394 1495 2425 Ac
1510 2394 1599 2434 dum]

141 2445 194 2476 Ad
204 2445 298 2475 dum:
314 2443 376 2473 nisi
391 2442 435 2473 At
448 2444 520 2473 dum
534 2441 648 2473 Guelf.
663 2444 693 2473 3.
710 2441 798 2472 Perl.
814 2441 870 2481 qui
884 2441 943 2471 dat
955 2450 1018 2471 esse
1031 2440 1118 2478 milui,
1131 2443 1167 2470 et
1184 2443 1279 2469 notat
1296 2436 1505 2468 accumbebam
1518 2438 1599 2468 (lare

143 2487 295 2519 GM.-4
320 2486 422 2521 Quam
442 2488 475 2515 tu
492 2495 571 2516 nime
588 2484 674 2515 Mss.
690 2483 839 2524 quidam.
867 2483 968 2515 lVest.
1014 2482 1122 2513 Codd.
1141 2481 1293 2522 plerique
1312 2481 1451 2511 Clu-eme.
1496 2481 1599 2511 Bent-

143 2530 200 2572 qui
227 2529 262 2559 id
290 2528 349 2558 dat
371 2537 447 2558 cum
465 2527 665 2568 Bip.1301h.
694 2527 853 2557 Peri—5
878 2526 969 2557 Mur.
997 2526 1171 2556 Donatum
1195 2528 1331 2555 seculus
1356 2523 1489 2554 alacrior
1504 2523 1600 2563 legit,

143 2572 235 2614 quod
264 2576 300 2602 et
323 2570 398 2601 libri
419 2571 555 2611 quidam
572 2569 747 2600 exhibent.
776 2569 875 2600 lVest.
921 2569 1018 2599 Beni.
1039 2569 1144 2607 Certo,
1166 2566 1255 2607 quod
1272 2566 1440 2606 antiquius
1455 2566 1602 2596 videtur.

145 2616 205 2647 Fa.
251 2613 380 2645 Omnes
396 2613 501 2643 nostri
519 2613 633 2648 Germ
656 2611 744 2652 quod
763 2617 891 2642 rectum
909 2616 969 2642 est.
994 2611 1091 2642 Rent.
1136 2610 1282 2640 Hilarior
1297 2618 1411 2640 omnes
1434 2608 1457 2638 l.
1483 2619 1510 2639 s.
1535 2609 1600 2639 Do.

144 2663 260 2689 tamen
284 2657 419 2687 alacrior
447 2656 568 2695 legisse
592 2654 738 2685 videtur.
765 2654 858 2684 Liml.
908 2654 1020 2685 Videre
1043 2654 1249 2692 quamdudum
1262 2651 1277 2683 'l
1304 2652 1395 2682 Certe
1420 2652 1541 2690 quidem
1568 2654 1602 2680 lu

142 2701 195 2741 pol
215 2710 257 2731 m.
284 2699 418 2730 alacrior
442 2698 567 2738 Delph.
618 2698 659 2727 Ec
684 2697 845 2727 omittunt
872 2700 906 2726 et
932 2697 1033 2726 Bent.
1062 2696 1140 2734 Bip.
1159 2695 1261 2726 Both.
1278 2695 1434 2725 Perl.——G
1458 2694 1601 2723 Yon-um

145 2744 233 2773 hunc
250 2743 415 2780 scriptum
432 2741 535 2772 etiam
553 2741 613 2771 hoc
630 2739 728 2770 modo
747 2739 890 2779 reperio,
907 2738 1018 2769 Verum
1031 2738 1130 2769 hercle
1145 2737 1267 2768 verbum
1285 2738 1339 2767 hoc
1354 2739 1410 2773 est,
1425 2736 1499 2766 Sine
1517 2736 1554 2765 C.
1572 2739 1601 2765 et

150 2784 306 2823 Bacchas.
328 2784 364 2816 V.
388 2784 476 2816 Gov.
521 2783 620 2814 Idem
637 2783 735 2823 liber,
752 2782 900 2824 itemque
918 2782 1137 2821 Decurtatus,
1155 2791 1216 2822 pro
1229 2783 1275 2811 est
1291 2779 1416 2811 liabent
1432 2779 1505 2815 erit,
1523 2786 1603 2819 quo-
