1945 3296
320 257 403 297 102
625 265 865 297 minimus
900 262 1092 293 nnn-1511
1128 259 1470 306 Dissen'rATlo.

320 369 528 410 ponuntur,
562 367 628 398 aut
649 359 866 409 subjectum
895 356 996 395 idem
1028 362 1089 393 est
1108 367 1193 392 cum
1217 353 1445 406 praedicato.
1504 351 1557 390 Ut
1575 363 1664 390 cum
1684 351 1777 402 Epi-

320 424 501 462 charmus
522 424 642 462 dixit:
1666 420 1674 428 ⁰

479 510 581 547 Τόκα
601 511 670 562 μὲν
689 510 730 546 ἐν
750 511 867 553 τὴιόις
888 508 964 554 ἐγὼ
984 504 1042 551 ἦν,
1063 507 1150 542 τόκα
1171 503 1210 541 δὲ
1230 505 1331 552 παρὰ
1349 505 1481 547 τήνοιε.

479 575 589 613 Tunc
606 575 705 612 inter
725 573 813 610 illos
834 584 908 622 ego
928 582 1046 615 eram,
1066 576 1159 607 tunc
1182 567 1285 619 apud
1305 567 1407 605 illos.

321 661 388 698 Bis
405 660 507 698 enim
526 659 628 697 idem
651 658 768 700 dicit;
800 670 889 706 quae
921 661 982 694 est
1013 654 1118 692 fraus
1152 654 1190 690 in
1222 651 1348 689 verbis
1382 656 1522 702 praeter
1540 648 1779 700 expectatio-

319 737 420 762 nem.
479 723 586 761 Idem
608 730 736 761 autem
757 727 818 758 est
837 733 923 758 cuin
944 717 1158 769 praedicato
1180 715 1398 766 subjectum
1416 728 1425 752 ;
1455 720 1500 752 ut
1524 713 1563 750 in
1583 712 1659 750 illis
1680 712 1777 750 Cur-

320 788 397 825 cul.
419 788 507 826 Act.
528 802 564 825 v.
587 787 715 825 Scena
733 788 773 824 4.

430 872 531 915 Quoi
553 871 697 909 homini
720 869 782 908 Dii
802 875 893 906 sunt
913 867 1082 919 propitii,
1103 868 1137 905 ei
1160 879 1235 905 non
1258 877 1345 904 esse
1367 864 1485 902 iratos
1505 868 1617 914 puto·

323 936 457 973 Sticho
476 949 485 973 t

431 999 461 1035 E
482 999 592 1036 malis
614 997 760 1042 multis,
793 996 935 1034 malum
957 993 1064 1046 quod
1091 993 1290 1031 minimum
1324 998 1397 1038 est,
1430 990 1470 1028 id
1501 990 1700 1028 minimum
1720 994 1781 1027 est

535 1063 690 1100 malurn.

322 1128 521 1180 Captivis:

483 1191 566 1229 Hos
587 1203 685 1242 quos
705 1189 844 1227 videtis
867 1195 969 1226 stare
991 1188 1168 1238 captivos
1189 1186 1302 1231 duos,

485 1256 534 1293 Hi
558 1262 677 1300 stant,
699 1267 775 1291 non
799 1252 950 1291 sedent.

322 1321 420 1364 Quae
435 1321 515 1372 jam
531 1319 635 1358 docti
651 1319 904 1370 collegerunt.
937 1316 1050 1354 Unde
1069 1322 1107 1353 et
1126 1316 1240 1353 istam
1262 1313 1400 1352 summi
1421 1310 1556 1350 Critici
1575 1322 1780 1348 censuram

322 1391 484 1422 inerult:

480 1447 644 1485 Plautus
666 1446 715 1484 ad
737 1445 933 1496 exemplar
954 1443 1074 1482 Siculi
1096 1454 1300 1494 properare
1324 1439 1546 1493 Epicharmi

485 1512 648 1549 Dicitur.

323 1602 555 1650 Quanquam
579 1609 671 1635 sane
693 1596 782 1634 alibi
804 1608 881 1633 non
903 1595 1107 1632 invenuste
1129 1593 1173 1631 iis
1195 1605 1290 1630 usus
1311 1597 1383 1629 est.
1442 1590 1541 1634 Quae
1563 1586 1781 1626 Menander

322 1671 465 1708 tamen,
496 1670 535 1700 et
570 1662 698 1712 imago
727 1660 823 1710 ejus,
856 1660 905 1697 de
933 1672 1010 1710 quo
1043 1672 1147 1696 nunc
1180 1657 1321 1707 agitur,
1349 1654 1569 1698 Terentius,
1594 1659 1781 1702 tanquam

321 1740 408 1765 curn
442 1726 613 1777 periculo
642 1724 865 1775 conjuncta,
902 1723 1000 1761 serio
1035 1722 1232 1772 fugerunt.
1291 1720 1389 1756 Haec
1408 1730 1478 1768 pro
1498 1717 1592 1754 Viro
1614 1715 1781 1754 maximo

324 1791 512 1834 Horatio;
545 1802 670 1840 neque
690 1788 875 1826 adversus
895 1787 1079 1825 Plautum
1101 1786 1205 1823 dicta
1226 1790 1331 1831 sunt,
1352 1795 1466 1834 quem
1488 1793 1676 1827 amamus,
1696 1792 1783 1817 sus-

322 1855 501 1907 picimus,
522 1854 734 1905 diligimus,
756 1866 800 1891 ac
821 1865 1076 1894 veneramur3
1108 1863 1253 1895 verum,
1287 1856 1330 1886 ut
1357 1846 1549 1899 judicium
1583 1845 1638 1884 sic
1665 1856 1782 1882 acua-

323 1933 428 1963 mus;
452 1919 564 1957 simul
585 1925 627 1955 ut
648 1917 750 1955 acuti
768 1916 844 1963 isti,
865 1916 967 1967 quod
987 1915 1163 1953 videntur
1181 1914 1266 1960 sibi,
1286 1913 1339 1950 ita
1359 1910 1641 1950 facetissimum
1662 1908 1784 1959 scrip-

323 1990 445 2021 torem
467 1990 611 2028 ament,
631 1982 778 2032 legant,
795 1987 976 2027 tractent,
998 1987 1116 2030 atque
1137 1978 1317 2016 ediscant
1335 1975 1458 2026 (quod
1479 1981 1518 2013 et
1537 1979 1641 2012 recte
1663 1979 1703 2011 et
1721 1985 1782 2010 or-

326 2047 416 2085 dine
438 2049 486 2085 ab
508 2047 553 2085 iis
574 2046 654 2084 fieri
686 2046 874 2083 fatemur:
907 2057 1034 2095 neque
1054 2043 1156 2080 enim
1176 2042 1270 2080 satis
1291 2037 1555 2079 commendari
1574 2038 1721 2089 potest)
1741 2043 1785 2075 ut

326 2125 397 2149 nec
416 2111 532 2162 plane
553 2118 591 2149 et
609 2110 752 2160 ubique
773 2110 979 2147 Veteribus
1011 2109 1199 2159 probasse
1229 2119 1270 2143 se
1300 2102 1572 2142 meminerint:
1603 2109 1656 2149 et,
1677 2100 1783 2153 quod

323 2176 387 2213 'nic
408 2175 601 2227 praecipue
623 2182 860 2227 spectamus,
895 2173 944 2211 de
966 2172 1129 2210 Horatio
1149 2171 1311 2222 ejusque
1331 2168 1419 2207 crisi
1439 2166 1567 2206 minus
1587 2165 1707 2204 libere
1726 2166 1784 2204 lo-

325 2248 515 2291 quantur:
551 2238 717 2276 Terentii
739 2245 867 2276 autem
885 2237 1019 2274 miram
1042 2249 1087 2275 ac
1107 2247 1227 2286 prope
1246 2231 1481 2271 ineffabilem
1505 2229 1782 2276 amoenitatem,

325 2304 573 2355 elegantiam,
598 2302 802 2352 judicium,
824 2314 868 2340 ac
891 2306 1150 2344 venustatem,
1174 2297 1391 2348 intelligere
1409 2294 1595 2347 paulatim
1615 2293 1782 2332 discant.

327 2368 448 2418 Cujus
469 2367 712 2405 incredibiles
733 2367 901 2417 lepores,
921 2372 965 2403 ut
996 2363 1193 2415 Josephus
1226 2362 1399 2412 Scaliger
1419 2360 1576 2398 dicebat
1594 2358 1699 2404 olim,
1720 2357 1784 2413 vix

326 2432 562 2471 centesimus
583 2430 820 2468 eruditorum
842 2431 1005 2481 quisque
1026 2429 1144 2467 videt.
1201 2427 1261 2464 Ne
1281 2439 1368 2464 cum
1393 2424 1460 2462 illo
1481 2423 1594 2461 simul
1612 2428 1651 2460 et
1670 2422 1783 2459 Afra-

328 2497 448 2541 nium,
479 2494 679 2544 antiquum
702 2494 917 2541 Comicum,
947 2493 1222 2538 condemnent,
1254 2490 1366 2541 cujus
1395 2487 1634 2528 verissimum
1665 2491 1783 2537 atque

328 2560 548 2599 absolutum
568 2564 675 2596 extat
688 2558 876 2609 judicium
894 2573 902 2596 t

486 2645 665 2683 Terentio
685 2658 761 2682 non
783 2645 946 2682 similem
966 2644 1072 2682 dices
1095 2641 1326 2694 quempiam.

330 2721 453 2758 Nobis
474 2720 620 2757 Eruditi
642 2720 859 2769 ignoscent,
878 2718 982 2768 quod
1010 2718 1094 2755 hoec
1124 2716 1264 2761 fusius,
1297 2714 1328 2751 si
1358 2712 1533 2763 cogitent
1552 2708 1780 2762 praesertim,

328 2798 470 2824 munus
490 2785 566 2822 vcri
586 2783 717 2822 Critici
738 2796 823 2821 esse
845 2796 888 2821 ac
904 2783 1100 2828 Censoris,
1122 2793 1198 2819 non
1219 2778 1409 2818 literulam
1430 2775 1570 2828 ejicere
1591 2773 1694 2822 alibi,
1713 2779 1781 2811 aut
