1903 3306
300 191 385 233 448
793 205 831 235 P.
864 204 1103 235 TERENTu
1138 205 1255 235 ΑΒΜ

300 296 390 339 ΤΗ.
421 294 676 338 Audieras?
751 297 847 338 GN.
894 298 1054 351 Saepe3
1095 302 1140 339 et
1177 298 1314 340 fertur
1352 299 1397 340 in
1432 300 1605 354 primis.
1662 300 1754 342 ΤΗ.

472 364 625 405 Meum
655 367 737 406 est.
1686 392 1693 397 -

300 431 395 473 GN.
425 432 575 481 Dolet,
597 432 765 472 dictum
784 431 1050 485 imprudenti
1069 431 1346 474 adolescenti
1367 437 1409 474 et
1428 433 1581 474 libero.
1696 435 1753 475 40

300 498 387 540 ΡΑ.
419 498 481 540 At
503 503 543 540 te
567 499 624 538 Di
645 499 843 553 perdant.
903 498 996 539 GN.
1031 498 1153 549 Quid
1176 500 1267 549 ille,
1282 501 1469 553 quaeso‘?
1529 501 1624 542 TH.
1648 500 1754 542 Per-

471 565 600 606 ditus.

300 633 413 674 Risu
437 647 604 683 omnes,
627 634 705 687 qui
726 634 924 683 aderant,
947 634 1152 675 emoriri:
1178 635 1368 688 denique

299 700 563 748 Metuebant
584 700 838 754 omnesjam
860 714 942 741 me.
1004 699 1097 741 GN.
1134 701 1238 742 Non
1260 702 1436 754 injuria.

297 768 389 808 TH.
421 767 508 808 Sed
528 767 635 808 heus
658 773 720 816 tu,
744 766 925 821 purgon'
945 780 1024 820 ego
1046 781 1115 808 me
1138 768 1193 809 de
1214 769 1326 809 istac
1347 768 1525 818 Thaidi,

299 834 430 884 Quod
449 848 546 875 eam
568 848 636 875 me
658 848 804 876 amare
828 836 1054 888 suspicata
1072 835 1155 876 'st‘l
1215 835 1308 876 GN.
1341 835 1466 876 Nihil
1491 836 1650 877 minus.
1694 836 1751 876 45

298 901 440 942 Immo
461 914 573 953 auge
595 902 736 954 magis
758 902 1071 955 suspicionem.
1131 902 1223 942 ΤΗ.
1255 901 1376 943 Cur?
1437 902 1530 944 Gn.
1563 902 1749 956 Rogas?

297 968 443 1009 Scin’?
466 969 686 1022 siquando
709 969 787 1010 illa
807 970 1076 1010 mentionem
1099 969 1319 1011 Phaedriae

299 1036 438 1085 Facit,
460 1040 534 1076 aut
556 1037 595 1076 si
615 1037 784 1087 laudat,
808 1043 851 1078 te
876 1041 925 1078 ut
947 1038 1063 1078 male
1084 1042 1198 1078 urat.
1257 1037 1348 1078 ΤΗ.
1382 1036 1550 1078 Sentio.

298 1102 392 1144 GN.
424 1103 475 1143 Id
497 1106 617 1143 utne
639 1103 728 1153 fiat,
748 1103 846 1145 haec
864 1117 934 1145 res
955 1105 1050 1145 sola
1072 1110 1141 1145 est
1161 1104 1365 1146 remedio.

298 1165 388 1211 Ubi
408 1171 650 1212 nominabit
670 1170 938 1222 Phaedriam,
959 1175 1006 1213 tu
1029 1172 1309 1226 Pamphilam
1694 1172 1750 1214 50

295 1320 366 1348 ras?
409 1317 480 1349 GN.
504 1317 592 1358 Soepe
604 1328 615 1355 ,·
637 1327 707 1349 nam
728 1317 821 1358 vulgo
844 1319 878 1350 z'n
890 1318 1001 1359 primis
1011 1318 1163 1358 jactatur.
1209 1318 1278 1352 ΤΗ.
1302 1319 1331 1350 Α
1348 1329 1396 1350 me
1405 1318 1563 1351 inventum
1576 1322 1632 1350 est.
1665 1312 1750 1349 ἶ(ἳιΝ.

296 1360 391 1391 Dolet
405 1361 492 1400 mihi,
505 1362 582 1400 qnod
597 1362 651 1392 hoc
665 1362 783 1392 disceris
803 1362 986 1393 adolescenti
1008 1362 1195 1403 imprudenti
1207 1363 1341 1402 quidem,
1355 1364 1408 1394 sed
1421 1362 1525 1393 libero.
1571 1362 1636 1393 ΡΑ.
1659 1360 1705 1392 At
1721 1362 1752 1391 te

296 1402 357 1433 Dii
372 1404 448 1433 male
458 1404 600 1443 perdant.
646 1404 715 1435 GN.
742 1404 826 1439 Quid
848 1403 899 1435 ille
925 1415 1027 1444 quoeso
1049 1408 1122 1436 tunc
1134 1405 1238 1443 fecit?
1280 1405 1351 1436 ΤΗ.
1375 1405 1540 1436 Attonitus
1543 1405 1622 1443 fuit.
1668 1403 1751 1434 Risu

295 1446 474 1483 omnesfere
489 1446 583 1477 emori
597 1450 761 1486 coeperunt.
808 1447 951 1487 Denique
969 1457 1008 1478 ex
1023 1448 1077 1478 hoc
1092 1458 1193 1478 omnes
1207 1447 1267 1478 sibi
1281 1458 1299 1478 α
1312 1457 1360 1478 me
1375 1447 1535 1478 timebant.
1581 1447 1651 1478 GN.
1679 1447 1751 1477 Non

294 1489 360 1519 sine
375 1498 476 1519 causa.
521 1489 588 1519 ΤΠ.
613 1488 674 1520 Sed
686 1490 826 1527 ehodum,
845 1490 984 1529 Gnatho,
1008 1500 1048 1521 un
1069 1499 1241 1530 expurgare
1262 1500 1310 1521 me
1331 1489 1420 1521 debeo
1449 1490 1529 1530 apud
1553 1489 1700 1520 Thaidem
1714 1488 1752 1518 de

294 1541 398 1561 amore
414 1531 504 1561 istius
517 1531 666 1570 virginis,
680 1533 820 1571 quoniam
834 1542 936 1563 amare
959 1543 1026 1564 eam
1047 1542 1094 1563 me
1110 1530 1304 1573 suspicatur?
1347 1532 1418 1564 GN.
1443 1532 1542 1563 Immo
1557 1542 1625 1562 eum
1638 1532 1672 1563 in
1685 1539 1750 1562 ma·

285 1574 390 1612 jorem
405 1573 604 1613 suspicionem
619 1574 720 1613 injice.
765 1575 833 1605 ΤΗ.
861 1576 1086 1611 Quamobrem?
1130 1575 1200 1606 GN.
1225 1575 1301 1606 Idne
1316 1575 1455 1615 quaeris?
1478 1575 1612 1606 Scisne?
1633 1574 1672 1605 Si
1692 1573 1750 1604 ali·

295 1617 411 1656 quando
427 1617 481 1647 illa
495 1617 677 1646 mentionem
689 1617 774 1655 [σεῖε
803 1618 839 1648 de
858 1618 1019 1655 Phaedria,
1034 1620 1089 1648 aut
1102 1617 1131 1648 εἰ
1152 1618 1257 1648 laudes
1281 1618 1345 1656 ejus
1361 1617 1526 1658 proedicat,
1551 1620 1586 1648 ut
1609 1620 1640 1647 te
1663 1616 1750 1647 valde

290 1662 422 1705 pungat.
466 1659 534 1690 ΤΗ.
557 1658 713 1698 Intelligo.
760 1659 831 1692 GN.
855 1660 894 1691 Id
905 1670 942 1691 ne
948 1660 1027 1702 fiat,
1049 1660 1113 1691 haec
1137 1670 1187 1691 res
1210 1661 1276 1692 sola
1298 1660 1427 1692 remedii
1441 1661 1503 1691 loco
1517 1663 1573 1691 est.
1622 1659 1683 1691 Ubi
1697 1668 1754 1690 no-

888 1765 1129 1777 “estmoe-eso·

298 1846 466 1884 Donatus,
481 1850 606 1877 tuumne
622 1845 742 1877 obsecro
756 1856 766 1876 .·
788 1851 824 1877 et
838 1846 900 1877 hoc
917 1845 1075 1885 amplius,
1093 1844 1222 1885 antiqui
1236 1845 1314 1875 libri
1329 1843 1467 1882 habent,
1485 1847 1535 1874 te.-
1553 1847 1592 1874 ut
1608 1843 1653 1874 sit
1666 1842 1750 1874 obse-

295 1898 347 1918 cro
360 1892 398 1918 te.
417 1889 475 1919 Fa.
513 1890 594 1919 Tres
608 1899 648 1919 ex
667 1889 791 1919 nostris
807 1892 849 1926 te,
865 1888 969 1919 ceteri
988 1888 1083 1918 Tuum
1094 1898 1131 1918 ne
1142 1888 1273 1919 obsecro.
1309 1887 1433 1917 Placet
1447 1890 1600 1917 veterum
1619 1885 1749 1916 Editio-

297 1941 373 1960 num
393 1932 508 1967 lectio,
532 1932 631 1962 Tuum
655 1931 776 1961 obsecro
804 1941 842 1961 ne
867 1931 921 1961 hoc
950 1931 1066 1961 dictum
1095 1934 1188 1961 erat?
1210 1931 1242 1960 id
1269 1933 1322 1960 est
1340 1938 1399 1969 per
1427 1928 1576 1966 Tmesin,
1597 1928 1750 1959 Tuumne

297 1974 448 2003 obsecro.
472 1974 570 2004 Bent.
618 1974 745 2004 Credidi
761 1983 826 2003 esse
842 1972 957 2004 Guelf.
974 1976 1005 2003 2.
1029 1973 1117 2003 Perl.
1165 1973 1274 2011 Tuum,
1289 1972 1424 2010 obsecro,
1445 1981 1483 2001 ne
1496 1971 1573 2001 hoc?
1594 1973 1680 2001 vetus
1693 1970 1750 2002 hoc

295 2016 410 2046 dictum
437 2016 566 2047 credidi.
603 2016 791 2046 Boin—39
816 2016 858 2045 Et
880 2016 913 2053 f.
936 2016 1016 2045 Vet.
1043 2015 1118 2045 cod.
1142 2014 1283 2055 effertur.
1308 2013 1493 2045 Lind.—40
1517 2013 1631 2045 Quare
1661 2012 1749 2044 hune

296 2067 428 2088 versum
461 2060 598 2089 volente
630 2058 768 2099 Guyeto
798 2067 1045 2098 expungamus,
1081 2067 1183 2088 causa
1215 2057 1310 2088 nulla
1336 2061 1398 2086 est.
1447 2056 1554 2086 Recte
1587 2054 1748 2086 tribuitur

297 2100 470 2131 Gnathoni
489 2111 508 2130 a
524 2102 672 2132 Donato.
720 2099 879 2139 Κόμματος
895 2103 1027 2140 signum
1052 2098 1120 2130 feci
1135 2104 1212 2140 post
1239 2101 1247 2116 ‘
1264 2098 1395 2129 Dolet!
1438 2097 1479 2128 In
1496 2098 1563 2128 Ms.
1582 2098 1676 2137 Lips.
1692 2098 1748 2129 hic

297 2152 413 2173 versus
427 2144 591 2173 Thrasoni
618 2143 789 2174 tribuitur.
818 2143 917 2174 West.
964 2142 1066 2173 Hunc
1096 2152 1145 2172 VS.
1175 2142 1218 2174 G.
1243 2141 1408 2172 Thrasoni
1434 2140 1572 2178 tribuit,
1595 2140 1747 2180 legitque

296 2186 530 2216 adolescvnculo.
578 2186 632 2216 Ita
649 2190 684 2215 et
706 2186 774 2216 ET.
799 2190 833 2215 ct
859 2185 939 2215 EM.
984 2185 1030 2215 Et
1046 2185 1078 2214 in
1112 2185 1193 2216 EM.
1215 2188 1267 2214 est
1290 2183 1471 2223 impudenti.
1521 2182 1574 2212 ld.
1600 2182 1632 2212 in
1655 2181 1747 2213 Add.

295 2227 487 2258 Gnathonis
519 2227 622 2258 verba
647 2232 736 2265 sunt,
763 2238 804 2258 ex
835 2227 955 2258 intimo
982 2227 1183 2257 adulatoriae
1209 2227 1292 2257 artis
1319 2235 1406 2265 penu
1436 2224 1556 2264 petita.
1603 2224 1747 2265 Egregie

295 2271 477 2301 Donatus:
503 2271 511 2286 ‘
528 2270 670 2300 Addidit
696 2271 877 2310 parasitus,
897 2280 964 2310 quo
981 2269 1117 2309 gravius
1137 2269 1179 2299 sit
1204 2268 1382 2299 Thrasonis
1405 2267 1546 2304 dictum,
1571 2267 1747 2298 commise-

297 2313 459 2343 rationem
477 2312 548 2352 ejus
573 2313 604 2342 in
623 2323 722 2353 quem
747 2313 963 2343 dictumest:
989 2312 1053 2342 scit
1075 2312 1162 2341 enim
1188 2311 1340 2342 homines
1358 2310 1481 2341 stultos
1509 2309 1613 2339 malos
1639 2308 1747 2340 videri

298 2354 409 2385 velle.'
456 2355 547 2387 Quid
564 2355 666 2395 igitur
682 2365 757 2385 cum
772 2355 828 2385 illo
847 2353 966 2392 facias,
981 2354 1036 2395 qni
1055 2354 1172 2384 melius
1189 2359 1300 2393 putat,
1322 2358 1359 2383 ut
1375 2351 1537 2383 Thrasoni
1562 2351 1615 2383 hic
1632 2361 1746 2382 versus

297 2397 488 2428 tribuatur?
511 2397 597 2428 Idne
618 2402 655 2428 ut
677 2397 839 2427 Thrasoni
863 2396 980 2428 doleat
996 2396 1137 2436 dictum,
1149 2396 1239 2436 quod
1255 2395 1384 2426 dictum
1402 2404 1476 2425 esse
1493 2394 1546 2424 hic
1562 2394 1749 2434 gloriatur?

300 2439 344 2469 At
368 2440 429 2478 sic,
455 2440 513 2478 ait,
529 2441 647 2470 melius
671 2441 876 2471 Thrasonem
905 2439 1034 2479 excipit
1064 2439 1218 2476 Gnatho,
1245 2439 1254 2456 ‘
1272 2437 1363 2470 Quid
1389 2437 1460 2475 ine,
1477 2446 1590 2476 quaeso
1603 2436 1625 2467 ?'
1648 2436 1747 2468 Itane

297 2482 439 2512 melius?
463 2487 497 2512 at
520 2492 695 2522 quemnam
713 2487 781 2513 tum
799 2482 970 2512 Parmeno
993 2481 1160 2520 excipiet,
1176 2482 1185 2498 ‘
1200 2480 1248 2512 At
1273 2484 1307 2511 te
1336 2479 1380 2509 Di
1397 2479 1544 2519 perdant
1556 2477 1579 2509 ?’
1602 2479 1746 2511 Thraso-

298 2534 373 2554 nem
402 2524 535 2556 scilicet
558 2524 715 2564 perdant,
737 2534 802 2554 non
828 2533 926 2565 quem
953 2524 1059 2554 voluit
1076 2523 1308 2554 Gnathonem.
1334 2523 1430 2553 Bent.
1475 2521 1639 2551 Thrasoni
1657 2522 1744 2553 hunc

297 2576 345 2597 vs.
363 2566 423 2596 dat
439 2567 498 2597 ΒΥ.
545 2567 630 2598 Post
645 2569 654 2584 ‘
671 2567 811 2598 Dictum
825 2566 833 2579 ’
852 2567 974 2597 leviter
992 2572 1146 2606 pungunt
1163 2570 1198 2596 et
1214 2566 1317 2596 Both.
1335 2570 1369 2594 et
1385 2563 1565 2594 Perl.—42
1582 2563 1623 2594 G.
1640 2564 1745 2595 emori.

296 2607 492 2639 West.-u
518 2608 612 2639 Alius
629 2619 726 2650 quam
744 2610 878 2648 ineptus
906 2609 1069 2639 sermonis
1086 2608 1187 2638 Miles
1210 2607 1354 2638 dixisset
1367 2615 1559 2645 purgen17oe5
1583 2606 1679 2636 etsie
1697 2606 1747 2636 M.

299 2651 375 2690 Bip.
407 2651 536 2689 Purgen
550 2652 696 2682 Br.—45
715 2652 900 2691 Suspicuiur
917 2651 960 2682 G.
975 2652 1055 2681 EM.
1078 2651 1179 2682 West.
1226 2651 1271 2681 Ο.
1287 2650 1309 2681 l.
1326 2653 1396 2680 s.et
1413 2648 1747 2688 Donatus,suspicam

297 2692 370 2724 ests!
396 2694 453 2723 Fa.
494 2693 548 2723 Ita
573 2699 606 2724 et
632 2694 739 2724 nostri
759 2695 914 2734 plerique
938 2703 1066 2724 omnes.
1091 2693 1189 2724 Bent.
1236 2693 1316 2723 Eum
1331 2694 1365 2722 ut
1384 2689 1496 2721 Guelf.
1512 2692 1543 2721 3.
1562 2694 1597 2721 et
1611 2691 1745 2730 suspica-

298 2740 348 2766 tur
375 2738 488 2767 1.-46
512 2736 622 2774 Magis
649 2745 739 2775 auge.
787 2737 830 2768 0.
859 2737 880 2767 l.
912 2746 940 2769 s.
965 2746 1046 2775 auge
1066 2735 1177 2775 magis.
1202 2734 1261 2766 Fa.
1304 2734 1361 2766 Sic
1389 2736 1425 2763 et
1448 2732 1554 2772 nostri
1583 2733 1744 2765 universi.
