1903 3306
532 258 596 289 nn
629 258 827 290 COMICIS
861 257 1124 289 vesssrssus.
1470 251 1553 294 177

95 356 246 401 τάληξιν
265 351 455 391 nominari
475 358 653 403 oportere
673 359 835 403 negant,
871 352 942 390 sed
961 355 1160 398 κατάληξιν
1180 355 1232 390 εἷς
1253 353 1466 400 συλλαβὴν,
1488 362 1554 392 aut

95 419 148 454 εἷς
167 415 243 454 δύο.
302 417 360 453 Ex
380 416 521 453 Plauto
552 416 776 454 Priscianus
809 415 978 467 δίμετρον
1009 415 1215 453 iambicum
1245 417 1553 467 ὑπερκαταληκτι-

96 481 161 518 κὸν
180 493 266 518 esse
283 480 388 517 hunc
409 479 530 516 voluit
548 492 556 516 ε

360 561 540 613 Hospitio
560 560 773 612 publicitus
796 561 978 613 accipiar.

97 658 157 695 De
179 670 256 708 quo
287 670 360 694 nos
395 656 588 703 dubitare,
623 670 752 707 neque
786 657 888 695 hanc
921 657 1210 696 distinctionem
1243 670 1433 704 servasse,
1465 665 1555 697 ante

99 719 370 757 indicavimus.

149 784 537 836 Βραχυκαταληκτικὸς
559 783 716 830 dicitur,
736 797 823 822 cum
845 790 928 822 toto
960 785 1060 835 pede
1082 784 1259 823 deficitur
1289 799 1424 824 versus
1457 788 1557 826 inte-

98 847 234 898 gritas.
307 848 360 885 Ut
392 849 423 885 Si
454 850 677 898 μονόμετρος
711 850 772 895 sit,
806 854 815 869 ‘
834 848 933 886 eheu
965 848 1089 895 mihi‚'
1120 849 1441 900 βραχυκατάληξις
1474 852 1557 898 erit,

97 916 107 932 ‘
124 910 252 949 eheu.’
293 910 518 949 Priscianus
535 910 704 961 ὃίμετρον
724 911 829 949 hunc
846 911 977 948 retulit
994 924 1003 948 z
1034 917 1043 932 ⁴
1058 911 1112 948 ita
1123 924 1284 962 peregre
1304 912 1515 952 adveniens
1534 916 1557 952 :’

97 973 146 1011 de
166 987 244 1025 quo
265 987 397 1025 supra.
452 974 597 1025 Etjam
620 975 714 1012 fassi
746 988 893 1021 sumus,
923 975 1009 1012 haec
1041 987 1168 1025 neque
1188 977 1395 1022 observari,
1430 990 1555 1028 neque

97 1038 244 1088 exquiri
263 1038 440 1088 potuisse
461 1051 483 1075 a
503 1038 632 1084 nobis,
653 1044 692 1075 et
711 1037 817 1075 haud
840 1037 920 1075 scio
942 1051 991 1075 an
1012 1051 1035 1076 a
1060 1039 1166 1076 nullo
1200 1040 1355 1090 possint
1385 1041 1554 1078 omnium

97 1101 163 1151 qui
183 1113 287 1139 nunc
306 1101 455 1148 vivunt,
486 1101 525 1138 in
559 1106 640 1138 tam
667 1101 773 1138 tenui
808 1101 971 1138 scientia
991 1102 1159 1140 musices
1187 1103 1371 1153 antiquae,
1408 1111 1446 1141 et
1480 1104 1554 1142 hac

94 1163 371 1214 depravatione
393 1165 672 1216 exemplorum.

151 1227 362 1265 Sciendum
399 1234 542 1274 autem,
583 1227 767 1264 Comicos
809 1227 967 1265 Latinos
1006 1227 1196 1278 Prologos
1232 1236 1271 1266 et
1305 1229 1447 1280 primas
1477 1230 1555 1268 fere

95 1302 234 1329 scenas
255 1292 497 1342 pertexuisse
519 1291 681 1329 senariis
702 1291 890 1338 iambicis,
911 1292 976 1342 qui
994 1299 1086 1330 sunt
1100 1297 1280 1343 τρίμετροι
1296 1295 1554 1341 ἀκατάληκτοι.

95 1352 260 1392 Plautus
279 1361 409 1392 tamen
431 1362 468 1392 et
489 1356 526 1392 in
562 1355 844 1406 Amphitryone
874 1362 913 1394 et
932 1356 1038 1402 alibi,
1059 1355 1098 1393 in
1125 1358 1256 1408 primis
1277 1359 1407 1395 statim
1428 1360 1555 1397 scenis

96 1430 277 1455 numeros
298 1418 476 1456 mutavit.
531 1419 566 1455 A
586 1419 766 1456 trimetris
784 1425 914 1457 autem
935 1419 986 1458 ad
1006 1420 1201 1471 longiores
1224 1429 1492 1472 pervenerunt,
1513 1430 1556 1462 ut

95 1485 355 1533 τετραμέτρους
373 1495 381 1519 z

256 1565 432 1603 Mirabor
450 1565 525 1604 hoc
547 1566 579 1603 si
599 1568 652 1604 sic
674 1567 809 1614 abiret,
831 1574 870 1606 et
887 1568 968 1606 heri
989 1582 1140 1620 semper
1158 1571 1313 1610 lenitas.

257 1628 318 1666 Ne
335 1629 434 1667 forte
454 1629 681 1680 imprudens
700 1632 839 1669 faciam
859 1632 964 1682 quod
980 1633 1092 1680 nolit,
1113 1635 1239 1672 sciens
1260 1636 1419 1674 cavebo.

258 1692 394 1736 Quid?
423 1693 610 1731 credebas
632 1694 838 1732 dormienti
856 1695 942 1733 haec
961 1697 1030 1734 tibi
1049 1697 1295 1737 confecturos
1318 1700 1423 1738 Deos
1441 1700 1456 1737 ’ἒ

100 1779 187 1817 Nec
207 1791 285 1816 non
308 1778 529 1817 concidisse
549 1781 792 1831 reperiuntur
810 1794 959 1827 versus,
985 1788 1029 1819 ut
1060 1783 1294 1833 subjicerent
1324 1784 1452 1835 longis
1471 1787 1555 1824 bre-

96 1842 238 1881 viores.
295 1842 382 1880 Nee
403 1856 481 1880 non
502 1844 729 1882 confudisse
753 1858 949 1891 numeros,
981 1852 1023 1883 ut
1040 1846 1296 1885 miscerentur
1328 1849 1488 1886 trochaei
1517 1859 1556 1887 et

95 1906 237 1944 iambi:
268 1905 316 1944 de
336 1906 476 1957 quibus
491 1907 572 1957 jam
595 1909 690 1946 satis
713 1909 873 1947 dictum.
933 1909 1020 1948 Hoc
1048 1917 1177 1948 autem
1209 1912 1363 1950 silentio
1396 1920 1555 1963 praeter-

99 1969 269 2007 eundum
285 1983 362 2007 non
384 1976 458 2016 est,
473 1970 511 2007 in
529 1971 695 2010 iambico
716 1979 753 2009 et
766 1972 963 2011 trochaico
984 1974 1168 2011 creticum
1184 1987 1263 2012 non
1279 1988 1365 2013 esse
1384 1988 1392 2012 :
1423 1989 1556 2027 quam-

97 2033 155 2070 vis
176 2033 225 2071 de
248 2033 484 2071 Archilochii
505 2035 690 2073 trochaici
718 2042 913 2073 structura
932 2036 998 2074 ille
1027 2038 1273 2088 praecipiens,
1312 2039 1492 2086 Rufinus,
1513 2048 1555 2078 ut

98 2097 239 2145 ferunt,
258 2096 333 2135 hoc
349 2097 544 2148 scripserit
559 2111 568 2136 :

260 2176 442 2215 Creticon
463 2177 720 2216 Archilochus
742 2192 859 2229 supra
878 2186 997 2231 caput
1015 2181 1144 2220 iambi.

102 2261 204 2299 Nam
224 2262 355 2300 cretici
371 2263 483 2309 ratio,
504 2263 569 2314 qui
591 2270 664 2311 est,
684 2271 728 2302 ut
748 2264 932 2313 diximus,
952 2268 1195 2319 ἀμφίμακρος,
1214 2274 1428 2319 temporum
1444 2270 1556 2320 quin-

101 2337 190 2375 que,
210 2325 258 2362 ab
277 2325 352 2364 hoc
380 2339 520 2377 genere
551 2336 611 2366 est
638 2328 814 2367 alienior.
843 2330 984 2380 Itaque
1005 2330 1165 2381 quidam
1194 2331 1439 2370 inculcantes
1459 2333 1553 2370 iam-

99 2388 207 2427 bicos
240 2396 280 2427 et
311 2390 530 2428 trochaicos
560 2404 693 2430 versus
733 2392 839 2431 hunc
871 2394 1024 2444 pedem,
1059 2394 1257 2441 audiendi,
1291 2409 1378 2433 mea
1397 2396 1554 2446 quidem

105 2452 312 2500 sententia,
351 2466 430 2490 non
465 2461 571 2492 sunt.
643 2456 693 2493 Et
727 2455 772 2502 si,
807 2463 852 2493 ut
883 2470 1015 2495 verum
1046 2457 1181 2503 fatear,
1213 2457 1288 2495 hoc
1324 2458 1470 2497 dixisse
1501 2461 1556 2507 illi

103 2515 298 2563 videntur,
331 2516 369 2553 in
403 2516 462 2554 his
483 2518 657 2555 versibus
685 2519 842 2569 reperiri
871 2521 987 2557 verba
1015 2521 1053 2557 in
1075 2521 1215 2571 quibus
1244 2522 1409 2560 creticus
1437 2522 1554 2561 insit:

100 2585 145 2617 ut
163 2583 173 2599 ‘
189 2579 366 2630 aedepol,'
387 2587 426 2617 et
446 2580 597 2626 similia,
619 2581 666 2619 de
687 2583 825 2632 quibus
848 2590 997 2634 postea.
1055 2584 1144 2621 Non
1164 2584 1268 2635 quod
1286 2586 1324 2622 in
1345 2599 1456 2624 versu
1471 2587 1554 2637 jam

103 2642 154 2680 sit
168 2643 348 2689 creticus,
370 2644 440 2681 sed
461 2644 565 2695 quod
587 2645 721 2683 inillis
749 2653 855 2684 esset
882 2647 1023 2693 verbis,
1058 2647 1090 2684 si
1122 2648 1214 2685 totis
1244 2649 1404 2700 syllabis
1438 2650 1554 2700 plane

106 2706 380 2755 proferrentur.
437 2708 536 2745 Haec
557 2708 750 2747 sententia
770 2716 843 2757 est,
874 2717 917 2748 ut
942 2717 1050 2762 puto,
1081 2711 1281 2762 Scaligeri,
1312 2713 1380 2750 viri
1401 2713 1554 2759 eruditi,

107 2769 171 2819 qui
192 2769 241 2807 de
261 2770 449 2809 Versibus
480 2773 651 2812 Cornicis
683 2773 805 2811 edidit
822 2775 977 2813 brevem
997 2775 1165 2813 libellum
1185 2789 1194 2812 ·.
1224 2776 1353 2827 itaque
1373 2777 1409 2814 in
1432 2789 1477 2814 eo
1497 2789 1554 2813 re-

187 2843 303 2884 Delph.
317 2848 348 2876 et
361 2845 437 2877 Var.
453 2845 539 2878 Clas.
772 2848 897 2879 Terent.
1429 2851 1465 2880 M
