1903 3306
503 239 708 270 ANDRiAE
743 239 926 268 ACT.11.
960 237 1026 269 sc.
1051 238 1116 268 Vi.
1450 230 1534 272 323

77 339 142 380 Si.
177 338 386 381 Nihilne?
406 338 519 378 hem.
581 336 671 376 DA.
709 334 828 376 Nihil
850 346 1044 388 prorsus.
1106 334 1172 374 Sl.
1205 332 1342 388 Atqui
1364 349 1528 390 expec-

248 406 395 447 tabam
417 403 608 457 quidem.
887 392 992 402 ‘w

78 474 170 514 DA.
201 473 367 514 Praeter
386 485 509 525 spem
532 469 699 511 evenit:
723 469 886 510 sentio:
912 468 996 509 hoc
1016 469 1130 509 male
1150 469 1283 511 habet
1301 469 1454 511 virum.
1506 473 1532 512 ὅ

76 539 144 581 SI.
177 538 320 580 Potin'
340 552 387 579 es
409 538 512 578 mihi
535 549 684 577 verum
707 536 893 577 dicere?
955 535 1048 576 DA.
1081 535 1207 577 Nihil
1227 536 1418 578 facilius

76 605 143 646 Si.
177 605 296 646 Num
318 605 382 645 illi
403 604 604 645 molestae
625 603 861 657 quippiam
879 603 948 644 hae
971 608 1075 644 sunt
1094 604 1279 657 nuptiae,

75 673 264 728 Propter
282 672 465 726 hujusce
485 672 678 725 hospitae
699 671 1099 712 consuetudinem?

76 741 170 782 DA.
201 739 327 781 Nihil
347 740 491 796 hercle
509 754 518 781 ε
552 745 644 789 aut,
668 740 707 780 si
728 739 856 788 adeo,
877 739 1000 780 bidui
1021 744 1092 780 est
1114 744 1190 781 aut
1211 740 1345 781 tridui

76 808 191 849 Haec
214 808 453 849 solicitudo
472 821 481 849 :
502 808 650 849 nosti?
679 808 837 849 deinde
859 808 1052 849 desinet.
1477 806 1534 847 lo

75 876 248 916 Etenim
269 875 396 940 ipsus
418 888 569 918 secum
591 889 690 917 eam
709 888 798 916 rem
822 880 946 916 recta
967 875 1193 929 reputavit
1213 875 1300 916 via.

70 1000 162 1028 antea
185 1006 290 1028 narro.
333 997 384 1028 Si.
410 995 564 1028 Nihilne?
587 996 666 1029 hem.
712 997 779 1027 DA.
804 996 902 1027 Nihil
924 1006 1060 1036 prorsus,
1103 997 1153 1027 St.
1177 996 1222 1027 At
1249 1006 1305 1035 ego
1328 994 1526 1036 expectabam

70 1043 105 1070 ut
120 1039 237 1079 aliquid
251 1047 404 1070 narrares.
452 1041 523 1071 DA.
550 1039 665 1070 Evenit
680 1040 727 1070 illi
742 1042 849 1070 contra
873 1039 1125 1079 expectationem,
1145 1038 1257 1078 sentio,
1284 1039 1362 1080 quod
1385 1038 1466 1070 nihil
1480 1039 1529 1068 in-

71 1082 191 1113 audivit
206 1082 368 1122 quicquam
389 1092 408 1112 a
422 1092 482 1121 me,
501 1083 580 1122 quod
602 1086 739 1122 speraret
762 1082 842 1113 scire
854 1093 864 1113 .·
888 1082 943 1112 hoc
959 1083 1039 1112 male
1059 1082 1148 1113 habet
1165 1083 1277 1112 virum.
1322 1082 1374 1112 S1.
1395 1082 1530 1112 Potesne

71 1125 150 1156 milii
173 1134 277 1155 verum
301 1123 429 1156 dicere?
475 1125 546 1156 DA.
575 1125 643 1155 Hoc
667 1125 745 1155 mihi
770 1124 849 1155 nihil
867 1124 999 1163 facilius
1024 1128 1081 1155 est.
1124 1126 1174 1156 S1.
1201 1125 1312 1155 Nonne
1329 1124 1424 1165 filius
1448 1133 1532 1162 oegre

64 1166 134 1205 fert
149 1168 204 1198 has
217 1167 353 1207 nuptias,
367 1171 494 1207 propter
508 1168 600 1198 istius
612 1168 787 1207 peregrinae
806 1168 947 1208 Glycerii
962 1164 1431 1205 consuetamfamiliaritatem?
1456 1168 1527 1197 DA.

72 1209 263 1250 Neutiquam
277 1210 389 1248 hercle,
405 1213 472 1249 ant,
487 1210 515 1240 si
531 1211 606 1241 adeo
625 1220 709 1248 oegre
725 1210 807 1248 fert,
827 1211 956 1241 duorum
969 1210 1088 1241 dierum
1105 1214 1158 1240 aut
1175 1211 1272 1241 trium
1295 1210 1360 1240 hoec
1375 1209 1529 1248 ‹egr-itudo

70 1255 129 1283 est.
173 1250 307 1284 Scisne?
330 1253 454 1284 Deinde
458 1253 560 1295 finem
579 1253 731 1293 accipiet:
754 1263 884 1294 namque
898 1257 984 1284 recta
999 1254 1119 1284 ratione
1135 1254 1248 1294 soepius
1263 1252 1471 1284 consideravit
1494 1252 1528 1282 in

684 1342 920 1354 eeeeeeeeeeee

75 1408 134 1440 tiis
151 1408 302 1440 locutum
323 1407 450 1449 aliquid
467 1413 578 1448 putat,
592 1408 646 1440 liic
663 1408 906 1448 interrogatur.
932 1408 1027 1439 Bent.
1071 1408 1161 1438 Dare
1175 1407 1277 1438 Bent.
1301 1407 1405 1438 Omn.
1431 1407 1530 1439 codd.

73 1452 195 1483 Davus.
242 1451 288 1482 At
305 1461 385 1482 vero
398 1455 522 1492 praeter
534 1452 635 1482 Bent.
649 1451 682 1482 in
701 1452 780 1482 Par.
797 1452 861 1482 Ed.
879 1452 914 1483 it.
931 1452 1022 1482 Dave
1039 1461 1099 1490 pro
1120 1461 1186 1481 var.
1205 1450 1398 1482 exhibetur.
1424 1450 1526 1482 Quod

72 1495 182 1534 ipsum
200 1494 319 1534 probo.
342 1494 496 1525 Pera—4
519 1494 622 1525 Bent.
641 1504 774 1534 semper
801 1493 874 1524 fere
903 1504 964 1534 pro
980 1494 1061 1524 nihil
1091 1499 1126 1524 et
1148 1493 1226 1524 mihi
1253 1494 1361 1524 edidit
1383 1493 1443 1531 m'l,
1470 1494 1524 1524 mi.

73 1537 187 1568 Semel
204 1537 373 1568 monuisse
388 1542 441 1567 sat
458 1536 533 1568 erit.
558 1537 658 1568 Zeun.
702 1536 801 1577 Atqui
818 1535 833 1568 ,⁹
859 1537 982 1568 ssr.-5
1002 1536 1065 1567 Ed.
1086 1538 1181 1568 1469.
1197 1536 1298 1567 evenit
1312 1536 1394 1567 huic.
1417 1536 1525 1568 W'est.

72 1582 136 1610 —6
159 1579 249 1619 Gny.
266 1579 425 1610 rescribit
444 1579 582 1610 Facilius
598 1580 688 1610 nihil.
713 1579 766 1610 Id.
812 1579 1061 1610 Concinnitatis
1077 1580 1187 1619 gratia
1204 1584 1285 1609 ante
1305 1580 1313 1595 ‘
1327 1578 1420 1609 nihil’
1438 1588 1526 1619 poue

72 1619 168 1660 Ego?
191 1623 292 1653 Bent.
337 1623 412 1653 Dat
426 1622 526 1654 Both.
544 1623 647 1653 Potin'
664 1625 710 1653 est
726 1626 756 1653 te
771 1622 873 1653 dicere
889 1631 995 1653 verum
1012 1621 1115 1654 mihi?
1161 1623 1230 1653 DA.
1257 1621 1394 1659 Nilfac.
1442 1622 1525 1651 Per-

72 1665 121 1696 let
135 1665 290 1706 sequitur
311 1664 414 1696 Bent.
431 1670 467 1695 et
487 1671 603 1696 monet
616 1664 732 1696 Guelf.
750 1668 780 1696 1.
810 1665 968 1696 omittere
986 1665 1056 1703 Ego
1071 1664 1148 1696 ?—7
1174 1664 1259 1695 Cod.
1279 1674 1363 1695 unus
1381 1674 1398 1695 e
1412 1664 1528 1703 Regiis

73 1707 176 1738 habet
188 1708 263 1740 haec.
307 1708 456 1739 Vetuste
479 1714 513 1739 et
540 1718 630 1739 vere.
654 1708 751 1739 Bent.
797 1707 945 1739 Accedit
961 1708 1118 1738 Fert—8
1144 1708 1202 1739 Er.
1227 1717 1371 1749 eumque
1389 1713 1528 1738 secutus

73 1749 258 1790 Guy.Huj.
274 1754 375 1791 propt.
391 1760 473 1782 cons.
490 1751 575 1790 hosp.
598 1751 710 1782 W'est.
756 1751 832 1781 Etsi
849 1760 965 1781 omnes
989 1749 1087 1781 codd.
1111 1760 1193 1791 quos
1221 1750 1304 1781 vidit
1321 1752 1380 1781 Fa.
1403 1750 1530 1781 liabent

74 1792 226 1824 ordinem
255 1793 404 1824 Donati:
432 1794 551 1824 melior
576 1798 688 1824 tamen
716 1798 770 1824 est
793 1793 896 1825 ordo:
923 1794 1039 1833 Propt.
1070 1793 1155 1832 hosp.
1183 1793 1319 1832 hujusce.
1366 1794 1528 1824 Ceterum

74 1836 248 1876 antiquius
264 1841 316 1867 est
331 1836 478 1877 hospital.
501 1837 604 1868 Bent.
650 1837 721 1867 Dat
736 1836 831 1867 Perl.
851 1837 906 1867 Pr.
924 1837 1054 1876 hospitae
1077 1836 1140 1875 huj.
1154 1846 1237 1867 cons.
1283 1838 1291 1853 ‘
1309 1836 1420 1876 Vulgo
1443 1836 1531 1876 quip-

67 1879 155 1918 piam
170 1880 218 1909 hae
232 1882 304 1910 sunt
325 1877 411 1920 (Gn.
430 1882 459 1910 1.
475 1883 547 1910 sunt
564 1879 635 1915 hae;
654 1879 741 1909 unde
757 1879 897 1919 colligas
914 1888 979 1909 non
999 1879 1048 1909 ita
1072 1884 1202 1909 certam
1227 1888 1301 1910 esse
1323 1879 1437 1910 sedem
1453 1889 1530 1918 pro·

72 1920 232 1961 nominis)
246 1931 278 1952 n.
298 1922 431 1962 Propter
454 1922 520 1960 huj.
535 1922 622 1961 hosp.
637 1932 717 1953 cons.
733 1932 872 1962 prorsus
890 1922 1106 1952 inconcinne.
1131 1922 1229 1953 Both.
1246 1922 1301 1963 qui
1324 1922 1408 1963 legit
1421 1921 1527 1962 quipp.

72 1967 145 1995 sunt
159 1974 188 1994 n.
205 1963 286 1995 Haec
304 1968 407 2005 propt.
419 1965 507 2005 hosp.
523 1964 614 2003 hujus
627 1967 775 1996 cons.—--9
797 1965 898 1996 Bodl.
916 1964 979 1995 bid.
1003 1967 1056 1995 aut
1081 1964 1155 1995 trid.
1184 1971 1240 1995 est.
1268 1965 1306 1994 W
1310 1970 1375 1996 est.
1421 1964 1477 1995 Sic
1492 1969 1528 1994 et

72 2007 131 2037 ΒΥ.
168 2006 207 2038 Si
232 2006 360 2038 omittit
389 2006 506 2039 Guelf.
523 2009 640 2039 1.——1o
666 2007 767 2038 Bent.
786 2012 864 2047 post
888 2010 896 2024 ‘
913 2007 1021 2038 nosti'
1050 2007 1162 2047 posuit
1188 2008 1318 2047 signum
1343 2008 1529 2047 interroga-

73 2049 187 2089 tionis,
201 2049 293 2090 quod
322 2059 389 2081 nou
417 2054 470 2080 est
496 2059 594 2090 opus.
619 2050 718 2081 Ζειιη.
764 2050 1074 2090 Inter-rogationem
1104 2059 1169 2080 non
1196 2050 1382 2082 admittunt
1404 2051 1462 2081 Br.
1491 2049 1529 2081 Z.

74 2091 178 2123 Both.
202 2095 210 2109 ‘
229 2091 393 2132 Maiiem‚'
419 2093 467 2123 ait
490 2092 584 2123 Pei-1.
612 2094 622 2110 ‘
638 2093 894 2132 pronuntiatum
923 2093 1049 2133 absque
1074 2093 1353 2133 interrogatione.
1379 2094 1461 2133 Leg.
1486 2093 1528 2123 al.

72 2135 198 2171 nostin3
214 2135 256 2167 al.
270 2135 412 2167 nostine:
438 2135 529 2166 Sinet
545 2134 662 2166 Guelf.
682 2138 796 2166 1.-11
817 2136 999 2166 Solicitant
1021 2135 1111 2166 hunc
1127 2136 1148 2165 l.
1165 2135 1314 2175 eruditi;
1338 2141 1373 2167 et
1385 2141 1437 2166 est
1451 2135 1533 2165 mira

73 2177 259 2209 Msstorum
289 2177 449 2210 varietas.
492 2177 594 2209 Bodl.
643 2179 724 2208 Eam
747 2188 847 2208 secum
868 2188 934 2209 rem
965 2178 1029 2218 ipse
1054 2181 1138 2209 recta
1166 2180 1323 2218 reputavit
1361 2180 1423 2210 via.
1470 2179 1530 2209 Fa.

73 2219 124 2251 ita
133 2229 206 2251 esse
223 2220 367 2252 inlibris
384 2221 521 2261 scriptis
537 2219 680 2259 fatetur,
693 2225 731 2251 ut
747 2220 850 2252 edidi.
896 2221 1001 2251 Delet
1015 2226 1128 2251 autem
1144 2224 1243 2259 recta,
1259 2231 1336 2252 cum
1355 2221 1444 2262 quod
1464 2231 1531 2252 non

14 2295 16 2298 ,
74 2263 173 2294 aliter
189 2267 259 2294 stet
274 2273 407 2303 versus,
422 2268 492 2295 tum
509 2263 597 2304 quod
616 2263 774 2294 Donatus
801 2264 885 2295 hanc
905 2273 1023 2294 vocem
1047 2273 1114 2294 non
1141 2268 1316 2304 agnoscat.
1362 2264 1532 2304 Agnoscit

75 2313 156 2336 vero
171 2305 203 2336 in
221 2306 289 2338 Ms.
305 2306 422 2337 Hulst.
438 2306 497 2338 sed
514 2307 562 2337 ita
579 2317 587 2338 ι
615 2307 696 2337 Eam
716 2316 785 2337 rem
800 2310 885 2337 recta
901 2307 1026 2346 putarit
1048 2308 1110 2337 via.
1155 2307 1327 2347 Guyetus,
1343 2312 1378 2338 ut
1396 2316 1530 2337 versum

75 2353 205 2379 rectum
221 2353 257 2380 et
276 2348 444 2390 integrum
460 2349 593 2389 habeat,
609 2359 676 2380 eam
691 2360 757 2380 rem
781 2350 885 2389 tollit,
908 2359 1033 2380 vocans
1051 2350 1406 2389 interpretamentum.
1454 2350 1531 2380 Non

75 2395 188 2422 autem
205 2391 303 2432 libet,
317 2401 430 2433 neque
445 2392 531 2423 adeo
545 2393 626 2424 licet
641 2393 690 2423 ita
705 2392 864 2433 grassari.
893 2392 988 2424 West.
1028 2393 1110 2424 Vet.
1139 2393 1224 2424 Cod.
1244 2393 1324 2424 Eam
1347 2403 1448 2424 secum
1465 2394 1532 2433 ipse

737 2477 877 2509 NOTAE

117 2541 137 2570 4
161 2538 262 2579 Hem]
284 2539 501 2581 Indignantis
515 2540 570 2571 hic
588 2550 651 2572 vox
669 2545 734 2572 est.
832 2550 867 2571 se
885 2540 1064 2572 ducturum
1079 2551 1238 2573 uxorem:
1255 2542 1413 2584 quodque
1425 2543 1534 2583 suspi-

117 2592 136 2619 5
162 2589 287 2620 Proeter
309 2599 393 2630 spem
419 2590 538 2630 evenit]
560 2591 638 2622 Hoc
661 2601 776 2622 secum
832 2593 902 2623 cari
928 2591 1117 2632 videamur,
1140 2593 1252 2632 ipsum
1279 2593 1415 2633 nuptias
1432 2594 1533 2623 simu-

74 2639 226 2680 loquitur
242 2639 371 2671 Davus.
832 2643 914 2673 lare.
967 2641 1104 2674 Idcirco
1139 2643 1256 2674 Davus
1287 2648 1407 2684 postea
1435 2643 1535 2682 dixit,

119 2688 190 2720 Hoc
204 2691 282 2721 male
296 2690 387 2721 habet
402 2690 519 2731 virum]
546 2691 646 2724 Quod
664 2692 706 2723 de
722 2703 778 2725 me
832 2696 840 2712 ‘
859 2693 1060 2726 Commovi.'

60 2739 158 2793 ,¹¹³¹ss
185 2741 311 2771 rescire
342 2746 455 2781 potest
480 2743 567 2774 certi
599 2743 642 2774 de
669 2745 780 2776 animo
876 2749 915 2776 ll
944 2745 1127 2786 Reputavit]
1162 2746 1218 2778 Sic
1249 2745 1404 2777 Donatus
1437 2745 1530 2786 legit.

77 2788 157 2831 filii3
180 2791 236 2832 qui
260 2798 386 2833 praeter
414 2803 508 2834 spem
532 2794 605 2835 ejus
622 2796 780 2836 promisit
834 2795 900 2827 Alii
918 2795 1088 2836 reputabit.
