<?xml version="1.0" encoding="UTF-8"?>
<!DOCTYPE html PUBLIC "-//W3C//DTD XHTML 1.0 Transitional//EN"
    "http://www.w3.org/TR/xhtml1/DTD/xhtml1-transitional.dtd">
<html xmlns="http://www.w3.org/1999/xhtml" xml:lang="en" lang="en">
 <head>
  <title>
</title>
<meta http-equiv="Content-Type" content="text/html;charset=utf-8" />
  <meta name='ocr-system' content='tesseract 3.04.00' />
  <meta name='ocr-capabilities' content='ocr_page ocr_carea ocr_par ocr_line ocrx_word'/>
</head>
<body>
  <div class='ocr_page' id='page_1' title='image "./pubterentiiafric01tereuoft/pubterentiiafric01tereuoft_0095.png"; bbox 0 0 1945 3296; ppageno 0'>
   <div class='ocr_carea' id='block_1_1' title="bbox 417 253 1574 293">
    <p class='ocr_par' dir='ltr' id='par_1_1' title="bbox 417 253 1574 293">
     <span class='ocr_line' id='line_1_1' title="bbox 417 253 1574 293; baseline 0.003 -8"><span class='ocrx_word' id='word_1_1' title='bbox 417 253 655 285; x_wconf 82' lang='lat' dir='ltr'>DANIELIS</span> <span class='ocrx_word' id='word_1_2' title='bbox 690 255 885 284; x_wconf 78' lang='lat' dir='ltr'>HEINSU</span> <span class='ocrx_word' id='word_1_3' title='bbox 924 256 1271 288; x_wconf 67' lang='lat' dir='ltr'>DISSERTATM).</span> <span class='ocrx_word' id='word_1_4' title='bbox 1512 253 1574 293; x_wconf 64' lang='lat'>⁴85</span> 
     </span>
    </p>
   </div>
   <div class='ocr_carea' id='block_1_2' title="bbox 261 347 1118 526">
    <p class='ocr_par' dir='ltr' id='par_1_2' title="bbox 261 347 1118 526">
     <span class='ocr_line' id='line_1_2' title="bbox 261 347 1004 399; baseline 0.003 -13"><span class='ocrx_word' id='word_1_5' title='bbox 261 348 374 398; x_wconf 81' lang='grc' dir='ltr'><em>Ὁρᾷς</em></span> <span class='ocrx_word' id='word_1_6' title='bbox 393 347 448 386; x_wconf 83' lang='grc' dir='ltr'>ὅτι</span> <span class='ocrx_word' id='word_1_7' title='bbox 468 347 565 385; x_wconf 77' lang='grc' dir='ltr'>Ζεὺς</span> <span class='ocrx_word' id='word_1_8' title='bbox 585 347 678 399; x_wconf 73' lang='grc' dir='ltr'>τῷδε</span> <span class='ocrx_word' id='word_1_9' title='bbox 700 350 875 396; x_wconf 72' lang='grc' dir='ltr'>πρωτεύει</span> <span class='ocrx_word' id='word_1_10' title='bbox 897 352 1004 395; x_wconf 81' lang='grc' dir='ltr'>θεῶν,</span> 
     </span>
     <span class='ocr_line' id='line_1_3' title="bbox 262 411 1118 463; baseline 0.002 -13"><span class='ocrx_word' id='word_1_11' title='bbox 262 411 321 450; x_wconf 73' lang='grc' dir='ltr'>Οἷ]</span> <span class='ocrx_word' id='word_1_12' title='bbox 341 411 486 460; x_wconf 74' lang='grc' dir='ltr'>ψεῦδος,</span> <span class='ocrx_word' id='word_1_13' title='bbox 511 411 594 451; x_wconf 75' lang='grc' dir='ltr'><em>οὐδὲ</em></span> <span class='ocrx_word' id='word_1_14' title='bbox 613 414 766 461; x_wconf 80' lang='grc' dir='ltr'>κόμπον,</span> <span class='ocrx_word' id='word_1_15' title='bbox 788 415 829 450; x_wconf 83' lang='grc' dir='ltr'>οὐ</span> <span class='ocrx_word' id='word_1_16' title='bbox 849 415 972 463; x_wconf 78' lang='grc' dir='ltr'>μωρὸν</span> <span class='ocrx_word' id='word_1_17' title='bbox 993 417 1118 462; x_wconf 72' lang='grc' dir='ltr'>’γέλων</span> 
     </span>
     <span class='ocr_line' id='line_1_4' title="bbox 266 474 1094 526; baseline 0.004 -13"><span class='ocrx_word' id='word_1_18' title='bbox 266 474 429 520; x_wconf 82' lang='grc' dir='ltr'><strong>Ἀσκῶν,</strong></span> <span class='ocrx_word' id='word_1_19' title='bbox 452 475 491 514; x_wconf 84' lang='grc' dir='ltr'>τὸ</span> <span class='ocrx_word' id='word_1_20' title='bbox 511 474 542 513; x_wconf 80' lang='grc' dir='ltr'>δ’</span> <span class='ocrx_word' id='word_1_21' title='bbox 563 475 630 521; x_wconf 76' lang='grc' dir='ltr'>ἡὸὖ</span> <span class='ocrx_word' id='word_1_22' title='bbox 648 481 782 526; x_wconf 77' lang='grc' dir='ltr'>μοῦνος</span> <span class='ocrx_word' id='word_1_23' title='bbox 801 480 863 515; x_wconf 71' lang='grc' dir='ltr'>οὐκ</span> <span class='ocrx_word' id='word_1_24' title='bbox 883 480 1094 516; x_wconf 72' lang='grc' dir='ltr'>ἐπίσταται,</span> 
     </span>
    </p>
   </div>
   <div class='ocr_carea' id='block_1_3' title="bbox 98 586 1575 2812">
    <p class='ocr_par' dir='ltr' id='par_1_3' title="bbox 98 586 1575 2812">
     <span class='ocr_line' id='line_1_5' title="bbox 104 586 1570 643; baseline 0.004 -17"><span class='ocrx_word' id='word_1_25' title='bbox 104 589 234 633; x_wconf 83' lang='lat' dir='ltr'><strong>Quare</strong></span> <span class='ocrx_word' id='word_1_26' title='bbox 252 586 440 625; x_wconf 88' lang='lat' dir='ltr'>divinitus</span> <span class='ocrx_word' id='word_1_27' title='bbox 460 588 509 624; x_wconf 90' lang='lat' dir='ltr'>ab</span> <span class='ocrx_word' id='word_1_28' title='bbox 529 587 741 626; x_wconf 81' lang='lat' dir='ltr'>Aristotele</span> <span class='ocrx_word' id='word_1_29' title='bbox 763 589 910 627; x_wconf 89' lang='lat' dir='ltr'>dictum</span> <span class='ocrx_word' id='word_1_30' title='bbox 932 598 1005 637; x_wconf 90' lang='lat' dir='ltr'>est,</span> <span class='ocrx_word' id='word_1_31' title='bbox 1024 598 1172 642; x_wconf 83' lang='lat' dir='ltr'>partem</span> <span class='ocrx_word' id='word_1_32' title='bbox 1195 593 1448 643; x_wconf 84' lang='lat' dir='ltr'>turpitudinis</span> <span class='ocrx_word' id='word_1_33' title='bbox 1469 607 1570 640; x_wconf 89' lang='lat' dir='ltr'>esse,</span> 
     </span>
     <span class='ocr_line' id='line_1_6' title="bbox 100 649 1572 707; baseline 0.005 -18"><span class='ocrx_word' id='word_1_34' title='bbox 100 652 141 689; x_wconf 91' lang='lat' dir='ltr'>id</span> <span class='ocrx_word' id='word_1_35' title='bbox 163 649 270 702; x_wconf 89' lang='lat' dir='ltr'>quod</span> <span class='ocrx_word' id='word_1_36' title='bbox 291 657 352 689; x_wconf 90' lang='lat' dir='ltr'>est</span> <span class='ocrx_word' id='word_1_37' title='bbox 372 650 593 689; x_wconf 86' lang='lat' dir='ltr'>ridiculum.</span> <span class='ocrx_word' id='word_1_38' title='bbox 652 651 808 691; x_wconf 86' lang='lat' dir='ltr'>Diserte</span> <span class='ocrx_word' id='word_1_39' title='bbox 829 655 929 691; x_wconf 88' lang='lat' dir='ltr'>enim</span> <span class='ocrx_word' id='word_1_40' title='bbox 953 656 1018 702; x_wconf 90' lang='lat' dir='ltr'>ait,</span> <span class='ocrx_word' id='word_1_41' title='bbox 1040 657 1094 693; x_wconf 78' lang='grc' dir='ltr'>ὅτι</span> <span class='ocrx_word' id='word_1_42' title='bbox 1115 657 1154 693; x_wconf 79' lang='grc' dir='ltr'>τὸ</span> <span class='ocrx_word' id='word_1_43' title='bbox 1176 661 1342 704; x_wconf 78' lang='grc' dir='ltr'>γελοῖον,</span> <span class='ocrx_word' id='word_1_44' title='bbox 1362 660 1489 707; x_wconf 78' lang='grc' dir='ltr'>μόριον</span> <span class='ocrx_word' id='word_1_45' title='bbox 1510 664 1572 696; x_wconf 82' lang='grc' dir='ltr'>τοῦ</span> 
     </span>
     <span class='ocr_line' id='line_1_7' title="bbox 100 715 1575 767; baseline 0.005 -14"><span class='ocrx_word' id='word_1_46' title='bbox 100 717 260 766; x_wconf 80' lang='grc' dir='ltr'>αἰσχροῦ</span> <span class='ocrx_word' id='word_1_47' title='bbox 278 716 394 754; x_wconf 71' lang='grc' dir='ltr'><strong><em>ἐστιν.</em></strong></span> <span class='ocrx_word' id='word_1_48' title='bbox 451 715 526 762; x_wconf 89' lang='lat' dir='ltr'>Ita,</span> <span class='ocrx_word' id='word_1_49' title='bbox 558 729 648 766; x_wconf 88' lang='lat' dir='ltr'>quae</span> <span class='ocrx_word' id='word_1_50' title='bbox 681 717 742 754; x_wconf 91' lang='lat' dir='ltr'>vel</span> <span class='ocrx_word' id='word_1_51' title='bbox 774 718 812 754; x_wconf 86' lang='lat' dir='ltr'>in</span> <span class='ocrx_word' id='word_1_52' title='bbox 835 719 959 755; x_wconf 86' lang='lat' dir='ltr'>verbis</span> <span class='ocrx_word' id='word_1_53' title='bbox 981 726 1182 757; x_wconf 83' lang='lat' dir='ltr'>auctorum</span> <span class='ocrx_word' id='word_1_54' title='bbox 1202 720 1261 757; x_wconf 92' lang='lat' dir='ltr'>vel</span> <span class='ocrx_word' id='word_1_55' title='bbox 1283 721 1476 767; x_wconf 84' lang='lat' dir='ltr'>sensibus,</span> <span class='ocrx_word' id='word_1_56' title='bbox 1509 723 1575 760; x_wconf 86' lang='lat' dir='ltr'>vel</span> 
     </span>
     <span class='ocr_line' id='line_1_8' title="bbox 99 778 1569 835; baseline 0.005 -19"><span class='ocrx_word' id='word_1_57' title='bbox 99 780 139 817; x_wconf 90' lang='lat' dir='ltr'>in</span> <span class='ocrx_word' id='word_1_58' title='bbox 162 791 340 817; x_wconf 86' lang='lat' dir='ltr'>sermone</span> <span class='ocrx_word' id='word_1_59' title='bbox 359 778 562 817; x_wconf 87' lang='lat' dir='ltr'>hominum</span> <span class='ocrx_word' id='word_1_60' title='bbox 578 787 618 818; x_wconf 88' lang='lat' dir='ltr'>et</span> <span class='ocrx_word' id='word_1_61' title='bbox 633 780 762 826; x_wconf 78' lang='lat' dir='ltr'>factiS‚</span> <span class='ocrx_word' id='word_1_62' title='bbox 781 789 848 818; x_wconf 84' lang='lat' dir='ltr'>aut</span> <span class='ocrx_word' id='word_1_63' title='bbox 864 781 1019 820; x_wconf 87' lang='lat' dir='ltr'>detorta</span> <span class='ocrx_word' id='word_1_64' title='bbox 1040 790 1132 820; x_wconf 86' lang='lat' dir='ltr'>sunt</span> <span class='ocrx_word' id='word_1_65' title='bbox 1152 790 1219 821; x_wconf 88' lang='lat' dir='ltr'>aut</span> <span class='ocrx_word' id='word_1_66' title='bbox 1240 784 1463 835; x_wconf 82' lang='lat' dir='ltr'>depravata,</span> <span class='ocrx_word' id='word_1_67' title='bbox 1486 787 1569 823; x_wconf 88' lang='lat' dir='ltr'>ani-</span> 
     </span>
     <span class='ocr_line' id='line_1_9' title="bbox 99 841 1569 900; baseline 0.005 -20"><span class='ocrx_word' id='word_1_68' title='bbox 99 855 185 880; x_wconf 90' lang='lat' dir='ltr'>mos</span> <span class='ocrx_word' id='word_1_69' title='bbox 205 841 379 893; x_wconf 86' lang='lat' dir='ltr'>plebeios</span> <span class='ocrx_word' id='word_1_70' title='bbox 400 843 650 881; x_wconf 86' lang='lat' dir='ltr'>vehementer</span> <span class='ocrx_word' id='word_1_71' title='bbox 670 851 842 891; x_wconf 86' lang='lat' dir='ltr'>movent,</span> <span class='ocrx_word' id='word_1_72' title='bbox 874 854 912 883; x_wconf 85' lang='lat' dir='ltr'>et</span> <span class='ocrx_word' id='word_1_73' title='bbox 943 846 1018 883; x_wconf 86' lang='lat' dir='ltr'>hoc</span> <span class='ocrx_word' id='word_1_74' title='bbox 1052 847 1137 897; x_wconf 91' lang='lat' dir='ltr'>ipso</span> <span class='ocrx_word' id='word_1_75' title='bbox 1158 849 1277 886; x_wconf 86' lang='lat' dir='ltr'>risum</span> <span class='ocrx_word' id='word_1_76' title='bbox 1298 855 1341 888; x_wconf 91' lang='lat' dir='ltr'>ut</span> <span class='ocrx_word' id='word_1_77' title='bbox 1360 849 1569 900; x_wconf 86' lang='lat' dir='ltr'>plurimum</span> 
     </span>
     <span class='ocr_line' id='line_1_10' title="bbox 101 906 1568 963; baseline 0.005 -20"><span class='ocrx_word' id='word_1_78' title='bbox 101 906 321 944; x_wconf 84' lang='lat' dir='ltr'>excutiunt.</span> <span class='ocrx_word' id='word_1_79' title='bbox 378 906 551 959; x_wconf 88' lang='lat' dir='ltr'>Ideoque</span> <span class='ocrx_word' id='word_1_80' title='bbox 571 907 758 946; x_wconf 82' lang='lat' dir='ltr'>inusitata</span> <span class='ocrx_word' id='word_1_81' title='bbox 779 908 883 946; x_wconf 86' lang='lat' dir='ltr'>dicta</span> <span class='ocrx_word' id='word_1_82' title='bbox 903 916 942 947; x_wconf 88' lang='lat' dir='ltr'>et</span> <span class='ocrx_word' id='word_1_83' title='bbox 962 911 1161 958; x_wconf 85' lang='lat' dir='ltr'>obscoena,</span> <span class='ocrx_word' id='word_1_84' title='bbox 1198 912 1431 963; x_wconf 87' lang='lat' dir='ltr'>optimorum</span> <span class='ocrx_word' id='word_1_85' title='bbox 1452 915 1568 952; x_wconf 88' lang='lat' dir='ltr'>cavil-</span> 
     </span>
     <span class='ocr_line' id='line_1_11' title="bbox 99 970 1568 1027; baseline 0.005 -20"><span class='ocrx_word' id='word_1_86' title='bbox 99 970 284 1016; x_wconf 88' lang='lat' dir='ltr'>lationes,</span> <span class='ocrx_word' id='word_1_87' title='bbox 320 970 562 1022; x_wconf 84' lang='lat' dir='ltr'>singulorum</span> <span class='ocrx_word' id='word_1_88' title='bbox 593 973 865 1017; x_wconf 79' lang='lat' dir='ltr'>contumelias,</span> <span class='ocrx_word' id='word_1_89' title='bbox 902 976 1114 1012; x_wconf 80' lang='lat' dir='ltr'>sententias</span> <span class='ocrx_word' id='word_1_90' title='bbox 1149 988 1364 1025; x_wconf 83' lang='lat' dir='ltr'>perversas,</span> <span class='ocrx_word' id='word_1_91' title='bbox 1399 977 1568 1027; x_wconf 87' lang='lat' dir='ltr'>ideoque</span> 
     </span>
     <span class='ocr_line' id='line_1_12' title="bbox 98 1033 1568 1086; baseline 0.005 -15"><span class='ocrx_word' id='word_1_92' title='bbox 98 1033 384 1085; x_wconf 81' lang='lat' dir='ltr'>inexpectatas‚</span> <span class='ocrx_word' id='word_1_93' title='bbox 415 1034 566 1085; x_wconf 82' lang='lat' dir='ltr'>aliaque</span> <span class='ocrx_word' id='word_1_94' title='bbox 587 1034 626 1071; x_wconf 88' lang='lat' dir='ltr'>id</span> <span class='ocrx_word' id='word_1_95' title='bbox 655 1048 779 1085; x_wconf 85' lang='lat' dir='ltr'>genus</span> <span class='ocrx_word' id='word_1_96' title='bbox 800 1037 944 1086; x_wconf 88' lang='lat' dir='ltr'>(qualis</span> <span class='ocrx_word' id='word_1_97' title='bbox 966 1038 1129 1075; x_wconf 78' lang='lat' dir='ltr'>imitatio</span> <span class='ocrx_word' id='word_1_98' title='bbox 1151 1038 1343 1076; x_wconf 86' lang='lat' dir='ltr'>dictorum</span> <span class='ocrx_word' id='word_1_99' title='bbox 1364 1040 1424 1077; x_wconf 86' lang='lat' dir='ltr'>vel</span> <span class='ocrx_word' id='word_1_100' title='bbox 1443 1041 1568 1078; x_wconf 87' lang='lat' dir='ltr'>facto—</span> 
     </span>
     <span class='ocr_line' id='line_1_13' title="bbox 98 1097 1567 1154; baseline 0.005 -19"><span class='ocrx_word' id='word_1_101' title='bbox 98 1108 210 1144; x_wconf 50' lang='lat' dir='ltr'>rum,</span> <span class='ocrx_word' id='word_1_102' title='bbox 233 1104 272 1136; x_wconf 91' lang='lat' dir='ltr'>et</span> <span class='ocrx_word' id='word_1_103' title='bbox 301 1097 476 1148; x_wconf 88' lang='lat' dir='ltr'>inprimis</span> <span class='ocrx_word' id='word_1_104' title='bbox 496 1098 778 1150; x_wconf 87' lang='lat' dir='ltr'>improborum)</span> <span class='ocrx_word' id='word_1_105' title='bbox 809 1101 927 1138; x_wconf 86' lang='lat' dir='ltr'>risum</span> <span class='ocrx_word' id='word_1_106' title='bbox 948 1102 1115 1139; x_wconf 81' lang='lat' dir='ltr'>maxime</span> <span class='ocrx_word' id='word_1_107' title='bbox 1136 1102 1174 1138; x_wconf 88' lang='lat' dir='ltr'>in</span> <span class='ocrx_word' id='word_1_108' title='bbox 1198 1102 1416 1150; x_wconf 79' lang='lat' dir='ltr'>Comoedia,</span> <span class='ocrx_word' id='word_1_109' title='bbox 1450 1118 1567 1154; x_wconf 87' lang='lat' dir='ltr'>quam</span> 
     </span>
     <span class='ocr_line' id='line_1_14' title="bbox 99 1161 1571 1220; baseline 0.006 -23"><span class='ocrx_word' id='word_1_110' title='bbox 99 1161 281 1199; x_wconf 82' lang='lat' dir='ltr'>Veterem</span> <span class='ocrx_word' id='word_1_111' title='bbox 301 1161 495 1209; x_wconf 84' lang='lat' dir='ltr'>dicebant,</span> <span class='ocrx_word' id='word_1_112' title='bbox 526 1164 764 1213; x_wconf 86' lang='lat' dir='ltr'>expressisse</span> <span class='ocrx_word' id='word_1_113' title='bbox 786 1173 954 1203; x_wconf 84' lang='lat' dir='ltr'>constat.</span> <span class='ocrx_word' id='word_1_114' title='bbox 1013 1166 1129 1209; x_wconf 81' lang='lat' dir='ltr'>Quod</span> <span class='ocrx_word' id='word_1_115' title='bbox 1150 1167 1389 1219; x_wconf 79' lang='lat' dir='ltr'>intelligunt,</span> <span class='ocrx_word' id='word_1_116' title='bbox 1410 1169 1476 1219; x_wconf 91' lang='lat' dir='ltr'>qui</span> <span class='ocrx_word' id='word_1_117' title='bbox 1504 1183 1571 1220; x_wconf 79' lang='lat' dir='ltr'>ge-</span> 
     </span>
     <span class='ocr_line' id='line_1_15' title="bbox 98 1224 1562 1283; baseline 0.006 -22"><span class='ocrx_word' id='word_1_118' title='bbox 98 1224 206 1262; x_wconf 89' lang='lat' dir='ltr'>nium</span> <span class='ocrx_word' id='word_1_119' title='bbox 226 1225 380 1264; x_wconf 87' lang='lat' dir='ltr'>ridiculi</span> <span class='ocrx_word' id='word_1_120' title='bbox 399 1225 623 1278; x_wconf 85' lang='lat' dir='ltr'>intelligunt</span> <span class='ocrx_word' id='word_1_121' title='bbox 643 1234 760 1278; x_wconf 83' lang='lat' dir='ltr'>atque</span> <span class='ocrx_word' id='word_1_122' title='bbox 781 1229 967 1268; x_wconf 83' lang='lat' dir='ltr'>indolem.</span> <span class='ocrx_word' id='word_1_123' title='bbox 1028 1231 1150 1282; x_wconf 88' lang='lat' dir='ltr'>Cujus</span> <span class='ocrx_word' id='word_1_124' title='bbox 1187 1240 1358 1282; x_wconf 84' lang='lat' dir='ltr'>segetem</span> <span class='ocrx_word' id='word_1_125' title='bbox 1388 1233 1562 1283; x_wconf 82' lang='lat' dir='ltr'>largissi-</span> 
     </span>
     <span class='ocr_line' id='line_1_16' title="bbox 99 1289 1565 1344; baseline 0.006 -19"><span class='ocrx_word' id='word_1_126' title='bbox 99 1301 202 1326; x_wconf 87' lang='lat' dir='ltr'>mam</span> <span class='ocrx_word' id='word_1_127' title='bbox 221 1289 283 1326; x_wconf 87' lang='lat' dir='ltr'>vel</span> <span class='ocrx_word' id='word_1_128' title='bbox 303 1302 404 1328; x_wconf 90' lang='lat' dir='ltr'>unus</span> <span class='ocrx_word' id='word_1_129' title='bbox 426 1290 709 1342; x_wconf 86' lang='lat' dir='ltr'>Aristophanes</span> <span class='ocrx_word' id='word_1_130' title='bbox 732 1294 972 1344; x_wconf 71' lang='lat' dir='ltr'>suppeditat.</span> <span class='ocrx_word' id='word_1_131' title='bbox 1030 1295 1107 1338; x_wconf 85' lang='lat' dir='ltr'>Qui</span> <span class='ocrx_word' id='word_1_132' title='bbox 1131 1309 1208 1333; x_wconf 89' lang='lat' dir='ltr'>non</span> <span class='ocrx_word' id='word_1_133' title='bbox 1230 1295 1346 1333; x_wconf 89' lang='lat' dir='ltr'>modo</span> <span class='ocrx_word' id='word_1_134' title='bbox 1368 1296 1565 1342; x_wconf 88' lang='lat' dir='ltr'>Plautum,</span> 
     </span>
     <span class='ocr_line' id='line_1_17' title="bbox 102 1351 1569 1410; baseline 0.007 -21"><span class='ocrx_word' id='word_1_135' title='bbox 102 1351 172 1389; x_wconf 88' lang='lat' dir='ltr'>sed</span> <span class='ocrx_word' id='word_1_136' title='bbox 191 1365 460 1404; x_wconf 90' lang='lat' dir='ltr'>quoscumque</span> <span class='ocrx_word' id='word_1_137' title='bbox 480 1354 554 1392; x_wconf 85' lang='lat' dir='ltr'>hac</span> <span class='ocrx_word' id='word_1_138' title='bbox 576 1355 614 1392; x_wconf 91' lang='lat' dir='ltr'>in</span> <span class='ocrx_word' id='word_1_139' title='bbox 636 1363 745 1406; x_wconf 85' lang='lat' dir='ltr'>parte</span> <span class='ocrx_word' id='word_1_140' title='bbox 767 1359 976 1408; x_wconf 86' lang='lat' dir='ltr'>superavit,</span> <span class='ocrx_word' id='word_1_141' title='bbox 994 1371 1207 1410; x_wconf 87' lang='lat' dir='ltr'>omnesque</span> <span class='ocrx_word' id='word_1_142' title='bbox 1228 1368 1290 1398; x_wconf 84' lang='grc' dir='ltr'>τοῦ</span> <span class='ocrx_word' id='word_1_143' title='bbox 1312 1364 1465 1408; x_wconf 82' lang='grc' dir='ltr'>γελοίου</span> <span class='ocrx_word' id='word_1_144' title='bbox 1486 1374 1569 1399; x_wconf 90' lang='lat' dir='ltr'>mo-</span> 
     </span>
     <span class='ocr_line' id='line_1_18' title="bbox 101 1415 1568 1474; baseline 0.006 -21"><span class='ocrx_word' id='word_1_145' title='bbox 101 1415 173 1453; x_wconf 92' lang='lat' dir='ltr'>dos</span> <span class='ocrx_word' id='word_1_146' title='bbox 194 1429 239 1454; x_wconf 90' lang='lat' dir='ltr'>ac</span> <span class='ocrx_word' id='word_1_147' title='bbox 258 1417 404 1468; x_wconf 81' lang='lat' dir='ltr'>figuras</span> <span class='ocrx_word' id='word_1_148' title='bbox 425 1417 665 1469; x_wconf 89' lang='lat' dir='ltr'>lepidissime</span> <span class='ocrx_word' id='word_1_149' title='bbox 686 1422 888 1472; x_wconf 87' lang='lat' dir='ltr'>expressit.</span> <span class='ocrx_word' id='word_1_150' title='bbox 948 1423 1128 1474; x_wconf 86' lang='lat' dir='ltr'>Denique</span> <span class='ocrx_word' id='word_1_151' title='bbox 1149 1431 1192 1462; x_wconf 87' lang='lat' dir='ltr'>ut</span> <span class='ocrx_word' id='word_1_152' title='bbox 1224 1431 1391 1470; x_wconf 89' lang='lat' dir='ltr'>acetum,</span> <span class='ocrx_word' id='word_1_153' title='bbox 1421 1426 1494 1462; x_wconf 91' lang='lat' dir='ltr'>nisi</span> <span class='ocrx_word' id='word_1_154' title='bbox 1514 1425 1568 1462; x_wconf 91' lang='lat' dir='ltr'>vi-</span> 
     </span>
     <span class='ocr_line' id='line_1_19' title="bbox 100 1479 1570 1539; baseline 0.007 -23"><span class='ocrx_word' id='word_1_155' title='bbox 100 1492 193 1517; x_wconf 90' lang='lat' dir='ltr'>num</span> <span class='ocrx_word' id='word_1_156' title='bbox 215 1479 265 1518; x_wconf 88' lang='lat' dir='ltr'>sit</span> <span class='ocrx_word' id='word_1_157' title='bbox 284 1487 523 1533; x_wconf 86' lang='lat' dir='ltr'>corruptum,</span> <span class='ocrx_word' id='word_1_158' title='bbox 544 1484 689 1522; x_wconf 87' lang='lat' dir='ltr'>bonum</span> <span class='ocrx_word' id='word_1_159' title='bbox 709 1498 908 1536; x_wconf 90' lang='lat' dir='ltr'>nunquam</span> <span class='ocrx_word' id='word_1_160' title='bbox 930 1488 1020 1531; x_wconf 87' lang='lat' dir='ltr'>erit;</span> <span class='ocrx_word' id='word_1_161' title='bbox 1050 1488 1116 1533; x_wconf 87' lang='lat' dir='ltr'>ita,</span> <span class='ocrx_word' id='word_1_162' title='bbox 1137 1502 1225 1539; x_wconf 81' lang='lat' dir='ltr'>quae</span> <span class='ocrx_word' id='word_1_163' title='bbox 1247 1488 1399 1526; x_wconf 87' lang='lat' dir='ltr'>sincera</span> <span class='ocrx_word' id='word_1_164' title='bbox 1420 1495 1511 1526; x_wconf 92' lang='lat' dir='ltr'>sunt</span> <span class='ocrx_word' id='word_1_165' title='bbox 1530 1496 1570 1526; x_wconf 89' lang='lat' dir='ltr'>et</span> 
     </span>
     <span class='ocr_line' id='line_1_20' title="bbox 105 1543 1567 1603; baseline 0.007 -23"><span class='ocrx_word' id='word_1_166' title='bbox 105 1556 208 1591; x_wconf 86' lang='lat' dir='ltr'>vera,</span> <span class='ocrx_word' id='word_1_167' title='bbox 242 1543 360 1583; x_wconf 89' lang='lat' dir='ltr'>risum</span> <span class='ocrx_word' id='word_1_168' title='bbox 382 1559 584 1597; x_wconf 88' lang='lat' dir='ltr'>nunquam</span> <span class='ocrx_word' id='word_1_169' title='bbox 603 1550 847 1588; x_wconf 78' lang='lat' dir='ltr'>excitabunt.</span> <span class='ocrx_word' id='word_1_170' title='bbox 901 1552 1094 1603; x_wconf 90' lang='lat' dir='ltr'>Apposite</span> <span class='ocrx_word' id='word_1_171' title='bbox 1116 1552 1396 1599; x_wconf 81' lang='lat' dir='ltr'>Quintilianus,</span> <span class='ocrx_word' id='word_1_172' title='bbox 1431 1553 1495 1590; x_wconf 90' lang='lat' dir='ltr'>ubi</span> <span class='ocrx_word' id='word_1_173' title='bbox 1519 1553 1567 1590; x_wconf 93' lang='lat' dir='ltr'>de</span> 
     </span>
     <span class='ocr_line' id='line_1_21' title="bbox 102 1606 1568 1661; baseline 0.007 -17"><span class='ocrx_word' id='word_1_174' title='bbox 102 1606 283 1646; x_wconf 81' lang='lat' dir='ltr'>Ridiculo</span> <span class='ocrx_word' id='word_1_175' title='bbox 302 1622 311 1647; x_wconf 89' lang='lat'>:</span> <span class='ocrx_word' id='word_1_176' title='bbox 343 1613 353 1630; x_wconf 85' lang='lat'><em>‘</em></span> <span class='ocrx_word' id='word_1_177' title='bbox 371 1609 421 1647; x_wconf 88' lang='lat' dir='ltr'>Et</span> <span class='ocrx_word' id='word_1_178' title='bbox 439 1609 596 1649; x_wconf 89' lang='lat' dir='ltr'>hercule</span> <span class='ocrx_word' id='word_1_179' title='bbox 618 1613 742 1651; x_wconf 89' lang='lat' dir='ltr'>omnis</span> <span class='ocrx_word' id='word_1_180' title='bbox 766 1614 869 1652; x_wconf 91' lang='lat' dir='ltr'>salse</span> <span class='ocrx_word' id='word_1_181' title='bbox 891 1614 1050 1653; x_wconf 90' lang='lat' dir='ltr'>dicendi</span> <span class='ocrx_word' id='word_1_182' title='bbox 1070 1616 1182 1661; x_wconf 89' lang='lat' dir='ltr'>ratio,</span> <span class='ocrx_word' id='word_1_183' title='bbox 1214 1615 1253 1652; x_wconf 89' lang='lat' dir='ltr'>in</span> <span class='ocrx_word' id='word_1_184' title='bbox 1274 1628 1319 1653; x_wconf 90' lang='lat' dir='ltr'>eo</span> <span class='ocrx_word' id='word_1_185' title='bbox 1341 1623 1414 1661; x_wconf 88' lang='lat' dir='ltr'>est,</span> <span class='ocrx_word' id='word_1_186' title='bbox 1436 1623 1479 1653; x_wconf 89' lang='lat' dir='ltr'>ut</span> <span class='ocrx_word' id='word_1_187' title='bbox 1499 1617 1568 1654; x_wconf 90' lang='lat' dir='ltr'>ali-</span> 
     </span>
     <span class='ocr_line' id='line_1_22' title="bbox 99 1678 1566 1731; baseline 0.006 -22"><span class='ocrx_word' id='word_1_188' title='bbox 99 1679 158 1710; x_wconf 85' lang='lat' dir='ltr'>ter</span> <span class='ocrx_word' id='word_1_189' title='bbox 177 1685 294 1723; x_wconf 90' lang='lat' dir='ltr'>quam</span> <span class='ocrx_word' id='word_1_190' title='bbox 315 1680 376 1711; x_wconf 89' lang='lat' dir='ltr'>est</span> <span class='ocrx_word' id='word_1_191' title='bbox 394 1680 541 1712; x_wconf 87' lang='lat' dir='ltr'>rectum</span> <span class='ocrx_word' id='word_1_192' title='bbox 560 1689 771 1728; x_wconf 85' lang='lat' dir='ltr'>verumque</span> <span class='ocrx_word' id='word_1_193' title='bbox 793 1678 972 1716; x_wconf 63' lang='lat' dir='ltr'>dicatur)</span> <span class='ocrx_word' id='word_1_194' title='bbox 1030 1680 1158 1723; x_wconf 85' lang='lat' dir='ltr'>Quare</span> <span class='ocrx_word' id='word_1_195' title='bbox 1194 1688 1232 1717; x_wconf 89' lang='lat' dir='ltr'>et</span> <span class='ocrx_word' id='word_1_196' title='bbox 1252 1680 1494 1731; x_wconf 87' lang='lat' dir='ltr'>compositus</span> <span class='ocrx_word' id='word_1_197' title='bbox 1517 1681 1566 1718; x_wconf 85' lang='lat' dir='ltr'>ad</span> 
     </span>
     <span class='ocr_line' id='line_1_23' title="bbox 100 1736 1567 1794; baseline 0.007 -21"><span class='ocrx_word' id='word_1_198' title='bbox 100 1736 221 1774; x_wconf 87' lang='lat' dir='ltr'>risum</span> <span class='ocrx_word' id='word_1_199' title='bbox 243 1749 383 1784; x_wconf 85' lang='lat' dir='ltr'>sermo,</span> <span class='ocrx_word' id='word_1_200' title='bbox 414 1739 462 1775; x_wconf 89' lang='lat' dir='ltr'>ab</span> <span class='ocrx_word' id='word_1_201' title='bbox 494 1740 669 1778; x_wconf 87' lang='lat' dir='ltr'>oratione</span> <span class='ocrx_word' id='word_1_202' title='bbox 702 1750 821 1788; x_wconf 85' lang='lat' dir='ltr'>recta,</span> <span class='ocrx_word' id='word_1_203' title='bbox 852 1756 967 1794; x_wconf 89' lang='lat' dir='ltr'>quam</span> <span class='ocrx_word' id='word_1_204' title='bbox 1003 1747 1195 1790; x_wconf 76' lang='grc' dir='ltr'>πολιτικὴν</span> <span class='ocrx_word' id='word_1_205' title='bbox 1216 1746 1389 1794; x_wconf 79' lang='lat' dir='ltr'>magistri</span> <span class='ocrx_word' id='word_1_206' title='bbox 1409 1753 1567 1791; x_wconf 84' lang='lat' dir='ltr'>vocant,</span> 
     </span>
     <span class='ocr_line' id='line_1_24' title="bbox 102 1801 1567 1861; baseline 0.006 -24"><span class='ocrx_word' id='word_1_207' title='bbox 102 1813 218 1851; x_wconf 88' lang='lat' dir='ltr'>quam</span> <span class='ocrx_word' id='word_1_208' title='bbox 239 1801 468 1852; x_wconf 86' lang='lat' dir='ltr'>longissime</span> <span class='ocrx_word' id='word_1_209' title='bbox 489 1803 605 1841; x_wconf 90' lang='lat' dir='ltr'>abeat</span> <span class='ocrx_word' id='word_1_210' title='bbox 624 1818 787 1844; x_wconf 86' lang='lat' dir='ltr'>necesse</span> <span class='ocrx_word' id='word_1_211' title='bbox 810 1812 885 1852; x_wconf 86' lang='lat' dir='ltr'>est,</span> <span class='ocrx_word' id='word_1_212' title='bbox 900 1807 1011 1858; x_wconf 81' lang='lat' dir='ltr'>cujus</span> <span class='ocrx_word' id='word_1_213' title='bbox 1032 1808 1198 1859; x_wconf 85' lang='lat' dir='ltr'>propriae</span> <span class='ocrx_word' id='word_1_214' title='bbox 1214 1810 1390 1855; x_wconf 86' lang='lat' dir='ltr'>virtutes,</span> <span class='ocrx_word' id='word_1_215' title='bbox 1407 1811 1427 1854; x_wconf 82' lang='grc' dir='ltr'>ἡ</span> <span class='ocrx_word' id='word_1_216' title='bbox 1449 1812 1567 1861; x_wconf 71' lang='grc' dir='ltr'>σαφῆ-</span> 
     </span>
     <span class='ocr_line' id='line_1_25' title="bbox 100 1867 1566 1924; baseline 0.007 -23"><span class='ocrx_word' id='word_1_217' title='bbox 100 1879 198 1910; x_wconf 82' lang='grc' dir='ltr'>νεια,</span> <span class='ocrx_word' id='word_1_218' title='bbox 217 1867 238 1910; x_wconf 81' lang='grc' dir='ltr'><strong><em>ἡ</em></strong></span> <span class='ocrx_word' id='word_1_219' title='bbox 259 1867 450 1912; x_wconf 80' lang='grc' dir='ltr'>ἐπιείκεια,</span> <span class='ocrx_word' id='word_1_220' title='bbox 473 1869 494 1912; x_wconf 82' lang='grc' dir='ltr'>ἦ</span> <span class='ocrx_word' id='word_1_221' title='bbox 514 1870 687 1919; x_wconf 78' lang='grc' dir='ltr'>ἀφέλεια,</span> <span class='ocrx_word' id='word_1_222' title='bbox 720 1872 742 1915; x_wconf 85' lang='grc' dir='ltr'>ἡ</span> <span class='ocrx_word' id='word_1_223' title='bbox 773 1873 946 1917; x_wconf 83' lang='grc' dir='ltr'>ἀλήθεια,</span> <span class='ocrx_word' id='word_1_224' title='bbox 982 1872 1254 1924; x_wconf 84' lang='lat' dir='ltr'>perspicuitas,</span> <span class='ocrx_word' id='word_1_225' title='bbox 1275 1872 1454 1922; x_wconf 80' lang='lat' dir='ltr'>aequitas,</span> <span class='ocrx_word' id='word_1_226' title='bbox 1476 1874 1566 1910; x_wconf 87' lang='lat' dir='ltr'>sim-</span> 
     </span>
     <span class='ocr_line' id='line_1_26' title="bbox 100 1928 1566 1986; baseline 0.005 -20"><span class='ocrx_word' id='word_1_227' title='bbox 100 1928 270 1980; x_wconf 86' lang='lat' dir='ltr'>plicitas,</span> <span class='ocrx_word' id='word_1_228' title='bbox 305 1930 464 1977; x_wconf 84' lang='lat' dir='ltr'>veritas,</span> <span class='ocrx_word' id='word_1_229' title='bbox 498 1939 708 1982; x_wconf 90' lang='lat' dir='ltr'>ponuntur.</span> <span class='ocrx_word' id='word_1_230' title='bbox 773 1933 862 1977; x_wconf 78' lang='lat' dir='ltr'>Qua</span> <span class='ocrx_word' id='word_1_231' title='bbox 897 1935 935 1972; x_wconf 90' lang='lat' dir='ltr'>in</span> <span class='ocrx_word' id='word_1_232' title='bbox 971 1943 1079 1986; x_wconf 81' lang='lat' dir='ltr'>parte</span> <span class='ocrx_word' id='word_1_233' title='bbox 1117 1948 1233 1986; x_wconf 86' lang='lat' dir='ltr'>supra</span> <span class='ocrx_word' id='word_1_234' title='bbox 1267 1935 1566 1975; x_wconf 87' lang='lat' dir='ltr'>admirationem</span> 
     </span>
     <span class='ocr_line' id='line_1_27' title="bbox 99 1994 1566 2047; baseline 0.005 -17"><span class='ocrx_word' id='word_1_235' title='bbox 99 1994 271 2031; x_wconf 84' lang='lat' dir='ltr'>omnium</span> <span class='ocrx_word' id='word_1_236' title='bbox 304 1994 522 2033; x_wconf 89' lang='lat' dir='ltr'>Menander</span> <span class='ocrx_word' id='word_1_237' title='bbox 555 1996 660 2047; x_wconf 87' lang='lat' dir='ltr'>apud</span> <span class='ocrx_word' id='word_1_238' title='bbox 695 1997 871 2044; x_wconf 80' lang='lat' dir='ltr'>Graecos,</span> <span class='ocrx_word' id='word_1_239' title='bbox 905 1999 1108 2037; x_wconf 84' lang='lat' dir='ltr'>Terentius</span> <span class='ocrx_word' id='word_1_240' title='bbox 1144 1999 1331 2037; x_wconf 86' lang='lat' dir='ltr'>Romanis</span> <span class='ocrx_word' id='word_1_241' title='bbox 1364 2000 1478 2038; x_wconf 82' lang='lat' dir='ltr'>fuerit</span> <span class='ocrx_word' id='word_1_242' title='bbox 1499 2014 1566 2038; x_wconf 91' lang='lat' dir='ltr'>ne-</span> 
     </span>
     <span class='ocr_line' id='line_1_28' title="bbox 101 2059 1565 2115; baseline 0.005 -21"><span class='ocrx_word' id='word_1_243' title='bbox 101 2070 212 2095; x_wconf 85' lang='lat' dir='ltr'>cesse</span> <span class='ocrx_word' id='word_1_244' title='bbox 245 2064 330 2095; x_wconf 88' lang='lat' dir='ltr'>est:</span> <span class='ocrx_word' id='word_1_245' title='bbox 362 2059 428 2109; x_wconf 91' lang='lat' dir='ltr'>qui</span> <span class='ocrx_word' id='word_1_246' title='bbox 461 2065 504 2097; x_wconf 90' lang='lat' dir='ltr'>ut</span> <span class='ocrx_word' id='word_1_247' title='bbox 539 2061 628 2099; x_wconf 87' lang='lat' dir='ltr'>viris</span> <span class='ocrx_word' id='word_1_248' title='bbox 661 2062 903 2114; x_wconf 85' lang='lat' dir='ltr'>sapientibus</span> <span class='ocrx_word' id='word_1_249' title='bbox 925 2077 969 2101; x_wconf 89' lang='lat' dir='ltr'>ac</span> <span class='ocrx_word' id='word_1_250' title='bbox 991 2064 1152 2101; x_wconf 79' lang='lat' dir='ltr'>eruditis</span> <span class='ocrx_word' id='word_1_251' title='bbox 1174 2064 1413 2114; x_wconf 86' lang='lat' dir='ltr'>voluptatem</span> <span class='ocrx_word' id='word_1_252' title='bbox 1436 2066 1565 2115; x_wconf 85' lang='lat' dir='ltr'>potius</span> 
     </span>
     <span class='ocr_line' id='line_1_29' title="bbox 103 2120 1567 2179; baseline 0.006 -21"><span class='ocrx_word' id='word_1_253' title='bbox 103 2120 296 2168; x_wconf 85' lang='lat' dir='ltr'>afferrent,</span> <span class='ocrx_word' id='word_1_254' title='bbox 317 2135 433 2173; x_wconf 90' lang='lat' dir='ltr'>quam</span> <span class='ocrx_word' id='word_1_255' title='bbox 455 2136 701 2176; x_wconf 90' lang='lat' dir='ltr'>quacumque</span> <span class='ocrx_word' id='word_1_256' title='bbox 721 2126 871 2164; x_wconf 89' lang='lat' dir='ltr'>ratione</span> <span class='ocrx_word' id='word_1_257' title='bbox 892 2127 1012 2164; x_wconf 87' lang='lat' dir='ltr'>risum</span> <span class='ocrx_word' id='word_1_258' title='bbox 1032 2135 1320 2177; x_wconf 81' lang='lat' dir='ltr'>extorquerent,</span> <span class='ocrx_word' id='word_1_259' title='bbox 1342 2127 1487 2178; x_wconf 90' lang='lat' dir='ltr'>duplici</span> <span class='ocrx_word' id='word_1_260' title='bbox 1503 2129 1567 2179; x_wconf 86' lang='lat' dir='ltr'>ju-</span> 
     </span>
     <span class='ocr_line' id='line_1_30' title="bbox 103 2185 1568 2245; baseline 0.005 -23"><span class='ocrx_word' id='word_1_261' title='bbox 103 2185 303 2224; x_wconf 89' lang='lat' dir='ltr'>cunditate</span> <span class='ocrx_word' id='word_1_262' title='bbox 322 2186 531 2225; x_wconf 86' lang='lat' dir='ltr'>utilitatem</span> <span class='ocrx_word' id='word_1_263' title='bbox 551 2188 782 2239; x_wconf 83' lang='lat' dir='ltr'>(imitatione</span> <span class='ocrx_word' id='word_1_264' title='bbox 804 2189 892 2228; x_wconf 85' lang='lat' dir='ltr'>vitae</span> <span class='ocrx_word' id='word_1_265' title='bbox 910 2190 1059 2245; x_wconf 66' lang='lat' dir='ltr'>scilicet</span> <span class='ocrx_word' id='word_1_266' title='bbox 1072 2191 1269 2236; x_wconf 84' lang='lat' dir='ltr'>humanae,</span> <span class='ocrx_word' id='word_1_267' title='bbox 1291 2198 1330 2229; x_wconf 89' lang='lat' dir='ltr'>et</span> <span class='ocrx_word' id='word_1_268' title='bbox 1350 2191 1568 2230; x_wconf 89' lang='lat' dir='ltr'>inimitabili</span> 
     </span>
     <span class='ocr_line' id='line_1_31' title="bbox 102 2249 1568 2306; baseline 0.006 -20"><span class='ocrx_word' id='word_1_269' title='bbox 102 2249 251 2300; x_wconf 87' lang='lat' dir='ltr'>lepore)</span> <span class='ocrx_word' id='word_1_270' title='bbox 283 2250 530 2290; x_wconf 86' lang='lat' dir='ltr'>condierunt.</span> <span class='ocrx_word' id='word_1_271' title='bbox 587 2252 699 2291; x_wconf 91' lang='lat' dir='ltr'>Metu</span> <span class='ocrx_word' id='word_1_272' title='bbox 732 2254 833 2291; x_wconf 89' lang='lat' dir='ltr'>enim</span> <span class='ocrx_word' id='word_1_273' title='bbox 868 2255 1139 2293; x_wconf 75' lang='lat' dir='ltr'>Macedonicae</span> <span class='ocrx_word' id='word_1_274' title='bbox 1172 2256 1375 2306; x_wconf 75' lang='lat' dir='ltr'>potentiae,</span> <span class='ocrx_word' id='word_1_275' title='bbox 1409 2255 1568 2295; x_wconf 84' lang='lat' dir='ltr'>licentia.</span> 
     </span>
     <span class='ocr_line' id='line_1_32' title="bbox 103 2314 1567 2371; baseline 0.005 -21"><span class='ocrx_word' id='word_1_276' title='bbox 103 2314 302 2364; x_wconf 76' lang='lat' dir='ltr'>Antiquae,</span> <span class='ocrx_word' id='word_1_277' title='bbox 331 2321 374 2352; x_wconf 93' lang='lat' dir='ltr'>ut</span> <span class='ocrx_word' id='word_1_278' title='bbox 405 2316 614 2354; x_wconf 87' lang='lat' dir='ltr'>observant</span> <span class='ocrx_word' id='word_1_279' title='bbox 645 2317 792 2364; x_wconf 87' lang='lat' dir='ltr'>Critici‚</span> <span class='ocrx_word' id='word_1_280' title='bbox 828 2318 985 2357; x_wconf 87' lang='lat' dir='ltr'>defecit.</span> <span class='ocrx_word' id='word_1_281' title='bbox 1043 2319 1166 2370; x_wconf 89' lang='lat' dir='ltr'>Cujus</span> <span class='ocrx_word' id='word_1_282' title='bbox 1199 2320 1327 2357; x_wconf 89' lang='lat' dir='ltr'>locum</span> <span class='ocrx_word' id='word_1_283' title='bbox 1359 2321 1567 2371; x_wconf 83' lang='lat' dir='ltr'>occupavit</span> 
     </span>
     <span class='ocr_line' id='line_1_33' title="bbox 103 2377 1567 2434; baseline 0.005 -19"><span class='ocrx_word' id='word_1_284' title='bbox 103 2377 230 2416; x_wconf 91' lang='lat' dir='ltr'>Nova.</span> <span class='ocrx_word' id='word_1_285' title='bbox 287 2378 408 2430; x_wconf 88' lang='lat' dir='ltr'>Cujus</span> <span class='ocrx_word' id='word_1_286' title='bbox 429 2386 469 2418; x_wconf 91' lang='lat' dir='ltr'>et</span> <span class='ocrx_word' id='word_1_287' title='bbox 488 2380 653 2418; x_wconf 88' lang='lat' dir='ltr'>formam</span> <span class='ocrx_word' id='word_1_288' title='bbox 673 2381 847 2420; x_wconf 88' lang='lat' dir='ltr'>nondum</span> <span class='ocrx_word' id='word_1_289' title='bbox 875 2383 1030 2434; x_wconf 85' lang='lat' dir='ltr'>penitus</span> <span class='ocrx_word' id='word_1_290' title='bbox 1052 2383 1198 2421; x_wconf 87' lang='lat' dir='ltr'>vidisse</span> <span class='ocrx_word' id='word_1_291' title='bbox 1231 2382 1464 2431; x_wconf 86' lang='lat' dir='ltr'>absolutam,</span> <span class='ocrx_word' id='word_1_292' title='bbox 1497 2386 1567 2423; x_wconf 77' lang='lat' dir='ltr'>sed</span> 
     </span>
     <span class='ocr_line' id='line_1_34' title="bbox 99 2440 1566 2500; baseline 0.005 -21"><span class='ocrx_word' id='word_1_293' title='bbox 99 2440 179 2492; x_wconf 85' lang='lat' dir='ltr'>jam</span> <span class='ocrx_word' id='word_1_294' title='bbox 199 2443 426 2495; x_wconf 89' lang='lat' dir='ltr'>concepisse</span> <span class='ocrx_word' id='word_1_295' title='bbox 448 2444 591 2491; x_wconf 86' lang='lat' dir='ltr'>animo,</span> <span class='ocrx_word' id='word_1_296' title='bbox 612 2451 770 2496; x_wconf 84' lang='lat' dir='ltr'>putatur</span> <span class='ocrx_word' id='word_1_297' title='bbox 787 2447 1032 2486; x_wconf 89' lang='lat' dir='ltr'>Aristoteles.</span> <span class='ocrx_word' id='word_1_298' title='bbox 1074 2447 1168 2498; x_wconf 88' lang='lat' dir='ltr'>Ejus</span> <span class='ocrx_word' id='word_1_299' title='bbox 1188 2459 1279 2485; x_wconf 85' lang='lat' dir='ltr'>vero</span> <span class='ocrx_word' id='word_1_300' title='bbox 1298 2447 1456 2485; x_wconf 88' lang='lat' dir='ltr'>unicum</span> <span class='ocrx_word' id='word_1_301' title='bbox 1476 2462 1566 2500; x_wconf 80' lang='lat' dir='ltr'>pro-</span> 
     </span>
     <span class='ocr_line' id='line_1_35' title="bbox 102 2504 1565 2560; baseline 0.005 -18"><span class='ocrx_word' id='word_1_302' title='bbox 102 2504 288 2554; x_wconf 90' lang='lat' dir='ltr'>positum,</span> <span class='ocrx_word' id='word_1_303' title='bbox 313 2506 506 2545; x_wconf 86' lang='lat' dir='ltr'>humanos</span> <span class='ocrx_word' id='word_1_304' title='bbox 526 2520 644 2546; x_wconf 86' lang='lat' dir='ltr'>nosse</span> <span class='ocrx_word' id='word_1_305' title='bbox 665 2516 782 2560; x_wconf 89' lang='lat' dir='ltr'>atque</span> <span class='ocrx_word' id='word_1_306' title='bbox 803 2509 942 2549; x_wconf 86' lang='lat' dir='ltr'>imitari</span> <span class='ocrx_word' id='word_1_307' title='bbox 962 2523 1103 2549; x_wconf 90' lang='lat' dir='ltr'>mores.</span> <span class='ocrx_word' id='word_1_308' title='bbox 1160 2511 1248 2554; x_wconf 86' lang='lat' dir='ltr'>Quo</span> <span class='ocrx_word' id='word_1_309' title='bbox 1270 2518 1309 2549; x_wconf 87' lang='lat' dir='ltr'>et</span> <span class='ocrx_word' id='word_1_310' title='bbox 1330 2511 1381 2549; x_wconf 90' lang='lat' dir='ltr'>D.</span> <span class='ocrx_word' id='word_1_311' title='bbox 1404 2512 1565 2550; x_wconf 86' lang='lat' dir='ltr'>Hieron.</span> 
     </span>
     <span class='ocr_line' id='line_1_36' title="bbox 105 2568 1563 2627; baseline 0.006 -23"><span class='ocrx_word' id='word_1_312' title='bbox 105 2568 283 2618; x_wconf 85' lang='lat' dir='ltr'>Epistola</span> <span class='ocrx_word' id='word_1_313' title='bbox 303 2568 354 2606; x_wconf 88' lang='lat' dir='ltr'>ad</span> <span class='ocrx_word' id='word_1_314' title='bbox 386 2570 556 2617; x_wconf 84' lang='lat' dir='ltr'>Furiam,</span> <span class='ocrx_word' id='word_1_315' title='bbox 578 2570 627 2610; x_wconf 87' lang='lat' dir='ltr'>de</span> <span class='ocrx_word' id='word_1_316' title='bbox 648 2572 850 2611; x_wconf 85' lang='lat' dir='ltr'>Viduitate</span> <span class='ocrx_word' id='word_1_317' title='bbox 873 2575 1087 2621; x_wconf 84' lang='lat' dir='ltr'>Servanda,</span> <span class='ocrx_word' id='word_1_318' title='bbox 1109 2575 1282 2626; x_wconf 83' lang='lat' dir='ltr'>respicit,</span> <span class='ocrx_word' id='word_1_319' title='bbox 1301 2588 1390 2613; x_wconf 90' lang='lat' dir='ltr'>cum</span> <span class='ocrx_word' id='word_1_320' title='bbox 1411 2575 1537 2627; x_wconf 88' lang='lat' dir='ltr'>inquit</span> <span class='ocrx_word' id='word_1_321' title='bbox 1555 2590 1563 2613; x_wconf 81' lang='lat'>2</span> 
     </span>
     <span class='ocr_line' id='line_1_37' title="bbox 105 2632 1565 2690; baseline 0.005 -21"><span class='ocrx_word' id='word_1_322' title='bbox 105 2636 115 2652; x_wconf 79' lang='lat'><em>⁴</em></span> <span class='ocrx_word' id='word_1_323' title='bbox 132 2632 217 2670; x_wconf 88' lang='lat' dir='ltr'>Nec</span> <span class='ocrx_word' id='word_1_324' title='bbox 234 2632 386 2680; x_wconf 89' lang='lat' dir='ltr'>mirum,</span> <span class='ocrx_word' id='word_1_325' title='bbox 407 2634 483 2673; x_wconf 91' lang='lat' dir='ltr'>hoc</span> <span class='ocrx_word' id='word_1_326' title='bbox 501 2634 663 2686; x_wconf 80' lang='lat' dir='ltr'>figulum</span> <span class='ocrx_word' id='word_1_327' title='bbox 683 2638 854 2676; x_wconf 89' lang='lat' dir='ltr'>sensisse</span> <span class='ocrx_word' id='word_1_328' title='bbox 870 2638 919 2677; x_wconf 88' lang='lat' dir='ltr'>de</span> <span class='ocrx_word' id='word_1_329' title='bbox 937 2639 1108 2686; x_wconf 86' lang='lat' dir='ltr'>vasculo,</span> <span class='ocrx_word' id='word_1_330' title='bbox 1125 2639 1231 2690; x_wconf 89' lang='lat' dir='ltr'>quod</span> <span class='ocrx_word' id='word_1_331' title='bbox 1251 2638 1334 2690; x_wconf 88' lang='lat' dir='ltr'>ipse</span> <span class='ocrx_word' id='word_1_332' title='bbox 1352 2640 1565 2677; x_wconf 86' lang='lat' dir='ltr'>fabricatus</span> 
     </span>
     <span class='ocr_line' id='line_1_38' title="bbox 105 2697 1562 2753; baseline 0.005 -20"><span class='ocrx_word' id='word_1_333' title='bbox 105 2701 178 2742; x_wconf 87' lang='lat' dir='ltr'>est,</span> <span class='ocrx_word' id='word_1_334' title='bbox 213 2709 300 2734; x_wconf 89' lang='lat' dir='ltr'>cum</span> <span class='ocrx_word' id='word_1_335' title='bbox 322 2697 438 2736; x_wconf 88' lang='lat' dir='ltr'>etiam</span> <span class='ocrx_word' id='word_1_336' title='bbox 459 2698 657 2746; x_wconf 88' lang='lat' dir='ltr'>Comicus,</span> <span class='ocrx_word' id='word_1_337' title='bbox 689 2702 800 2753; x_wconf 88' lang='lat' dir='ltr'>cujus</span> <span class='ocrx_word' id='word_1_338' title='bbox 820 2703 908 2741; x_wconf 90' lang='lat' dir='ltr'>finis</span> <span class='ocrx_word' id='word_1_339' title='bbox 927 2710 987 2742; x_wconf 87' lang='lat' dir='ltr'>est</span> <span class='ocrx_word' id='word_1_340' title='bbox 1004 2704 1197 2742; x_wconf 91' lang='lat' dir='ltr'>humanos</span> <span class='ocrx_word' id='word_1_341' title='bbox 1218 2716 1345 2741; x_wconf 90' lang='lat' dir='ltr'>mores</span> <span class='ocrx_word' id='word_1_342' title='bbox 1367 2716 1483 2741; x_wconf 89' lang='lat' dir='ltr'>nosse</span> <span class='ocrx_word' id='word_1_343' title='bbox 1505 2710 1562 2741; x_wconf 90' lang='lat' dir='ltr'>at-</span> 
     </span>
     <span class='ocr_line' id='line_1_39' title="bbox 105 2759 1565 2812; baseline 0.006 -15"><span class='ocrx_word' id='word_1_344' title='bbox 105 2772 180 2812; x_wconf 89' lang='lat' dir='ltr'>que</span> <span class='ocrx_word' id='word_1_345' title='bbox 198 2759 429 2809; x_wconf 84' lang='lat' dir='ltr'>describere,</span> <span class='ocrx_word' id='word_1_346' title='bbox 450 2761 616 2803; x_wconf 85' lang='lat' dir='ltr'>dixerit:</span> <span class='ocrx_word' id='word_1_347' title='bbox 647 2766 758 2805; x_wconf 66' lang='lat' dir='ltr'>Smin</span> <span class='ocrx_word' id='word_1_348' title='bbox 788 2767 971 2808; x_wconf 80' lang='lat' dir='ltr'>CERERE</span> <span class='ocrx_word' id='word_1_349' title='bbox 1005 2781 1056 2807; x_wconf 74' lang='grc' dir='ltr'>ΕΤ</span> <span class='ocrx_word' id='word_1_350' title='bbox 1088 2767 1255 2806; x_wconf 83' lang='lat' dir='ltr'>LIBERO</span> <span class='ocrx_word' id='word_1_351' title='bbox 1289 2780 1453 2806; x_wconf 75' lang='lat' dir='ltr'>FRIGET</span> <span class='ocrx_word' id='word_1_352' title='bbox 1482 2766 1565 2803; x_wconf 79' lang='lat' dir='ltr'>VE-</span> 
     </span>
    </p>
   </div>
  </div>
 </body>
</html>
