1903 3306
263 226 349 268 „⁶294
757 236 795 265 P.
828 234 1071 266 TERENTH
1106 235 1222 265 Aeni

263 331 364 372 Nec
386 329 490 384 quid
510 341 635 387 agam
657 330 914 371 certum'st:
948 329 1283 383 Pamphilumne
1305 328 1518 382 adjutem‚
1542 342 1599 371 an
1619 342 1719 372 aus·
1772 320 1774 322 V

439 397 597 438 cultem
621 397 716 438 seni
736 411 745 438 ;

269 463 319 505 Si
358 463 485 505 illum
514 464 728 518 relinquo,
760 464 859 518 ejus
890 463 996 504 vitae
1026 463 1182 504 timeo:
1227 461 1296 503 sin
1337 462 1547 519 opitulor,
1589 463 1720 518 hujus

380 577 395 588 f
439 531 611 580 minas;
640 576 643 580 ,
1695 531 1723 570 5

271 596 514 650 Cuiverba
547 597 649 655 dare
681 596 855 653 difficile
881 601 963 637 est.
1023 595 1219 637 Primum
1247 596 1343 650 jam
1369 596 1423 637 de
1457 609 1604 638 amore
1637 597 1722 638 hoc

433 661 669 717 fenipeiit.

276 730 354 771 Me
375 731 573 771 infensus
595 735 754 780 servat,
778 743 829 770 ne
850 743 980 783 quam
1001 729 1163 770 faciam
1182 731 1229 770 in
1248 730 1412 783 nuptiis
1432 729 1656 772 fallaciam
1676 745 1686 772 :

276 798 326 838 Si
348 798 549 848 senserit,
570 797 679 851 perii
698 812 707 839 ε
740 801 831 846 aut,
854 798 894 838 si
914 797 1100 837 lubitum
1120 789 1266 846 fuerit,
1287 809 1469 838 causam
1489 798 1678 850 ceperit:

279 863 382 914 Quo
419 865 533 919 jure,
578 877 753 918 quaque
794 865 951 917 injuria
992 865 1265 918 praecipitem
1308 878 1378 905 me
1415 864 1458 906 in
1495 864 1728 918 pistrinum

455 931 588 972 dabit.
1128 926 1130 929 ’
1175 922 1188 926 ”

280 1053 519 1094 Pamphilumne
532 1053 668 1092 adjutem
683 1063 774 1093 opera
790 1062 867 1091 mea,
882 1061 921 1083 an
939 1052 1017 1090 seni,
1033 1051 1096 1090 ejus
1110 1052 1208 1091 putri,
1224 1052 1382 1092 obsequar.
1424 1051 1462 1083 Si
1479 1052 1566 1082 illum,
1583 1052 1733 1092 relinquo,

281 1096 374 1127 timeo
389 1107 426 1127 ne
440 1098 473 1127 in
492 1097 567 1127 vitoe
580 1097 752 1136 periculum
767 1097 904 1126 incidat:
926 1095 972 1125 sin
990 1104 1074 1133 opem
1083 1095 1167 1133 fera,
1182 1095 1273 1125 timeo
1290 1105 1336 1133 ea,
1358 1104 1426 1134 quae
1441 1095 1578 1125 minatus
1594 1098 1639 1125 est
1655 1094 1732 1125 milti

282 1138 374 1169 herus
397 1139 494 1177 Simo,
509 1149 596 1179 quem
602 1139 717 1177 fallere
729 1138 851 1180 difficile
867 1141 922 1168 est.
968 1137 1112 1167 Primum
1128 1137 1197 1175 juin
1215 1137 1363 1177 comperit
1388 1147 1492 1168 amare
1509 1137 1732 1177 Pamphilum:

282 1181 383 1211 iratus
395 1191 441 1212 me
455 1182 608 1220 observat,
622 1191 660 1212 ne
670 1191 759 1221 qnam
766 1179 1061 1218 facinmfullaez'mn
1075 1180 1115 1209 ad
1130 1180 1353 1219 impediendum
1370 1181 1506 1219 nuptias.
1552 1179 1590 1210 Si
1603 1178 1735 1209 senserit

284 1233 331 1254 me
344 1223 508 1265 idfecisse‚
521 1224 624 1265 perii;
646 1227 712 1261 aut,
723 1224 751 1254 si
766 1224 794 1254 εὶ
809 1222 946 1261 libuerit,
960 1231 1084 1252 causam
1098 1223 1210 1263 capiet,
1226 1232 1280 1253 cur
1296 1232 1354 1263 me,
1367 1222 1431 1253 sive
1438 1222 1524 1263 jure,
1538 1222 1604 1253 sive
1615 1221 1735 1261 injuria

893 1317 1130 1330 eeeeeeeeeeee

331 1383 350 1411 4
374 1381 551 1412 Adscultem
567 1381 628 1412 ΒΥ.
644 1379 701 1411 ubi
727 1382 825 1410 notat
854 1380 988 1410 Bruns:
1017 1378 1132 1410 ‘Edit.
1150 1378 1279 1409 auscult.
1318 1377 1442 1408 Literis
1465 1377 1506 1407 ad
1527 1375 1738 1417 superscrip-

290 1428 360 1455 tum
383 1424 439 1455 ob.-
461 1424 518 1454 sed
534 1423 698 1453 obst-altem
712 1427 764 1453 est
785 1421 926 1453 verbum
945 1421 1161 1452 nullum.'—7
1188 1422 1340 1451 observat
1357 1421 1415 1451 ΒΓ.
1456 1419 1466 1436 ‘
1483 1419 1570 1450 Sunt
1586 1428 1628 1449 ex
1652 1419 1738 1449 Mss.

290 1472 326 1497 et
337 1467 437 1497 editis
454 1466 551 1497 libris
566 1465 599 1495 in
613 1465 732 1506 quibus
748 1464 785 1495 τὸ
795 1464 828 1495 in
842 1474 909 1495 non
925 1463 1075 1503 legitur.’
1093 1465 1192 1495 lVest.
1217 1460 1468 1494 DelentGuelf.
1484 1465 1513 1492 l.
1530 1462 1590 1492 ΒΓ.
1605 1461 1645 1492 Z.
1659 1461 1738 1491 ‘Fa-

289 1510 368 1540 ciam
383 1509 509 1549 nuptiis.
542 1508 598 1539 Ita
611 1509 651 1539 R.
667 1507 735 1545 alii,
750 1508 783 1538 in
798 1506 939 1546 nuptiis!
957 1507 1054 1538 Lind.
1099 1508 1108 1523 ‘
1126 1506 1257 1545 Lectio,
1273 1506 1306 1536 in
1321 1505 1450 1544 nuptiis,
1466 1514 1541 1544 quae
1559 1504 1590 1534 in
1607 1504 1737 1534 duobus

291 1552 417 1582 nostriS
435 1551 534 1582 codd.
550 1555 585 1581 et
596 1550 800 1581 editionibus
818 1550 964 1590 antiquis
982 1549 1153 1589 plerisque
1171 1548 1355 1588 reperitur,
1370 1548 1499 1587 placet,
1516 1545 1604 1587 quod
1615 1555 1740 1576 conve-

291 1594 341 1625 nit
356 1595 429 1625 loco
446 1603 470 1625 1.
488 1597 519 1625 2.
534 1596 587 1625 25.
605 1597 640 1624 et
651 1593 739 1624 tollit
752 1592 920 1633 ingratum
931 1592 1230 1629 homoeoteleuton,
1243 1592 1251 1608 ‘
1262 1589 1409 1629 faciam,'
1421 1588 1629 1620 ‘fallacia¹n.'
1642 1589 1740 1619 Bent.

291 1639 355 1668 —8
378 1638 426 1668 Ut
442 1645 556 1667 sensus
567 1640 715 1674 constet,
729 1639 826 1666 notat
838 1635 940 1665 Bent.
957 1635 990 1664 in
1008 1634 1113 1665 verbo
1130 1634 1139 1651 ‘
1153 1633 1286 1674 ceperit
1299 1632 1306 1645 ’
1333 1642 1406 1663 esse
1423 1631 1521 1663 finem
1534 1631 1739 1662 anteceden-

293 1679 337 1709 tis
353 1678 609 1719 intelligendum
627 1690 634 1710 :
661 1678 764 1717 igitur
786 1679 796 1695 ⁴
815 1678 902 1717 perii
918 1677 925 1689 ’
949 1686 1023 1707 esse
1041 1686 1102 1716 pro
1127 1675 1378 1715 interjectione,
1400 1680 1435 1705 et
1452 1683 1513 1714 pro
1529 1677 1583 1704 aut
1598 1673 1625 1704 si
1641 1682 1741 1713 repo-

292 1722 395 1753 nend.
410 1725 466 1752 aut
479 1731 580 1762 quam.
627 1720 764 1761 Aliquid
791 1719 960 1759 impediti,
976 1719 1069 1750 aiunt
1087 1720 1125 1750 R.
1142 1720 1187 1749 D.
1217 1720 1249 1748 in
1275 1718 1342 1757 huj.
1359 1718 1380 1748 l.
1399 1717 1674 1748 constructione:
1699 1716 1741 1746 de

295 1775 362 1805 quo
379 1765 446 1795 vid.
462 1765 562 1794 Bent.
608 1763 644 1794 Si
670 1773 696 1794 s.
720 1763 828 1801 perii!
849 1766 915 1800 aut,
941 1762 969 1792 si
985 1763 1006 1792 l.
1025 1763 1056 1799 s.
1075 1772 1100 1791 c.
1117 1771 1145 1791 c.
1172 1761 1338 1791 Rom—9
1363 1760 1432 1794 Quo
1447 1760 1534 1798 jure,
1559 1768 1676 1798 quaque
1693 1758 1742 1788 in-

287 1807 389 1845 juria.
435 1807 592 1837 Tuentur
620 1806 706 1836 hanc
725 1806 804 1836 lect.
830 1804 950 1836 Leidd.
975 1804 1035 1834 sed
1061 1810 1097 1835 et
1118 1804 1172 1834 Tr.
1201 1812 1276 1833 cum
1302 1803 1352 1833 M.
1397 1802 1545 1832 Van-iant
1571 1801 1742 1832 editiones

297 1853 462 1888 vetustae3
488 1858 678 1890 quanquam
696 1848 868 1888 pleraeque
895 1857 969 1877 cum
998 1847 1080 1876 Mss.
1112 1846 1338 1876 consentiunt.
1385 1844 1475 1885 Guy.
1498 1843 1648 1883 legebat,
1673 1843 1743 1878 Qua

287 1892 373 1930 jure,
388 1901 503 1932 quaque
519 1891 648 1929 injuria.
693 1890 827 1929 Malim,
840 1889 868 1920 si
890 1888 969 1930 quid
987 1889 1237 1925 solicitandum,
1254 1889 1420 1926 integrum
1439 1888 1547 1917 locum
1566 1886 1613 1916 ita
1628 1886 1744 1925 legere

298 1940 333 1965 et
346 1934 578 1974 distinguere:
605 1933 673 1968 Quo
695 1934 781 1972 jure,
807 1942 904 1972 quave
927 1931 1070 1970 injuria5
1091 1931 1285 1971 proecipitem
1314 1939 1361 1960 me
1389 1930 1424 1959 in
1447 1929 1617 1969 pistrinum
1646 1927 1745 1959 dabit.

298 1977 366 2008 Sed
380 1982 412 2008 et
428 1977 624 2007 Priscianus
640 1975 701 2007 lib.
721 1984 829 2007 xvur.
851 1975 898 2005 ita
914 1974 1019 2005 citat:
1060 1974 1128 2009 Quo
1150 1973 1237 2011 jure,
1251 1982 1345 2012 quave
1361 1971 1490 2010 injuria.
1533 1972 1694 2002 Erasmus
1710 1976 1747 2001 et

299 2019 389 2060 Guy.
419 2020 559 2050 mallent
588 2019 708 2049 abesse
733 2027 799 2050 me:
822 2027 889 2048 non
918 2016 1179 2054 intercederem,
1204 2015 1231 2045 si
1263 2024 1323 2055 per
1349 2013 1456 2045 Codd.
1481 2013 1614 2049 liceret.
1643 2013 1744 2044 IVest.

299 2062 387 2094 Gov.
402 2062 514 2092 omisit
531 2072 587 2092 me.
611 2060 664 2091 Id.
681 2060 714 2090 in
729 2059 820 2091 Add.
834 2059 906 2090 Etsi
918 2068 1034 2089 omnes
1048 2057 1148 2089 codd.
1175 2062 1210 2088 et
1227 2057 1303 2088 libri
1319 2056 1534 2087 consentiunt
1551 2056 1585 2086 in
1597 2054 1746 2086 lectione

300 2105 442 2144 vulgari,
466 2114 582 2135 sensus
599 2107 712 2134 tamen
730 2103 892 2143 postulat,
904 2106 942 2132 ut
964 2101 1032 2136 Quo
1048 2105 1158 2131 mutes
1175 2100 1209 2130 in
1229 2100 1312 2138 Qua,
1328 2103 1363 2129 et
1375 2107 1492 2139 quaque
1507 2099 1539 2128 in
1561 2108 1621 2138 qua
1636 2107 1696 2136 me,
1710 2102 1747 2129 et

300 2147 416 2178 deleas
431 2157 478 2178 me
494 2150 571 2186 post
585 2144 823 2185 praecipitem!
841 2145 938 2175 Bent.
964 2143 1112 2174 Omnino
1122 2152 1196 2173 cum
1209 2143 1311 2173 Bent.
1329 2145 1364 2172 et
1381 2141 1455 2172 aliis
1470 2140 1650 2181 legendum
1675 2140 1746 2175 Qua

292 2189 380 2227 jure,
393 2199 452 2229 qua
466 2189 593 2228 injuria.
611 2188 651 2219 R.
664 2188 707 2218 D.
727 2188 909 2226 Qua...qua.·
922 2186 1068 2217 docente
1082 2186 1185 2216 Bent.
1201 2185 1312 2224 Vulgo
1327 2185 1472 2224 Quojure
1489 2192 1604 2224 quaque
1618 2181 1745 2221 injuria.

300 2233 426 2262 Saltem
446 2231 619 2262 dedissent
644 2230 714 2264 Qua
732 2230 818 2268 jure.
836 2229 936 2260 Both.
980 2228 1124 2259 Plurimi
1142 2227 1242 2259 codd.
1258 2226 1387 2258 liabent
1404 2230 1442 2256 ut
1457 2225 1561 2257 edidi.
1579 2225 1665 2256 Perl.
1691 2225 1749 2266 qui

301 2275 418 2305 eadem
434 2274 530 2306 dedit
546 2283 621 2305 cum
638 2273 747 2304 West.
795 2272 956 2312 Quojure,
980 2281 1039 2312 qua
1053 2271 1108 2310 inj.
1130 2281 1160 2311 p.
1176 2279 1222 2302 me
1236 2270 1268 2301 z‘n
1279 2269 1390 2310 pristr.
1414 2270 1445 2301 d.
1461 2268 1521 2301 ΒΓ.
1568 2266 1673 2306 QuaJ'.
1690 2277 1749 2309 qua

948 2360 1095 2393 NOTAE

304 2438 339 2459 re
366 2427 543 2459 maritima.
582 2427 795 2467 Argumento
822 2429 876 2457 est
902 2426 998 2457 locus
1054 2433 1188 2466 aeqnum
1215 2433 1359 2462 cense03
1382 2426 1420 2454 ut
1447 2422 1585 2461 toleret,
1609 2430 1652 2452 ne
1678 2430 1752 2462 pes-

303 2478 418 2508 Plauti
435 2478 467 2508 in
486 2477 571 2509 Cist.
588 2476 667 2508 Act.
681 2486 722 2507 11.
737 2477 793 2507 Sc.
807 2479 838 2508 1.
868 2476 877 2493 ‘
893 2476 999 2507 Mari·
1053 2485 1124 2507 sum
1141 2474 1266 2507 abeat!
1308 2475 1348 2506 Iu
1373 2473 1531 2505 Rudente
1548 2473 1619 2504 sine
1634 2471 1753 2513 figura,

305 2529 396 2560 timis
412 2528 562 2559 moribus
583 2537 714 2558 mecum
731 2527 927 2567 experitur:
951 2526 1001 2557 ita
1056 2526 1136 2558 Act.
1152 2535 1191 2557 11.
1206 2526 1261 2557 Sc.
1283 2527 1314 2556 3.
1340 2533 1427 2556 vers·
1444 2526 1497 2554 6-1.
1537 2523 1546 2540 ‘
1562 2523 1663 2554 Nunc
1678 2532 1753 2553 eam

304 2588 416 2610 meum
455 2577 581 2617 frangit
618 2582 786 2608 amentem
820 2577 995 2608 Animum:
1055 2585 1131 2607 cum
1147 2575 1223 2606 navi
1237 2575 1369 2606 scilicet
1392 2573 1537 2604 abivisse
1560 2581 1694 2612 pessum
1719 2571 1753 2602 in

305 2629 368 2660 nisi
384 2628 463 2670 quia
479 2628 578 2658 miser
600 2637 665 2658 non
687 2636 728 2658 eo
753 2638 897 2668 pessum,
920 2628 1000 2658 mihi
1056 2625 1184 2658 altum!
1221 2625 1254 2657 J.
1274 2625 1355 2656 Gul.
1377 2623 1490 2654 Veris.
1513 2621 1573 2654 lib.
1596 2629 1647 2652 1v.
1672 2630 1703 2652 c.
1719 2624 1753 2652 4.

304 2680 397 2711 nulla
413 2679 510 2710 abest
524 2678 667 2709 Perdito
682 2678 873 2718 pernicies.’
902 2678 1000 2709 Idem
1055 2676 1287 2708 Glossarium:
1324 2675 1333 2692 ‘
1354 2671 1578 2704 pessumdat:
1614 2670 1754 2710 βυθίζει.’

305 2730 450 2761 Plautus
478 2729 512 2759 in
548 2727 663 2759 Aulul.
694 2727 773 2759 Act.
805 2736 852 2758 ιν.
879 2728 937 2759 Sc.
968 2731 998 2760 1.
1055 2723 1321 2764 (Καταποντίζωε
1346 2723 1520 2764 demergo,
1534 2721 1737 2762 pessumdoss

306 2781 315 2798 ‘
332 2780 473 2812 Servum
503 2782 612 2809 ratem
644 2786 720 2809 csse
755 2777 881 2809 amanti
917 2778 999 2809 hero
1097 2780 1118 2809 9
1143 2778 1210 2813 Quo
1224 2777 1308 2817 Jure,
1329 2783 1443 2816 quaque
1464 2771 1597 2815 injuria]
1620 2771 1660 2805 Id
1686 2776 1751 2813 est,
