1945 3296
467 237 531 267 DE
563 236 833 267 TRAGOEDIA
868 238 927 267 ET
958 237 1209 269 coMOEnlA.
1508 233 1565 272 49

111 332 341 371 fabularum.
398 330 521 382 Cujus
555 330 671 369 moris
691 330 952 369 diversitatem
984 331 1196 382 antiquitas
1232 331 1382 381 probat.
1445 332 1558 380 Nam,

111 410 200 435 cum
234 396 398 447 primum
431 394 550 445 aliqui
581 393 734 432 fabulas
767 393 940 438 ederent,
965 394 1135 445 ipsarum
1156 394 1314 431 nomina
1333 398 1559 445 pronuntia-

110 461 251 498 bantur
270 465 374 505 ante,
393 470 511 509 quam
529 458 657 509 poetae
676 457 1032 509 pronuntiarentur,
1051 471 1099 495 ne
1112 457 1243 508 aliqua
1261 457 1405 495 invidia.
1426 471 1449 495 a
1469 462 1562 498 scri-

110 524 239 562 bendo
265 522 446 561 deterreri
475 528 650 573 possent.
724 522 824 559 Cum
858 528 987 559 autem
1019 535 1087 572 per
1113 521 1322 559 editionem
1354 522 1561 562 multarum.

109 588 236 638 poetae
249 587 332 638 jam
352 592 457 624 esset
474 586 681 624 auctoritas
702 585 908 636 acquisita,
938 599 1072 624 rursus
1102 585 1232 636 priora
1260 586 1464 635 poetarum
1493 600 1563 625 no-

109 652 215 689 mina
228 651 541 702 proferebantur:
584 654 629 688 ut
646 662 715 700 per
743 649 915 700 ipsorum
934 649 1127 688 vocabula
1145 647 1286 687 fabulis
1317 650 1480 688 attentio
1497 663 1561 690 ac=

109 714 339 766 quireretur.

163 778 284 817 Aetas
319 777 482 817 diversis
514 777 620 816 ludis
653 777 901 815 manifestum
933 784 994 816 est
1019 778 1189 819 inscribi.
1248 781 1349 820 Nam
1382 781 1560 821 ludorum

107 847 276 893 quatuor
293 847 384 878 sunt
403 840 566 891 specieS‚
587 854 685 891 quos
706 840 860 879 curules
882 840 1017 879 aediles
1038 854 1197 882 munere
1217 845 1374 895 publico
1400 853 1560 884 curant:

109 905 376 955 Megalenses,
409 905 562 955 magnis
598 905 683 943 Diis
721 905 952 951 consecrati,
991 918 1089 956 quos
1128 907 1257 946 Graeei
1297 909 1564 958 Μεγαλησίους

108 969 331 1020 appellant:
349 971 379 992 ¹⁷
421 969 635 1015 Funebres,
667 968 717 1006 ad
745 967 991 1006 retinendum
1028 970 1215 1020 populum
1249 972 1429 1020 instituti,
1468 972 1560 1011 dum

108 1045 252 1084 pompa
283 1033 409 1071 funeri
429 1031 588 1070 decreta
620 1033 658 1070 in
692 1032 880 1071 honorem
910 1032 1060 1084 patricii
1093 1034 1161 1071 viri
1194 1035 1307 1087 plene
1338 1036 1560 1075 instruitur:

110 1096 272 1143 Plebeii,
291 1096 357 1147 qui
376 1109 446 1147 pro
467 1095 592 1134 salute
613 1097 737 1148 plebis
767 1096 963 1135 eduntur:
994 1096 1255 1148 Apollinares,
1277 1101 1448 1150 Apollini
1467 1113 1561 1139 con-

108 1160 262 1199 secrati.
317 1161 362 1198 In
379 1174 500 1198 scena
519 1160 608 1198 duae
629 1174 706 1199 arae
735 1161 827 1212 poni
860 1161 1054 1207 solebant,
1087 1161 1226 1200 dextra
1247 1164 1386 1211 Liberi,
1408 1165 1563 1202 sinistra.

107 1224 192 1276 ejus
211 1224 300 1272 Dei,
318 1224 381 1262 cui
400 1224 483 1262 ludi
502 1225 671 1263 fiebant:
711 1225 818 1263 unde
837 1225 1042 1264 Terentius
1063 1226 1103 1264 in
1122 1226 1271 1266 Andria
1291 1228 1357 1275 ait,
1386 1232 1396 1250 ‘
1416 1228 1474 1266 Ex
1495 1241 1562 1267 ara

108 1288 182 1327 hac
202 1301 310 1328 sume
323 1286 541 1327 verbenas.’

162 1352 267 1391 Hinc
284 1352 466 1404 Ulyssem
485 1352 687 1404 palliatum
708 1365 860 1403 semper
879 1352 1095 1392 inducunt:
1126 1354 1205 1392 sive
1225 1355 1332 1405 quod
1348 1355 1561 1407 aliquando

106 1417 301 1455 insaniam
321 1417 536 1455 simulavit:
566 1429 643 1467 quo
664 1424 835 1467 ternpore
855 1422 1001 1454 tectum
1013 1430 1056 1454 se
1075 1430 1162 1455 esse
1183 1418 1317 1465 voluit,
1338 1432 1386 1457 ne
1406 1421 1561 1469 agnitus

108 1487 313 1532 cogeretur
344 1480 384 1518 in
402 1480 508 1519 bella
534 1481 710 1532 prodire;
755 1493 824 1519 seu
858 1482 907 1519 ob
940 1481 1178 1531 singularem
1211 1483 1455 1533 sapientiam,
1484 1498 1563 1535 qua

108 1551 235 1583 tectus
265 1545 516 1595 munitusque
541 1544 748 1596 plurimum
779 1544 892 1582 sociis
913 1544 1070 1594 profuit.
1128 1544 1256 1596 Hujus
1289 1546 1391 1583 enim
1410 1548 1563 1587 virtutis

108 1614 204 1655 erat,
225 1609 342 1647 animi
362 1621 514 1661 semper
529 1608 757 1660 decipientis
775 1608 989 1659 ingenium.
1020 1608 1210 1647 Nonnulli
1231 1609 1378 1647 Ithacae
1399 1610 1562 1657 incolas,

109 1673 210 1711 sicut
228 1673 384 1718 Locros,
404 1672 586 1723 palliatos
612 1672 731 1710 fuisse
753 1679 1070 1710 commemorant.
1109 1673 1273 1711 Achillis
1293 1680 1332 1711 et
1352 1674 1564 1724 Neoptole=

108 1737 161 1774 mi
181 1748 360 1787 personae
381 1735 604 1774 diademata
621 1736 767 1774 habent
784 1749 792 1774 ε
823 1736 1001 1787 quamvis
1022 1737 1170 1787 regalia
1191 1744 1345 1789 sceptra
1363 1751 1563 1789 nunquam

107 1799 302 1838 tenuerint
317 1812 327 1837 ι
352 1800 462 1850 cujus
479 1800 696 1850 argumenti
712 1800 887 1849 probatio
904 1800 992 1837 talis
1008 1800 1218 1846 inducitur,
1242 1801 1347 1851 quod
1364 1815 1563 1852 nunquam

108 1876 198 1902 cum
213 1863 364 1914 reliqua
383 1862 550 1901 Graeciae
563 1863 783 1914 juventute,
804 1862 853 1900 ad
875 1862 1048 1913 gerenda
1062 1876 1148 1901 cum
1169 1864 1345 1915 Trojanis
1366 1866 1480 1912 bella,
1501 1879 1562 1904 sa-

109 1933 309 1966 cramenta
340 1927 616 1978 conjurationis
649 1927 831 1972 inierunt,
861 1940 933 1965 nec
964 1939 1137 1977 unquam
1167 1928 1238 1965 sub
1258 1928 1561 1978 Agamemnonis

107 1991 266 2042 imperio
284 1991 455 2029 fuerunt.

163 2054 332 2093 Cornicis
349 2054 504 2092 senibus
521 2053 712 2092 candidus
732 2054 894 2091 vestitus
910 2051 940 2073 ¹³
968 2053 1177 2099 inducitur,
1194 2054 1301 2104 quod
1321 2056 1352 2093 is
1375 2057 1563 2107 antiquis-

110 2119 228 2156 simus
241 2118 362 2157 fuisse
377 2124 623 2156 memoratur.
659 2117 989 2156 Adolescentibus
1004 2117 1171 2155 discolor
1187 2119 1420 2157 attribuitur.
1457 2120 1564 2158 Servi

110 2182 248 2220 comici
267 2182 409 2221 amictu
429 2182 568 2233 exiguo
583 2188 860 2232 conteguntur,
880 2182 1121 2232 paupertatis
1141 2181 1311 2233 antiquae
1332 2183 1470 2233 gratia,
1502 2184 1563 2222 vel

110 2258 189 2297 quo
221 2245 478 2297 expeditiores
516 2252 647 2296 agant.
717 2245 885 2284 Parasiti
913 2259 1000 2283 cum
1037 2246 1188 2283 intortis
1226 2246 1354 2296 palliis
1388 2248 1562 2285 veniunt.

110 2311 220 2349 Laeto
238 2310 402 2349 vestitus
422 2310 637 2348 candidus:
667 2323 888 2348 aerumnoso
921 2310 1147 2348 obsoletus:
1187 2323 1402 2361 purpureus
1424 2311 1559 2350 diviti:

109 2375 271 2427 pauperi
290 2374 516 2426 phoeniceus
537 2375 673 2413 datur:
694 2375 805 2413 militi
818 2374 992 2426 chlamys
1010 2386 1222 2425 purpurea:
1245 2374 1386 2424 puellae
1405 2374 1560 2413 habitus

109 2439 337 2491 peregrinus
355 2438 564 2478 inducitur.
622 2440 726 2478 Leno
754 2439 872 2491 pallio
889 2438 983 2477 varii
1016 2438 1158 2476 coloris
1179 2439 1310 2476 utitur.
1368 2438 1562 2478 Meretrici

154 2571 193 2600 17
218 2564 438 2607 Μεγαλησῖους
459 2565 632 2608 appellant]
661 2566 727 2598 Ms.
744 2569 810 2597 Me·
865 2566 964 2597 Σιῶν;
996 2564 1060 2596 hoc
1084 2569 1150 2604 est,
1181 2565 1248 2596 Dis
1275 2565 1416 2605 magnis.
1473 2563 1562 2595 Nam

110 2619 315 2659 nOyCIOyC.
362 2617 510 2649 Videtur
546 2616 727 2657 legendum
758 2615 813 2656 (ut
865 2614 1025 2654 Doribus,
1047 2618 1086 2645 ut
1111 2619 1148 2646 et
1172 2615 1274 2647 Plato
1305 2620 1341 2646 et
1360 2614 1564 2646 Aristoteles

110 2672 148 2700 et
172 2668 207 2699 in
228 2668 322 2699 Pith.
337 2668 396 2699 lib.
412 2666 627 2699 emendatum
643 2666 734 2707 erat)
751 2670 813 2697 Με-
865 2668 1051 2706 testantur,
1073 2664 1141 2697 Σιὸς
1157 2669 1209 2696 est
1230 2666 1338 2697 Deus.
1364 2665 1413 2696 Id.

109 2717 227 2756 7¹de
248 2717 348 2750 Σιούς.
389 2717 474 2749 Vult
489 2717 703 2758 Megalenses
717 2715 814 2747 ludos
910 2718 951 2746 18
990 2716 1150 2747 Candidus
1176 2716 1321 2757 vestitus]
1356 2717 1411 2747 De
1440 2714 1561 2747 vestitu

113 2778 235 2801 nomen
271 2768 440 2800 invenisse
476 2766 538 2799 ἀπὸ
572 2768 634 2798 τῶν
668 2764 813 2806 μεγάλων
865 2765 998 2798 comico
1013 2764 1081 2798 vid.
1097 2765 1283 2798 Pollucem.
1320 2766 1371 2797 Id,

199 2833 314 2874 Delph.
330 2837 360 2864 et
378 2832 450 2865 Var.
465 2832 548 2864 Clas.
788 2830 910 2863 Terent.
1443 2829 1475 2859 Ι)
