1976 3296
341 235 369 275 4
922 240 1197 272 l’RAEFATlo.

343 340 475 383 tionis
496 339 703 391 scriptus,
727 336 878 378 itidem
903 337 944 377 in
973 337 1110 377 veteri
1141 337 1407 377 membrana.
1468 334 1519 375 In
1542 333 1624 376 hoc
1647 333 1794 376 multae

343 414 445 449 sunt
467 407 773 461 aspirationes,
799 416 869 444 ex.
889 417 948 455 gr.
974 402 1132 450 Holim,
1159 402 1365 451 Hostium,
1387 401 1521 449 michi,
1545 400 1688 450 nichil,
1702 405 1798 441 tum

341 477 450 517 benc
472 474 622 516 multa>
645 486 802 514 vocum
820 474 863 512 ct
886 471 1153 525 syllabarum
1179 474 1308 510 notae.
1356 470 1554 520 Quartus
1569 472 1636 509 est
1655 469 1797 521 scrip-

341 547 412 584 tus
433 555 514 596 per
533 540 859 581 Theodoricum
891 539 946 578 de
979 536 1165 585 Paluda,
1196 536 1328 577 Anno
1362 537 1487 577 1442.
1521 541 1652 589 atque
1686 536 1797 576 adeo

342 611 550 652 nascente
565 608 661 662 jam
683 606 788 648 Arte
810 605 1163 659 Typographica,
1185 605 1317 645 etiam
1340 604 1384 644 in
1405 604 1671 644 membrana.
1703 602 1797 644 Ad-

342 678 479 718 ditum
502 677 545 716 in
566 675 649 716 fine
670 689 678 715 :
705 672 846 714 Finito
864 672 992 713 Libro
1009 671 1166 712 sitlans
1187 678 1223 711 et
1243 670 1378 726 gloria
1400 669 1575 711 Christo.
1622 670 1802 724 Scripta.

343 749 494 787 autem
528 747 628 786 sunt
658 743 805 783 omnia
840 741 1040 782 versibus
1071 740 1256 793 junctis.
1318 739 1513 789 Quintus
1554 737 1699 779 codex
1730 739 1801 778 est

341 813 549 866 antiquus
571 812 614 851 in
637 810 905 857 membrana,
938 808 1010 848 cui
1032 807 1237 847 Titulus:
1270 808 1281 827 ‘
1298 806 1434 846 Liber
1457 804 1692 857 Eographii
1716 803 1799 844 Ar-

342 879 651 933 gumentatorii
673 875 986 917 Commentarii
1007 872 1219 915 Andriae?
1281 872 1563 925 progreditur
1584 871 1639 913 ad
1660 871 1799 912 Phor-

341 947 545 996 mionem,
567 945 650 986 etsi
671 944 779 984 folia
801 943 890 984 sint
909 943 1072 991 lacera,
1094 953 1172 981 nec
1205 945 1421 994 appareat
1452 939 1551 980 finis
1584 938 1799 988 Eunuchi,

341 1019 419 1057 aut
439 1013 611 1055 initium
633 1010 1130 1052 Heautontimorumeni.
1190 1008 1302 1048 Tum
1336 1008 1536 1060 sequitur
1564 1007 1801 1048 Terentius

342 1084 519 1134 integer,
534 1079 605 1121 cui
619 1077 791 1119 additur
804 1077 846 1116 in
861 1076 974 1118 fine:
995 1079 1006 1097 ‘
1022 1076 1073 1116 P.
1087 1076 1282 1116 Terentii
1300 1073 1398 1115 Afri
1416 1074 1649 1116 Comoedia
1663 1074 1801 1115 Phor—

342 1150 429 1190 mio
443 1150 558 1189 bono
569 1144 806 1187 scolastico
819 1143 1019 1197 Explicit
1033 1142 1266 1185 Feliciter.’
1279 1143 1531 1183 Terentium
1547 1140 1800 1182 Priscianus

343 1217 528 1270 excipit,
553 1214 622 1254 De
645 1212 798 1254 Mettis
815 1211 1083 1253 Fabularum
1103 1210 1311 1261 Terentii,
1329 1215 1373 1251 et
1394 1210 1579 1250 aliorum
1592 1207 1801 1250 Comico-

341 1297 450 1326 rum.
512 1282 663 1335 Hujus
681 1284 851 1322 tantum
871 1280 955 1319 tria
975 1278 1082 1319 folia
1103 1282 1355 1330 supersunt.
1418 1276 1544 1317 Idem
1573 1275 1643 1317 hic
1670 1275 1801 1315 Liber

343 1354 389 1394 in
411 1352 558 1406 plures
589 1350 758 1390 Scenas
780 1346 1000 1400 dispescit
1018 1345 1253 1386 nonnullos
1281 1343 1434 1393 Actus,
1458 1355 1592 1397 quam
1623 1342 1801 1396 quidem

344 1419 395 1460 fit
416 1419 562 1470 vulgo.
625 1415 718 1465 Qui
738 1427 841 1456 vero
861 1412 986 1454 Justi
1007 1411 1153 1465 Lipsii
1175 1411 1310 1452 fertur
1331 1411 1489 1452 Codex
1512 1410 1598 1451 Ms.
1619 1410 1659 1451 is
1684 1423 1710 1450 a
1730 1423 1800 1451 me

345 1498 564 1528 excussus
597 1488 665 1524 est
698 1485 797 1522 ante
833 1493 963 1534 quam
991 1491 1049 1520 ex
1086 1479 1292 1520 auctione
1324 1479 1502 1532 publica
1524 1477 1802 1519 addiceretur

346 1553 551 1595 Leidensi
580 1548 936 1592 instructissimae
959 1545 1251 1587 Bibliothecae
1272 1559 1281 1597 3
1313 1558 1414 1586 cum
1442 1549 1562 1599 parte
1585 1544 1672 1585 Ms.
1695 1545 1801 1585 alte-

344 1621 451 1671 rius,
475 1619 670 1674 ejusdem
691 1617 760 1658 Cl.
783 1615 895 1657 Viri.
957 1614 1210 1667 Sequuntur
1239 1612 1360 1653 Libri
1393 1615 1492 1661 tres,
1522 1612 1611 1653 duo
1632 1612 1800 1666 priores

345 1688 688 1731 Academiarum
729 1682 993 1737 Trajectinae
1029 1686 1072 1723 et
1108 1680 1395 1730 Oxoniensis‚
1435 1680 1506 1721 hic
1558 1680 1736 1733 quidem
1776 1692 1801 1720 e

346 1757 628 1800 Bibliotheca
647 1753 833 1794 Thomae
858 1749 1036 1791 Bodleii
1058 1749 1250 1803 Equitis‚
1273 1762 1372 1790 cum
1396 1748 1526 1789 tertio
1549 1746 1799 1797 Markiano,

345 1828 434 1881 qui,
469 1822 881 1878 quadringentorum
914 1819 1004 1860 fere
1041 1831 1254 1859 annorum
1288 1819 1462 1858 aetatem
1501 1815 1748 1868 praeferens,
1777 1829 1801 1857 e

347 1890 627 1946 supellectile
658 1887 858 1928 Libraria
890 1884 1264 1926 Excellentissimi
1298 1882 1580 1924 Ehrencronii
1612 1888 1754 1924 emtus
1775 1895 1803 1924 a

347 1958 644 2001 Nobilissimo
677 1955 803 2002 Viro,
828 1953 965 1994 Henr.
997 1952 1138 1993 Hadr.
1163 1964 1246 1992 van
1276 1950 1351 1991 der
1388 1948 1532 1999 Mark‚
1564 1961 1651 1990 van
1672 1949 1800 1999 Leur,

345 2027 481 2076 JCto,
503 2024 690 2066 antehac
713 2022 769 2062 ad
794 2022 846 2062 B.
872 2020 1028 2060 Mariae
1063 2018 1367 2072 Ultrajectinae
1400 2016 1643 2057 Canonico.
1705 2016 1801 2058 Ho-

346 2108 442 2135 rum
462 2092 566 2133 mihi
598 2090 760 2131 Varias
784 2088 1019 2128 Lectiones
1044 2085 1380 2139 suppeditarunt
1400 2084 1648 2125 Clarissimi
1669 2087 1801 2138 atque

348 2159 623 2203 Amicissimi
655 2157 768 2205 Viri,
816 2155 1001 2197 Carolus
1038 2153 1236 2194 Andreas
1268 2152 1488 2201 Dukerus,
1520 2151 1802 2193 Abrahamus

348 2228 617 2275 Gronovius,
638 2229 679 2265 et
699 2223 934 2264 Eduardus
964 2220 1172 2262 Zurkius.
1234 2219 1322 2260 His
1359 2223 1649 2260 accesserunt
1676 2218 1803 2260 alteri

349 2302 449 2344 tres,
482 2292 875 2348 'l‘ypographorum
909 2301 1104 2330 meorum
1142 2300 1276 2341 opera
1309 2287 1413 2327 mihi
1450 2286 1691 2335 conciliati,
1721 2285 1802 2327 sed

349 2363 484 2417 paulo
508 2361 663 2409 serim,
686 2364 732 2399 et
755 2361 877 2411 parte
901 2357 1048 2410 operis
1063 2355 1156 2409 jam
1185 2354 1305 2409 typis
1326 2354 1567 2407 exscripta.
1629 2352 1801 2394 Horum

350 2430 567 2471 Codicum
590 2429 771 2480 primus,
794 2428 839 2465 ut
859 2426 1050 2478 reliquos
1073 2427 1220 2472 aetate,
1242 2422 1305 2463 ita
1325 2421 1527 2462 lectionis
1547 2421 1803 2474 praestantia

350 2497 499 2538 vincit.
562 2494 740 2535 Medius
761 2493 897 2533 forma
919 2496 988 2532 est
1009 2491 1205 2540 minima,
1228 2490 1394 2543 primus
1414 2493 1457 2530 et
1481 2488 1634 2529 tertius
1659 2489 1802 2529 maxi-

350 2577 417 2604 ma
436 2577 444 2603 :
478 2574 630 2603 omnes
671 2564 814 2600 tamen
847 2561 890 2600 in
928 2560 1198 2600 membrana.
1257 2558 1348 2598 Iste
1389 2556 1572 2597 antehac
1613 2555 1803 2596 Illustris

352 2629 535 2677 Graevii,
560 2629 682 2669 visus
704 2627 810 2666 mihi
832 2632 934 2667 ante
952 2627 1122 2680 aliquot
1149 2638 1286 2667 annos
1306 2624 1423 2678 apud
1447 2623 1513 2664 Cl.
1530 2622 1703 2673 Virum,
1724 2623 1801 2664 Jo.

351 2695 519 2737 Theod.
541 2693 919 2742 Schalbruchium,
942 2693 1076 2746 Lycei
1108 2691 1548 2734 Amstelaedamensis
1571 2689 1801 2731 Professo-

353 2776 458 2812 rem,
480 2767 523 2802 et
541 2761 795 2802 Scholarum
824 2760 1079 2811 Rectorem,
1103 2759 1181 2801 sed
1203 2760 1355 2801 usibus
1377 2759 1485 2800 meis
1509 2762 1703 2811 negatus,
1725 2758 1802 2806 de<-
