1903 3306
328 230 412 272 142
736 241 913 273 sumus
947 241 1113 272 CAESAR
1149 241 1392 272 SCALIGER.

329 344 409 374 arte
439 337 542 375 illius
576 337 778 376 imitatrice
808 337 1029 376 faciendum
1063 337 1173 374 nobis
1209 344 1281 382 est,
1315 336 1407 374 nihil
1441 342 1507 373 aut
1539 335 1676 383 otiose,
1705 343 1772 375 aut

330 401 525 451 superfluo
545 414 674 451 agere.
730 401 846 451 Ergo,
880 408 923 439 ut
945 407 1098 439 constet
1124 401 1220 438 ratio
1251 400 1516 445 dimensionis,
1549 399 1580 436 si
1608 400 1772 450 recipias

327 464 727 514 proceleusmaticum,
767 478 886 501 unum
920 472 1070 502 tantum
1104 463 1263 508 moliris,
1304 476 1392 500 cum
1425 462 1528 500 tollis
1562 461 1772 512 digamma.

331 527 371 564 Si
390 528 501 565 malis
522 528 767 579 tribrachym,
796 535 835 565 et
863 527 938 565 hoc
959 527 1027 564 tibi
1047 527 1147 564 idem
1169 525 1381 564 curandum
1400 533 1473 572 est,
1501 532 1544 562 ut
1565 525 1706 563 tollas:
1736 531 1775 563 et

328 598 515 640 praeterea
544 591 696 628 duabus
724 590 907 628 confertis
939 590 1099 641 syllabis
1130 589 1374 627 obscuranda
1400 589 1535 628 oratio.
1592 589 1707 634 Nam,
1743 588 1774 626 si

329 653 424 691 nihil
445 654 559 692 refert
577 653 854 704 pronuntiesne
880 658 889 674 ⁴
908 653 1080 699 invidia,’
1098 665 1147 690 an
1168 657 1178 673 ‘
1195 652 1352 700 invida,’
1371 652 1461 704 quid
1484 651 1775 703 intelligamus?

329 717 433 768 quod
456 717 487 755 si
506 720 569 766 (ac
585 717 712 755 verius
733 716 890 767 quidem
911 719 987 764 est)
1020 716 1073 754 ita
1103 716 1410 767 pronuntiemus,
1443 723 1487 755 ut
1505 717 1615 767 quasi
1635 728 1774 754 sonum

329 780 581 819 consonantis
601 780 703 831 prior
721 780 867 817 vocalis
887 780 1073 826 obtineat,
1093 779 1175 830 jam
1196 792 1273 816 non
1294 779 1343 817 sit
1361 779 1574 831 tribrachys
1597 779 1775 830 amplius,

330 845 398 882 sed
420 851 657 895 anapaestus,
716 843 817 881 Nam
846 843 900 881 ita
925 843 1165 894 pronuntiari
1185 843 1223 880 in
1244 843 1476 893 quibusdam
1494 842 1777 894 proceleusma-

328 909 414 946 ticis
430 909 510 959 jam
530 908 710 954 diximus,
731 914 770 945 et
789 914 949 959 apparet
968 921 1015 945 ex
1034 907 1101 945 illo
1119 920 1229 945 versu
1251 906 1405 944 Po'etae:
1429 911 1438 928 ‘
1456 906 1603 952 Stellio,
1625 913 1664 944 et
1681 905 1777 944 luci·

328 972 429 1022 sugis
449 978 638 1022 congesta
657 970 799 1008 cubilia
818 970 978 1009 blattis.’
1025 971 1074 1008 Et
1093 970 1196 1021 apud
1219 970 1445 1009 Horatium:
1476 975 1485 992 ‘
1503 970 1556 1008 Ut
1575 969 1776 1008 Nasidieni

324 1035 424 1085 juvit
442 1041 480 1072 te
501 1047 612 1072 coena
636 1035 767 1072 beati.’
822 1034 923 1071 Nam
955 1033 1057 1072 idem
1089 1047 1230 1072 nomen
1263 1034 1396 1072 aliter:
1427 1039 1436 1056 ‘
1457 1033 1692 1072 Nasidienus
1726 1032 1776 1070 ad

330 1098 440 1136 haec!
496 1097 624 1140 Quare
655 1097 694 1134 in
724 1097 848 1148 priore
868 1110 995 1145 versu,
1023 1111 1157 1136 omnes
1179 1105 1291 1135 erunt
1311 1098 1487 1149 spondaei
1505 1105 1646 1150 praeter
1665 1097 1774 1148 quin-

329 1169 423 1200 tum.
481 1162 545 1199 Sic
567 1161 668 1199 enim
687 1160 803 1198 etiam
823 1161 1016 1209 Catullus,
1047 1168 1056 1183 ‘
1075 1162 1224 1213 pituitae
1237 1165 1246 1179 ’
1273 1162 1434 1213 primam
1453 1175 1540 1200 cum
1566 1161 1748 1214 produxit
1766 1173 1776 1197 ε

331 1230 340 1246 ‘
360 1225 578 1275 Mueusque
601 1232 640 1262 et
659 1224 762 1262 mala
783 1225 921 1274 pituita
939 1225 1052 1264 nasi!
1108 1227 1197 1264 Non
1218 1226 1402 1278 corripuit
1422 1225 1608 1264 Horatius
1625 1238 1634 1262 z
1665 1230 1674 1246 ‘
1692 1223 1777 1261 Nisi

330 1300 418 1326 cum
439 1288 578 1339 pituita
596 1288 760 1326 molesta
779 1289 868 1327 est.’
922 1289 1000 1328 Sed
1036 1290 1280 1342 trisyllabum
1312 1291 1468 1342 posuit:
1498 1290 1552 1327 ita
1581 1296 1625 1327 ut
1649 1287 1778 1326 media

330 1352 441 1389 litera
459 1352 651 1390 AEolicum
673 1353 722 1390 sit
743 1352 964 1404 digamma:
996 1353 1100 1405 quod
1120 1361 1159 1392 et
1179 1354 1328 1393 elicitur
1348 1368 1395 1392 ex
1409 1353 1557 1405 judicio
1579 1352 1668 1389 AElii
1689 1351 1779 1389 Sto-

330 1416 443 1462 lonis,
464 1416 531 1467 qui
552 1429 574 1454 a
592 1416 761 1467 petendo
783 1418 899 1455 vitam
919 1417 1008 1455 duci
1023 1425 1128 1456 ratus
1141 1427 1213 1458 est.
1243 1419 1386 1457 Verum
1402 1417 1507 1469 quod
1527 1417 1565 1454 in
1587 1415 1758 1454 ‘invidia
1771 1415 1780 1431 '

330 1479 433 1527 fecit,
454 1486 497 1517 ut
515 1492 631 1517 unam
651 1493 698 1518 ex
714 1480 867 1519 duabus
883 1482 1052 1520 efficeret
1069 1483 1271 1534 syllabam,
1289 1481 1530 1521 commodius
1547 1479 1780 1519 confecisset

331 1543 369 1580 in
401 1547 411 1563 ‘
427 1543 590 1594 injuria,'
617 1543 684 1581 illo
704 1557 816 1582 versu
835 1557 844 1582 :
875 1549 884 1566 ‘
903 1545 991 1588 Quo
1005 1545 1107 1596 jure,
1128 1559 1282 1597 quaque
1303 1545 1440 1597 injuria
1459 1544 1696 1595 praecipitem
1716 1556 1777 1581 me

330 1608 367 1644 in
395 1607 599 1657 pistrinum
630 1606 766 1648 dabit.'
821 1608 930 1646 Sicut
961 1608 999 1645 in
1029 1613 1039 1630 ‘
1057 1609 1243 1660 perfidia,'
1271 1609 1440 1659 Prologo
1461 1607 1777 1659 Amphitryonis:

331 1676 340 1691 ⁴
361 1671 449 1708 Non
470 1671 690 1717 ambitione,
709 1684 834 1721 neque
857 1672 1030 1722 perfidia,
1065 1673 1130 1722 qui
1151 1673 1306 1711 minus.'
1361 1671 1406 1709 Id
1426 1671 1531 1723 quod
1552 1671 1583 1709 si
1604 1670 1779 1708 animad-

330 1735 522 1780 vertisset,
551 1747 630 1771 non
659 1735 880 1773 sustulisset
909 1749 1122 1786 pronomen
1153 1737 1267 1783 ‘me,'
1294 1736 1400 1787 quod
1429 1748 1572 1786 magna
1593 1747 1681 1773 cum
1700 1747 1779 1773 em-

331 1797 443 1848 phasi
464 1811 508 1836 ac
535 1805 648 1848 gestu
669 1798 719 1835 ad
744 1799 919 1837 timorem
947 1812 1124 1850 personae
1155 1800 1324 1851 positum
1353 1807 1436 1838 est:
1465 1807 1504 1838 et
1532 1799 1707 1837 omnibus
1739 1797 1779 1835 in

331 1860 614 1912 exemplaribus
634 1861 787 1911 legitur.
827 1861 925 1899 Tolli
945 1870 1073 1900 autem
1090 1863 1281 1901 AEolicum
1301 1864 1533 1902 elementum
1553 1863 1591 1900 in
1608 1874 1655 1900 ea
1670 1874 1779 1908 voce,

330 1925 459 1977 palam
475 1932 535 1963 est
551 1925 665 1962 etiam
682 1938 794 1963 versu
810 1926 875 1963 illo
893 1926 1156 1966 Phormionis:
1180 1933 1189 1949 ‘
1209 1928 1285 1971 Qui
1306 1941 1409 1978 saepe
1426 1933 1580 1979 propter
1596 1926 1779 1964 invidiam

333 1988 508 2026 adimunt
528 1987 664 2026 diviti.'
721 1989 859 2039 Neque
890 1989 991 2026 enim
1022 1991 1157 2028 mirum
1190 1997 1250 2029 est
1282 1991 1532 2029 adventitiam
1561 1990 1709 2029 literam
1731 1988 1779 2026 de

331 2051 459 2090 medio
488 2049 571 2088 tolli
604 2051 715 2102 quasi
746 2054 1001 2104 peregrinam.
1060 2054 1131 2092 Est
1160 2055 1260 2092 enim
1290 2054 1457 2101 ‘video‚’
1484 2053 1551 2091 ἰ’δω
1570 2048 1590 2092 ε’
1610 2053 1711 2091 sicut
1739 2052 1779 2090 in

331 2115 449 2152 verbo
478 2114 589 2151 ‘vivo
605 2114 627 2151 :’
661 2114 735 2152 fuit
767 2116 868 2153 enim
904 2115 1002 2164 βιῶ;
1033 2129 1079 2154 eo
1113 2130 1252 2156 versu:
1291 2118 1491 2156 ‘Liberius
1523 2116 1677 2156 vivendi
1708 2115 1780 2154 fuit

331 2184 520 2228 potestas,
539 2190 628 2215 nam
650 2178 790 2216 antea?
848 2178 950 2216 Puto
971 2180 1072 2217 enim
1093 2193 1169 2218 non
1193 2181 1400 2219 admodum
1422 2188 1600 2232 vegetam
1619 2188 1781 2220 conten-

331 2249 487 2293 tamque
505 2241 626 2279 fuisse
644 2242 764 2280 literae
785 2242 889 2279 illius
910 2244 1275 2293 pronuntiationem,
1306 2245 1417 2283 sicuti
1438 2259 1564 2296 neque
1583 2245 1622 2282 in
1653 2249 1665 2267 ‘
1681 2244 1783 2291 ovo,'

332 2318 457 2355 neque
489 2305 528 2343 in
558 2305 680 2353 ‘ove,’
707 2318 796 2343 cum
827 2305 977 2344 libitum
1007 2315 1132 2346 esset:
1162 2323 1265 2359 quae,
1297 2318 1340 2347 ut
1365 2310 1576 2361 asperrima
1595 2317 1656 2348 est
1675 2309 1779 2360 apud

333 2368 562 2413 Germanos,
591 2367 644 2405 ita
663 2381 773 2418 paene
793 2368 938 2406 vocalis
960 2370 1063 2420 apud
1085 2371 1299 2418 Vascones,
1334 2386 1410 2411 non
1432 2386 1681 2412 consonans:
1710 2386 1780 2411 ne-

333 2430 429 2467 dum
448 2437 491 2467 ut
517 2430 661 2481 duplex
691 2431 842 2481 uspiam
873 2431 934 2469 sit.
992 2432 1070 2471 Sed
1102 2447 1348 2485 nequaquam
1381 2449 1450 2487 par
1483 2437 1580 2474 ratio
1610 2436 1683 2474 fuit
1714 2444 1781 2475 aut

333 2493 562 2539 necessitas,
591 2500 634 2530 ut
655 2493 861 2531 elideretur
881 2494 983 2532 idem
1005 2495 1213 2546 digamma,
1243 2497 1280 2534 in
1305 2498 1417 2536 verbo
1437 2498 1525 2546 hoc,
1558 2503 1568 2520 ‘
1585 2499 1781 2545 inveniet‚’

334 2569 380 2593 eo
400 2568 512 2592 versu
533 2568 579 2592 ex
600 2554 748 2592 Andria
765 2571 773 2593 ι
804 2561 813 2577 ‘
832 2556 952 2594 Dabit
972 2571 1108 2596 nemo:
1139 2560 1307 2598 inveniet
1325 2561 1477 2611 inopem
1497 2562 1641 2613 potius,
1661 2576 1779 2614 quam

334 2627 371 2657 te
398 2618 588 2669 corrumpi
620 2618 747 2655 sinat.'
803 2619 933 2657 Nihilo
964 2622 1062 2659 enim
1094 2630 1265 2661 mutatur
1296 2637 1428 2662 versus
1461 2624 1666 2672 dimensio,
1699 2627 1779 2665 sive

334 2680 505 2726 tollatur,
527 2682 603 2720 sive
624 2681 881 2731 relinquatur:
904 2696 1035 2733 quare,
1056 2692 1191 2723 contra
1211 2699 1326 2737 quam
1348 2700 1516 2734 sensere,
1538 2689 1644 2726 nullo
1664 2697 1778 2739 pacto

336 2743 477 2781 debeat
497 2744 592 2783 tolli.
650 2746 693 2783 In
713 2745 983 2794 conjunctione
1004 2761 1156 2799 quoque
1179 2749 1263 2794 hac,
1295 2756 1304 2771 ‘
1319 2750 1539 2797 enimvero,'
1570 2753 1700 2791 durius
1721 2755 1776 2798 fit,
