<?xml version="1.0" encoding="UTF-8"?>
<!DOCTYPE html PUBLIC "-//W3C//DTD XHTML 1.0 Transitional//EN"
    "http://www.w3.org/TR/xhtml1/DTD/xhtml1-transitional.dtd">
<html xmlns="http://www.w3.org/1999/xhtml" xml:lang="en" lang="en">
 <head>
  <title>
</title>
<meta http-equiv="Content-Type" content="text/html;charset=utf-8" />
  <meta name='ocr-system' content='tesseract 3.04.00' />
  <meta name='ocr-capabilities' content='ocr_page ocr_carea ocr_par ocr_line ocrx_word'/>
</head>
<body>
  <div class='ocr_page' id='page_1' title='image "./pubterentiiafric01tereuoft/pubterentiiafric01tereuoft_0100.png"; bbox 0 0 1945 3296; ppageno 0'>
   <div class='ocr_carea' id='block_1_1' title="bbox 332 244 1485 285">
    <p class='ocr_par' dir='ltr' id='par_1_1' title="bbox 332 244 1485 285">
     <span class='ocr_line' id='line_1_1' title="bbox 332 244 1485 285; baseline -0.003 0"><span class='ocrx_word' id='word_1_1' title='bbox 332 244 389 285; x_wconf 83' lang='lat'>90</span> <span class='ocrx_word' id='word_1_2' title='bbox 636 252 875 284; x_wconf 72' lang='lat' dir='ltr'>DANiums</span> <span class='ocrx_word' id='word_1_3' title='bbox 908 251 1101 283; x_wconf 77' lang='lat' dir='ltr'>HmNsu</span> <span class='ocrx_word' id='word_1_4' title='bbox 1141 252 1485 283; x_wconf 67' lang='lat' dir='ltr'>mssssu&#39;rArro.</span> 
     </span>
    </p>
   </div>
   <div class='ocr_carea' id='block_1_2' title="bbox 334 344 1793 587">
    <p class='ocr_par' dir='ltr' id='par_1_2' title="bbox 334 344 1793 587">
     <span class='ocr_line' id='line_1_2' title="bbox 335 344 1788 385; baseline -0.002 0"><span class='ocrx_word' id='word_1_5' title='bbox 335 346 443 385; x_wconf 85' lang='lat' dir='ltr'><strong>Alter</strong></span> <span class='ocrx_word' id='word_1_6' title='bbox 462 346 562 383; x_wconf 89' lang='lat' dir='ltr'>enim</span> <span class='ocrx_word' id='word_1_7' title='bbox 580 346 715 383; x_wconf 88' lang='lat' dir='ltr'>vitium</span> <span class='ocrx_word' id='word_1_8' title='bbox 737 347 884 384; x_wconf 79' lang='lat' dir='ltr'>Cratini</span> <span class='ocrx_word' id='word_1_9' title='bbox 906 346 1027 384; x_wconf 88' lang='lat' dir='ltr'>ridet:</span> <span class='ocrx_word' id='word_1_10' title='bbox 1052 346 1149 383; x_wconf 81' lang='lat' dir='ltr'>alter</span> <span class='ocrx_word' id='word_1_11' title='bbox 1169 345 1294 383; x_wconf 51' lang='lat' dir='ltr'>Nae&#39;vii</span> <span class='ocrx_word' id='word_1_12' title='bbox 1315 346 1518 383; x_wconf 87' lang='lat' dir='ltr'>miseriam.</span> <span class='ocrx_word' id='word_1_13' title='bbox 1568 344 1788 383; x_wconf 83' lang='lat' dir='ltr'><strong>Ridiculum</strong></span> 
     </span>
     <span class='ocr_line' id='line_1_3' title="bbox 335 408 1790 460; baseline -0.001 -12"><span class='ocrx_word' id='word_1_14' title='bbox 335 416 464 448; x_wconf 87' lang='lat' dir='ltr'>autem</span> <span class='ocrx_word' id='word_1_15' title='bbox 485 422 507 447; x_wconf 88' lang='lat' dir='ltr'>a</span> <span class='ocrx_word' id='word_1_16' title='bbox 526 410 680 447; x_wconf 86' lang='lat' dir='ltr'>miseria</span> <span class='ocrx_word' id='word_1_17' title='bbox 700 409 912 460; x_wconf 83' lang='lat' dir='ltr'>prudenter</span> <span class='ocrx_word' id='word_1_18' title='bbox 932 409 1163 446; x_wconf 90' lang='lat' dir='ltr'>Aristoteles</span> <span class='ocrx_word' id='word_1_19' title='bbox 1185 409 1368 459; x_wconf 86' lang='lat' dir='ltr'>sejungit.</span> <span class='ocrx_word' id='word_1_20' title='bbox 1424 409 1543 446; x_wconf 88' lang='lat' dir='ltr'>Risus</span> <span class='ocrx_word' id='word_1_21' title='bbox 1574 408 1675 445; x_wconf 90' lang='lat' dir='ltr'>enim</span> <span class='ocrx_word' id='word_1_22' title='bbox 1702 422 1790 446; x_wconf 87' lang='lat' dir='ltr'>cum</span> 
     </span>
     <span class='ocr_line' id='line_1_4' title="bbox 334 472 1793 524; baseline -0.002 -12"><span class='ocrx_word' id='word_1_23' title='bbox 334 474 455 512; x_wconf 86' lang='lat' dir='ltr'>atroci</span> <span class='ocrx_word' id='word_1_24' title='bbox 491 473 656 524; x_wconf 87' lang='lat' dir='ltr'>alicujus</span> <span class='ocrx_word' id='word_1_25' title='bbox 693 473 795 511; x_wconf 84' lang='lat' dir='ltr'>malo</span> <span class='ocrx_word' id='word_1_26' title='bbox 826 480 892 510; x_wconf 88' lang='lat' dir='ltr'>aut</span> <span class='ocrx_word' id='word_1_27' title='bbox 913 473 1132 511; x_wconf 77' lang='lat' dir='ltr'>calamitate</span> <span class='ocrx_word' id='word_1_28' title='bbox 1154 474 1185 510; x_wconf 92' lang='lat' dir='ltr'>si</span> <span class='ocrx_word' id='word_1_29' title='bbox 1205 473 1437 523; x_wconf 90' lang='lat' dir='ltr'>conjunctus</span> <span class='ocrx_word' id='word_1_30' title='bbox 1457 473 1519 519; x_wconf 90' lang='lat' dir='ltr'>sit,</span> <span class='ocrx_word' id='word_1_31' title='bbox 1552 472 1730 510; x_wconf 83' lang='lat' dir='ltr'>immanis</span> <span class='ocrx_word' id='word_1_32' title='bbox 1750 473 1793 509; x_wconf 84' lang='lat' dir='ltr'>fit</span> 
     </span>
     <span class='ocr_line' id='line_1_5' title="bbox 335 535 1700 587; baseline -0.002 -11"><span class='ocrx_word' id='word_1_33' title='bbox 335 550 380 576; x_wconf 86' lang='lat' dir='ltr'>ac</span> <span class='ocrx_word' id='word_1_34' title='bbox 399 538 598 576; x_wconf 82' lang='lat' dir='ltr'>barbarus.</span> <span class='ocrx_word' id='word_1_35' title='bbox 658 537 730 574; x_wconf 88' lang='lat' dir='ltr'>Illa</span> <span class='ocrx_word' id='word_1_36' title='bbox 751 543 879 574; x_wconf 85' lang='lat' dir='ltr'>autem</span> <span class='ocrx_word' id='word_1_37' title='bbox 901 535 1017 587; x_wconf 91' lang='lat' dir='ltr'>plane</span> <span class='ocrx_word' id='word_1_38' title='bbox 1037 542 1146 574; x_wconf 86' lang='lat' dir='ltr'>extra</span> <span class='ocrx_word' id='word_1_39' title='bbox 1167 536 1290 574; x_wconf 87' lang='lat' dir='ltr'>Novae</span> <span class='ocrx_word' id='word_1_40' title='bbox 1310 536 1437 587; x_wconf 88' lang='lat' dir='ltr'>legem</span> <span class='ocrx_word' id='word_1_41' title='bbox 1459 535 1672 573; x_wconf 85' lang='lat' dir='ltr'>Comoediae</span> <span class='ocrx_word' id='word_1_42' title='bbox 1691 549 1700 573; x_wconf 73' lang='grc' dir='ltr'>ι</span> 
     </span>
    </p>
   </div>
   <div class='ocr_carea' id='block_1_3' title="bbox 440 634 1730 751">
    <p class='ocr_par' dir='ltr' id='par_1_3' title="bbox 440 634 1730 751">
     <span class='ocr_line' id='line_1_6' title="bbox 440 634 1730 687; baseline -0.001 -14"><span class='ocrx_word' id='word_1_43' title='bbox 440 635 517 680; x_wconf 84' lang='lat' dir='ltr'>Qui</span> <span class='ocrx_word' id='word_1_44' title='bbox 537 635 733 687; x_wconf 86' lang='lat' dir='ltr'>perjurum</span> <span class='ocrx_word' id='word_1_45' title='bbox 753 635 960 673; x_wconf 88' lang='lat' dir='ltr'>convenire</span> <span class='ocrx_word' id='word_1_46' title='bbox 982 634 1062 672; x_wconf 92' lang='lat' dir='ltr'>vult</span> <span class='ocrx_word' id='word_1_47' title='bbox 1084 634 1296 682; x_wconf 86' lang='lat' dir='ltr'>hominem,</span> <span class='ocrx_word' id='word_1_48' title='bbox 1315 635 1427 673; x_wconf 87' lang='lat' dir='ltr'>mitto</span> <span class='ocrx_word' id='word_1_49' title='bbox 1447 636 1485 672; x_wconf 88' lang='lat' dir='ltr'>in</span> <span class='ocrx_word' id='word_1_50' title='bbox 1505 635 1701 673; x_wconf 88' lang='lat' dir='ltr'>comitium</span> <span class='ocrx_word' id='word_1_51' title='bbox 1719 649 1730 679; x_wconf 88' lang='lat'>;</span> 
     </span>
     <span class='ocr_line' id='line_1_7' title="bbox 445 698 1602 751; baseline -0.001 -14"><span class='ocrx_word' id='word_1_52' title='bbox 445 700 522 743; x_wconf 82' lang='lat' dir='ltr'>Qui</span> <span class='ocrx_word' id='word_1_53' title='bbox 543 698 770 737; x_wconf 89' lang='lat' dir='ltr'>mendacem</span> <span class='ocrx_word' id='word_1_54' title='bbox 790 705 830 737; x_wconf 90' lang='lat' dir='ltr'>et</span> <span class='ocrx_word' id='word_1_55' title='bbox 849 699 1076 751; x_wconf 87' lang='lat' dir='ltr'>gloriosum,</span> <span class='ocrx_word' id='word_1_56' title='bbox 1097 699 1203 750; x_wconf 87' lang='lat' dir='ltr'>apud</span> <span class='ocrx_word' id='word_1_57' title='bbox 1220 699 1419 737; x_wconf 87' lang='lat' dir='ltr'>Cloacinae</span> <span class='ocrx_word' id='word_1_58' title='bbox 1437 712 1602 737; x_wconf 87' lang='lat' dir='ltr'>sacrum.</span> 
     </span>
    </p>
   </div>
   <div class='ocr_carea' id='block_1_4' title="bbox 335 792 1796 2824">
    <p class='ocr_par' dir='ltr' id='par_1_4' title="bbox 335 792 1796 2824">
     <span class='ocr_line' id='line_1_8' title="bbox 338 792 1789 845; baseline -0.001 -13"><span class='ocrx_word' id='word_1_59' title='bbox 338 795 388 832; x_wconf 91' lang='lat' dir='ltr'>Et</span> <span class='ocrx_word' id='word_1_60' title='bbox 407 807 494 844; x_wconf 84' lang='lat' dir='ltr'>quae</span> <span class='ocrx_word' id='word_1_61' title='bbox 515 793 656 832; x_wconf 89' lang='lat' dir='ltr'>deinde</span> <span class='ocrx_word' id='word_1_62' title='bbox 673 799 899 845; x_wconf 88' lang='lat' dir='ltr'>sequuntur.</span> <span class='ocrx_word' id='word_1_63' title='bbox 957 793 1072 837; x_wconf 85' lang='lat' dir='ltr'>Quod</span> <span class='ocrx_word' id='word_1_64' title='bbox 1095 794 1270 845; x_wconf 86' lang='lat' dir='ltr'>profecto</span> <span class='ocrx_word' id='word_1_65' title='bbox 1292 800 1353 831; x_wconf 87' lang='lat' dir='ltr'>est</span> <span class='ocrx_word' id='word_1_66' title='bbox 1373 806 1396 831; x_wconf 84' lang='lat' dir='ltr'>a</span> <span class='ocrx_word' id='word_1_67' title='bbox 1415 792 1566 845; x_wconf 90' lang='lat' dir='ltr'>pulpito</span> <span class='ocrx_word' id='word_1_68' title='bbox 1585 793 1636 831; x_wconf 88' lang='lat' dir='ltr'>ad</span> <span class='ocrx_word' id='word_1_69' title='bbox 1655 793 1789 844; x_wconf 84' lang='lat' dir='ltr'>plaus-</span> 
     </span>
     <span class='ocr_line' id='line_1_9' title="bbox 335 857 1793 908; baseline 0 -13"><span class='ocrx_word' id='word_1_70' title='bbox 335 865 436 896; x_wconf 86' lang='lat' dir='ltr'><strong>trum</strong></span> <span class='ocrx_word' id='word_1_71' title='bbox 457 857 594 895; x_wconf 89' lang='lat' dir='ltr'>redire.</span> <span class='ocrx_word' id='word_1_72' title='bbox 652 858 776 908; x_wconf 82' lang='lat' dir='ltr'>Legat</span> <span class='ocrx_word' id='word_1_73' title='bbox 795 864 926 895; x_wconf 87' lang='lat' dir='ltr'>cetera</span> <span class='ocrx_word' id='word_1_74' title='bbox 959 858 1024 908; x_wconf 92' lang='lat' dir='ltr'>qui</span> <span class='ocrx_word' id='word_1_75' title='bbox 1046 857 1162 895; x_wconf 89' lang='lat' dir='ltr'>volet.</span> <span class='ocrx_word' id='word_1_76' title='bbox 1219 857 1297 895; x_wconf 88' lang='lat' dir='ltr'>Sed</span> <span class='ocrx_word' id='word_1_77' title='bbox 1323 857 1424 903; x_wconf 88' lang='lat' dir='ltr'>haee,</span> <span class='ocrx_word' id='word_1_78' title='bbox 1445 860 1490 894; x_wconf 79' lang='grc' dir='ltr'>ὡς</span> <span class='ocrx_word' id='word_1_79' title='bbox 1511 858 1551 894; x_wconf 80' lang='grc' dir='ltr'>ἐν</span> <span class='ocrx_word' id='word_1_80' title='bbox 1570 860 1793 908; x_wconf 71' lang='grc' dir='ltr'>προθεωρίας</span> 
     </span>
     <span class='ocr_line' id='line_1_10' title="bbox 335 919 1792 972; baseline -0.001 -13"><span class='ocrx_word' id='word_1_81' title='bbox 335 925 452 972; x_wconf 86' lang='grc' dir='ltr'>μέρει,</span> <span class='ocrx_word' id='word_1_82' title='bbox 472 921 594 959; x_wconf 91' lang='lat' dir='ltr'>obiter</span> <span class='ocrx_word' id='word_1_83' title='bbox 613 921 692 959; x_wconf 87' lang='lat' dir='ltr'>sint</span> <span class='ocrx_word' id='word_1_84' title='bbox 707 921 827 959; x_wconf 85' lang='lat' dir='ltr'>dicta.</span> <span class='ocrx_word' id='word_1_85' title='bbox 884 921 1015 966; x_wconf 91' lang='lat' dir='ltr'>Nunc,</span> <span class='ocrx_word' id='word_1_86' title='bbox 1042 920 1187 970; x_wconf 88' lang='lat' dir='ltr'>ingenii</span> <span class='ocrx_word' id='word_1_87' title='bbox 1208 919 1413 958; x_wconf 84' lang='lat' dir='ltr'>exercendi</span> <span class='ocrx_word' id='word_1_88' title='bbox 1447 932 1568 958; x_wconf 87' lang='lat' dir='ltr'>causa</span> <span class='ocrx_word' id='word_1_89' title='bbox 1586 932 1632 958; x_wconf 90' lang='lat' dir='ltr'>ac</span> <span class='ocrx_word' id='word_1_90' title='bbox 1654 919 1792 970; x_wconf 92' lang='lat' dir='ltr'>judicii</span> 
     </span>
     <span class='ocr_line' id='line_1_11' title="bbox 337 984 1790 1036; baseline -0.001 -13"><span class='ocrx_word' id='word_1_91' title='bbox 337 985 388 1023; x_wconf 88' lang='lat' dir='ltr'>ad</span> <span class='ocrx_word' id='word_1_92' title='bbox 409 985 565 1036; x_wconf 80' lang='lat' dir='ltr'>singula</span> <span class='ocrx_word' id='word_1_93' title='bbox 584 998 732 1032; x_wconf 88' lang='lat' dir='ltr'>eamus,</span> <span class='ocrx_word' id='word_1_94' title='bbox 771 991 811 1023; x_wconf 91' lang='lat' dir='ltr'>et</span> <span class='ocrx_word' id='word_1_95' title='bbox 840 991 1047 1036; x_wconf 88' lang='lat' dir='ltr'>utrumque</span> <span class='ocrx_word' id='word_1_96' title='bbox 1081 985 1197 1035; x_wconf 91' lang='lat' dir='ltr'>paulo</span> <span class='ocrx_word' id='word_1_97' title='bbox 1218 997 1334 1035; x_wconf 90' lang='lat' dir='ltr'>quam</span> <span class='ocrx_word' id='word_1_98' title='bbox 1361 984 1536 1035; x_wconf 86' lang='lat' dir='ltr'>plerique</span> <span class='ocrx_word' id='word_1_99' title='bbox 1569 985 1790 1022; x_wconf 86' lang='lat' dir='ltr'>accuratius</span> 
     </span>
     <span class='ocr_line' id='line_1_12' title="bbox 335 1047 1791 1099; baseline -0.001 -13"><span class='ocrx_word' id='word_1_100' title='bbox 335 1049 599 1099; x_wconf 83' lang='lat' dir='ltr'>inspiciamus.</span> <span class='ocrx_word' id='word_1_101' title='bbox 656 1049 829 1086; x_wconf 89' lang='lat' dir='ltr'>Primum</span> <span class='ocrx_word' id='word_1_102' title='bbox 849 1049 889 1086; x_wconf 88' lang='lat' dir='ltr'>in</span> <span class='ocrx_word' id='word_1_103' title='bbox 917 1048 1120 1086; x_wconf 88' lang='lat' dir='ltr'>Comoedia</span> <span class='ocrx_word' id='word_1_104' title='bbox 1152 1047 1450 1098; x_wconf 86' lang='lat' dir='ltr'>Tragoediaque‚</span> <span class='ocrx_word' id='word_1_105' title='bbox 1480 1053 1542 1085; x_wconf 88' lang='lat' dir='ltr'>est</span> <span class='ocrx_word' id='word_1_106' title='bbox 1562 1047 1791 1099; x_wconf 83' lang='lat' dir='ltr'>Dispositio.</span> 
     </span>
     <span class='ocr_line' id='line_1_13' title="bbox 337 1111 1795 1163; baseline -0.001 -14"><span class='ocrx_word' id='word_1_107' title='bbox 337 1113 476 1163; x_wconf 86' lang='lat' dir='ltr'>Neque</span> <span class='ocrx_word' id='word_1_108' title='bbox 496 1112 772 1159; x_wconf 89' lang='lat' dir='ltr'>dubitandum,</span> <span class='ocrx_word' id='word_1_109' title='bbox 792 1114 901 1163; x_wconf 87' lang='lat' dir='ltr'>quin,</span> <span class='ocrx_word' id='word_1_110' title='bbox 922 1126 1009 1151; x_wconf 91' lang='lat' dir='ltr'>cum</span> <span class='ocrx_word' id='word_1_111' title='bbox 1027 1113 1259 1151; x_wconf 86' lang='lat' dir='ltr'>Aristoteles</span> <span class='ocrx_word' id='word_1_112' title='bbox 1274 1112 1323 1150; x_wconf 90' lang='lat' dir='ltr'>de</span> <span class='ocrx_word' id='word_1_113' title='bbox 1337 1112 1604 1163; x_wconf 88' lang='lat' dir='ltr'>Dispositione</span> <span class='ocrx_word' id='word_1_114' title='bbox 1620 1111 1795 1162; x_wconf 87' lang='lat' dir='ltr'>disputat</span> 
     </span>
     <span class='ocr_line' id='line_1_14' title="bbox 336 1175 1794 1228; baseline -0.001 -15"><span class='ocrx_word' id='word_1_115' title='bbox 336 1176 569 1227; x_wconf 86' lang='lat' dir='ltr'>Tragoediae,</span> <span class='ocrx_word' id='word_1_116' title='bbox 589 1177 705 1215; x_wconf 89' lang='lat' dir='ltr'>etiam</span> <span class='ocrx_word' id='word_1_117' title='bbox 726 1177 937 1215; x_wconf 85' lang='lat' dir='ltr'>Comoediae</span> <span class='ocrx_word' id='word_1_118' title='bbox 957 1191 1004 1216; x_wconf 89' lang='lat' dir='ltr'>ex</span> <span class='ocrx_word' id='word_1_119' title='bbox 1023 1177 1066 1214; x_wconf 90' lang='lat' dir='ltr'>iis</span> <span class='ocrx_word' id='word_1_120' title='bbox 1083 1177 1288 1215; x_wconf 88' lang='lat' dir='ltr'>convenire</span> <span class='ocrx_word' id='word_1_121' title='bbox 1300 1177 1484 1228; x_wconf 78' lang='lat' dir='ltr'>pleraque</span> <span class='ocrx_word' id='word_1_122' title='bbox 1505 1175 1794 1223; x_wconf 83' lang='lat' dir='ltr'>existimaverit,</span> 
     </span>
     <span class='ocr_line' id='line_1_15' title="bbox 336 1238 1792 1293; baseline -0.001 -16"><span class='ocrx_word' id='word_1_123' title='bbox 336 1240 412 1278; x_wconf 88' lang='lat' dir='ltr'>nisi</span> <span class='ocrx_word' id='word_1_124' title='bbox 450 1241 571 1292; x_wconf 91' lang='lat' dir='ltr'>quod,</span> <span class='ocrx_word' id='word_1_125' title='bbox 604 1247 648 1279; x_wconf 89' lang='lat' dir='ltr'>ut</span> <span class='ocrx_word' id='word_1_126' title='bbox 684 1241 873 1292; x_wconf 81' lang='lat' dir='ltr'>Tragicus</span> <span class='ocrx_word' id='word_1_127' title='bbox 912 1241 1099 1293; x_wconf 90' lang='lat' dir='ltr'>disponit,</span> <span class='ocrx_word' id='word_1_128' title='bbox 1137 1242 1191 1279; x_wconf 89' lang='lat' dir='ltr'>ita</span> <span class='ocrx_word' id='word_1_129' title='bbox 1222 1241 1405 1279; x_wconf 89' lang='lat' dir='ltr'>Comicus</span> <span class='ocrx_word' id='word_1_130' title='bbox 1440 1252 1597 1291; x_wconf 90' lang='lat' dir='ltr'>quoque</span> <span class='ocrx_word' id='word_1_131' title='bbox 1634 1238 1792 1277; x_wconf 86' lang='lat' dir='ltr'>invenit.</span> 
     </span>
     <span class='ocr_line' id='line_1_16' title="bbox 338 1303 1793 1357; baseline -0.001 -14"><span class='ocrx_word' id='word_1_132' title='bbox 338 1305 448 1343; x_wconf 89' lang='lat' dir='ltr'>Alter</span> <span class='ocrx_word' id='word_1_133' title='bbox 467 1305 567 1343; x_wconf 91' lang='lat' dir='ltr'>enim</span> <span class='ocrx_word' id='word_1_134' title='bbox 589 1306 732 1357; x_wconf 86' lang='lat' dir='ltr'>accipit</span> <span class='ocrx_word' id='word_1_135' title='bbox 750 1307 798 1343; x_wconf 90' lang='lat' dir='ltr'>ab</span> <span class='ocrx_word' id='word_1_136' title='bbox 825 1306 933 1344; x_wconf 88' lang='lat' dir='ltr'>aliis:</span> <span class='ocrx_word' id='word_1_137' title='bbox 965 1306 1062 1344; x_wconf 88' lang='lat' dir='ltr'>alter</span> <span class='ocrx_word' id='word_1_138' title='bbox 1089 1306 1172 1357; x_wconf 90' lang='lat' dir='ltr'>ipse</span> <span class='ocrx_word' id='word_1_139' title='bbox 1195 1306 1264 1344; x_wconf 84' lang='lat' dir='ltr'>sibi</span> <span class='ocrx_word' id='word_1_140' title='bbox 1290 1305 1358 1343; x_wconf 89' lang='lat' dir='ltr'>dat</span> <span class='ocrx_word' id='word_1_141' title='bbox 1378 1305 1483 1355; x_wconf 92' lang='lat' dir='ltr'>quod</span> <span class='ocrx_word' id='word_1_142' title='bbox 1505 1303 1793 1355; x_wconf 89' lang='lat' dir='ltr'>disponendum</span> 
     </span>
     <span class='ocr_line' id='line_1_17' title="bbox 337 1368 1792 1422; baseline -0.001 -16"><span class='ocrx_word' id='word_1_143' title='bbox 337 1375 419 1412; x_wconf 85' lang='lat' dir='ltr'>est;</span> <span class='ocrx_word' id='word_1_144' title='bbox 462 1369 535 1407; x_wconf 89' lang='lat' dir='ltr'>nisi</span> <span class='ocrx_word' id='word_1_145' title='bbox 563 1370 594 1407; x_wconf 89' lang='lat' dir='ltr'>si</span> <span class='ocrx_word' id='word_1_146' title='bbox 626 1370 674 1407; x_wconf 90' lang='lat' dir='ltr'>ab</span> <span class='ocrx_word' id='word_1_147' title='bbox 705 1369 780 1408; x_wconf 90' lang='lat' dir='ltr'>alio</span> <span class='ocrx_word' id='word_1_148' title='bbox 815 1369 996 1408; x_wconf 85' lang='lat' dir='ltr'>desumat</span> <span class='ocrx_word' id='word_1_149' title='bbox 1031 1376 1317 1422; x_wconf 84' lang='lat' dir='ltr'>argumentum,</span> <span class='ocrx_word' id='word_1_150' title='bbox 1345 1375 1447 1407; x_wconf 86' lang='lat' dir='ltr'>certe</span> <span class='ocrx_word' id='word_1_151' title='bbox 1480 1368 1585 1419; x_wconf 86' lang='lat' dir='ltr'>apud</span> <span class='ocrx_word' id='word_1_152' title='bbox 1616 1368 1792 1406; x_wconf 86' lang='lat' dir='ltr'>Graecos.</span> 
     </span>
     <span class='ocr_line' id='line_1_18' title="bbox 339 1430 1790 1484; baseline -0.001 -15"><span class='ocrx_word' id='word_1_153' title='bbox 339 1432 441 1469; x_wconf 84' lang='lat' dir='ltr'>Nam</span> <span class='ocrx_word' id='word_1_154' title='bbox 463 1432 587 1470; x_wconf 87' lang='lat' dir='ltr'>Latini</span> <span class='ocrx_word' id='word_1_155' title='bbox 622 1433 789 1471; x_wconf 87' lang='lat' dir='ltr'>Fabulas</span> <span class='ocrx_word' id='word_1_156' title='bbox 825 1433 1065 1481; x_wconf 87' lang='lat' dir='ltr'>Graecorum,</span> <span class='ocrx_word' id='word_1_157' title='bbox 1102 1433 1368 1484; x_wconf 87' lang='lat' dir='ltr'>Dispositione</span> <span class='ocrx_word' id='word_1_158' title='bbox 1403 1431 1688 1483; x_wconf 87' lang='lat' dir='ltr'>aliquantulum</span> <span class='ocrx_word' id='word_1_159' title='bbox 1707 1430 1790 1481; x_wconf 84' lang='lat' dir='ltr'>ple-</span> 
     </span>
     <span class='ocr_line' id='line_1_19' title="bbox 338 1494 1795 1549; baseline -0.003 -14"><span class='ocrx_word' id='word_1_160' title='bbox 338 1509 499 1547; x_wconf 89' lang='lat' dir='ltr'>rumque</span> <span class='ocrx_word' id='word_1_161' title='bbox 520 1496 721 1535; x_wconf 87' lang='lat' dir='ltr'>immutata</span> <span class='ocrx_word' id='word_1_162' title='bbox 740 1504 778 1535; x_wconf 93' lang='lat' dir='ltr'>et</span> <span class='ocrx_word' id='word_1_163' title='bbox 796 1498 988 1549; x_wconf 86' lang='lat' dir='ltr'>personis,</span> <span class='ocrx_word' id='word_1_164' title='bbox 1017 1504 1306 1548; x_wconf 86' lang='lat' dir='ltr'>expresserunt.</span> <span class='ocrx_word' id='word_1_165' title='bbox 1366 1498 1417 1534; x_wconf 94' lang='lat' dir='ltr'>Ut</span> <span class='ocrx_word' id='word_1_166' title='bbox 1436 1509 1522 1535; x_wconf 90' lang='lat' dir='ltr'>cum</span> <span class='ocrx_word' id='word_1_167' title='bbox 1545 1509 1565 1533; x_wconf 90' lang='lat' dir='ltr'>e</span> <span class='ocrx_word' id='word_1_168' title='bbox 1587 1494 1795 1533; x_wconf 84' lang='lat' dir='ltr'>Menandri</span> 
     </span>
     <span class='ocr_line' id='line_1_20' title="bbox 341 1560 1792 1612; baseline -0.001 -15"><span class='ocrx_word' id='word_1_169' title='bbox 341 1560 532 1598; x_wconf 90' lang='lat' dir='ltr'>Eunucho</span> <span class='ocrx_word' id='word_1_170' title='bbox 553 1574 662 1598; x_wconf 90' lang='lat' dir='ltr'>suam</span> <span class='ocrx_word' id='word_1_171' title='bbox 684 1562 819 1612; x_wconf 83' lang='lat' dir='ltr'>paucis</span> <span class='ocrx_word' id='word_1_172' title='bbox 840 1562 1051 1600; x_wconf 88' lang='lat' dir='ltr'>immutatis</span> <span class='ocrx_word' id='word_1_173' title='bbox 1071 1562 1274 1600; x_wconf 83' lang='lat' dir='ltr'>Terentius</span> <span class='ocrx_word' id='word_1_174' title='bbox 1296 1561 1497 1612; x_wconf 82' lang='lat' dir='ltr'>expressit.</span> <span class='ocrx_word' id='word_1_175' title='bbox 1555 1560 1612 1597; x_wconf 89' lang='lat' dir='ltr'>Ea</span> <span class='ocrx_word' id='word_1_176' title='bbox 1631 1560 1792 1604; x_wconf 81' lang='lat' dir='ltr'>ratione,</span> 
     </span>
     <span class='ocr_line' id='line_1_21' title="bbox 341 1623 1794 1678; baseline -0.001 -16"><span class='ocrx_word' id='word_1_177' title='bbox 341 1635 384 1663; x_wconf 89' lang='lat' dir='ltr'>ut</span> <span class='ocrx_word' id='word_1_178' title='bbox 405 1625 541 1662; x_wconf 88' lang='lat' dir='ltr'>Davus</span> <span class='ocrx_word' id='word_1_179' title='bbox 576 1624 780 1672; x_wconf 85' lang='lat' dir='ltr'>Parmeno,</span> <span class='ocrx_word' id='word_1_180' title='bbox 816 1626 976 1678; x_wconf 86' lang='lat' dir='ltr'>Chrysis</span> <span class='ocrx_word' id='word_1_181' title='bbox 997 1627 1129 1673; x_wconf 90' lang='lat' dir='ltr'>Thais,</span> <span class='ocrx_word' id='word_1_182' title='bbox 1165 1626 1448 1663; x_wconf 85' lang='lat' dir='ltr'>Chaerestratus</span> <span class='ocrx_word' id='word_1_183' title='bbox 1471 1624 1532 1663; x_wconf 83' lang='lat' dir='ltr'>hic</span> <span class='ocrx_word' id='word_1_184' title='bbox 1553 1631 1659 1662; x_wconf 90' lang='lat' dir='ltr'>esset</span> <span class='ocrx_word' id='word_1_185' title='bbox 1678 1623 1794 1661; x_wconf 81' lang='lat' dir='ltr'>Phae-</span> 
     </span>
     <span class='ocr_line' id='line_1_22' title="bbox 341 1688 1793 1741; baseline -0.001 -15"><span class='ocrx_word' id='word_1_186' title='bbox 341 1689 435 1726; x_wconf 87' lang='lat' dir='ltr'>dria.</span> <span class='ocrx_word' id='word_1_187' title='bbox 493 1688 671 1735; x_wconf 86' lang='lat' dir='ltr'>Plautus,</span> <span class='ocrx_word' id='word_1_188' title='bbox 693 1689 729 1726; x_wconf 93' lang='lat' dir='ltr'>in</span> <span class='ocrx_word' id='word_1_189' title='bbox 751 1690 1086 1740; x_wconf 85' lang='lat' dir='ltr'>Tragico-comico</span> <span class='ocrx_word' id='word_1_190' title='bbox 1108 1690 1402 1741; x_wconf 82' lang='lat' dir='ltr'>Amphitryone,</span> <span class='ocrx_word' id='word_1_191' title='bbox 1419 1702 1523 1726; x_wconf 88' lang='lat' dir='ltr'>more</span> <span class='ocrx_word' id='word_1_192' title='bbox 1542 1688 1793 1739; x_wconf 86' lang='lat' dir='ltr'>Tragicorum</span> 
     </span>
     <span class='ocr_line' id='line_1_23' title="bbox 343 1752 1794 1805; baseline -0.001 -16"><span class='ocrx_word' id='word_1_193' title='bbox 343 1752 528 1790; x_wconf 82' lang='lat' dir='ltr'>Fabulam</span> <span class='ocrx_word' id='word_1_194' title='bbox 559 1753 710 1803; x_wconf 87' lang='lat' dir='ltr'>accepit</span> <span class='ocrx_word' id='word_1_195' title='bbox 742 1760 780 1791; x_wconf 90' lang='lat' dir='ltr'>et</span> <span class='ocrx_word' id='word_1_196' title='bbox 814 1754 1029 1805; x_wconf 90' lang='lat' dir='ltr'>disposuit:</span> <span class='ocrx_word' id='word_1_197' title='bbox 1061 1754 1130 1792; x_wconf 92' lang='lat' dir='ltr'>sed</span> <span class='ocrx_word' id='word_1_198' title='bbox 1164 1760 1203 1792; x_wconf 90' lang='lat' dir='ltr'>et</span> <span class='ocrx_word' id='word_1_199' title='bbox 1230 1753 1388 1790; x_wconf 86' lang='lat' dir='ltr'>nomina</span> <span class='ocrx_word' id='word_1_200' title='bbox 1417 1752 1574 1790; x_wconf 83' lang='lat' dir='ltr'>retinuit</span> <span class='ocrx_word' id='word_1_201' title='bbox 1603 1764 1650 1789; x_wconf 88' lang='lat' dir='ltr'>ex</span> <span class='ocrx_word' id='word_1_202' title='bbox 1670 1758 1794 1802; x_wconf 87' lang='lat' dir='ltr'>parte,</span> 
     </span>
     <span class='ocr_line' id='line_1_24' title="bbox 342 1816 1796 1868; baseline -0.001 -15"><span class='ocrx_word' id='word_1_203' title='bbox 342 1816 449 1867; x_wconf 91' lang='lat' dir='ltr'>quod</span> <span class='ocrx_word' id='word_1_204' title='bbox 481 1830 557 1854; x_wconf 89' lang='lat' dir='ltr'>non</span> <span class='ocrx_word' id='word_1_205' title='bbox 588 1817 688 1854; x_wconf 89' lang='lat' dir='ltr'>solet</span> <span class='ocrx_word' id='word_1_206' title='bbox 714 1817 751 1854; x_wconf 92' lang='lat' dir='ltr'>in</span> <span class='ocrx_word' id='word_1_207' title='bbox 785 1817 1012 1855; x_wconf 87' lang='lat' dir='ltr'>Comoedia:</span> <span class='ocrx_word' id='word_1_208' title='bbox 1045 1831 1090 1855; x_wconf 89' lang='lat' dir='ltr'>ex</span> <span class='ocrx_word' id='word_1_209' title='bbox 1123 1824 1245 1868; x_wconf 87' lang='lat' dir='ltr'>parte,</span> <span class='ocrx_word' id='word_1_210' title='bbox 1274 1817 1376 1854; x_wconf 89' lang='lat' dir='ltr'>fecit.</span> <span class='ocrx_word' id='word_1_211' title='bbox 1437 1816 1550 1853; x_wconf 87' lang='lat' dir='ltr'>Unde</span> <span class='ocrx_word' id='word_1_212' title='bbox 1570 1828 1670 1862; x_wconf 86' lang='lat' dir='ltr'>raro,</span> <span class='ocrx_word' id='word_1_213' title='bbox 1690 1816 1796 1852; x_wconf 89' lang='lat' dir='ltr'>inve-</span> 
     </span>
     <span class='ocr_line' id='line_1_25' title="bbox 343 1879 1795 1932; baseline 0.001 -15"><span class='ocrx_word' id='word_1_214' title='bbox 343 1881 447 1918; x_wconf 88' lang='lat' dir='ltr'>nisse</span> <span class='ocrx_word' id='word_1_215' title='bbox 481 1888 750 1931; x_wconf 85' lang='lat' dir='ltr'>argumentum</span> <span class='ocrx_word' id='word_1_216' title='bbox 782 1882 968 1932; x_wconf 83' lang='lat' dir='ltr'>Tragicus</span> <span class='ocrx_word' id='word_1_217' title='bbox 998 1882 1122 1919; x_wconf 68' lang='lat' dir='ltr'>Poeta</span> <span class='ocrx_word' id='word_1_218' title='bbox 1141 1881 1295 1926; x_wconf 89' lang='lat' dir='ltr'>dicitur,</span> <span class='ocrx_word' id='word_1_219' title='bbox 1328 1879 1451 1931; x_wconf 85' lang='lat' dir='ltr'>(quod</span> <span class='ocrx_word' id='word_1_220' title='bbox 1482 1886 1550 1917; x_wconf 88' lang='lat' dir='ltr'>aut</span> <span class='ocrx_word' id='word_1_221' title='bbox 1569 1893 1589 1917; x_wconf 89' lang='lat' dir='ltr'>e</span> <span class='ocrx_word' id='word_1_222' title='bbox 1609 1880 1795 1918; x_wconf 89' lang='lat' dir='ltr'>relatione</span> 
     </span>
     <span class='ocr_line' id='line_1_26' title="bbox 343 1943 1794 1995; baseline 0 -14"><span class='ocrx_word' id='word_1_223' title='bbox 343 1943 505 1981; x_wconf 83' lang='lat' dir='ltr'>aliorum</span> <span class='ocrx_word' id='word_1_224' title='bbox 526 1953 593 1981; x_wconf 86' lang='lat' dir='ltr'>aut</span> <span class='ocrx_word' id='word_1_225' title='bbox 613 1957 634 1981; x_wconf 90' lang='lat' dir='ltr'>e</span> <span class='ocrx_word' id='word_1_226' title='bbox 658 1944 823 1995; x_wconf 82' lang='lat' dir='ltr'>scriptis,</span> <span class='ocrx_word' id='word_1_227' title='bbox 854 1951 898 1982; x_wconf 86' lang='lat' dir='ltr'>ut</span> <span class='ocrx_word' id='word_1_228' title='bbox 928 1944 1099 1995; x_wconf 88' lang='lat' dir='ltr'>plerique</span> <span class='ocrx_word' id='word_1_229' title='bbox 1131 1957 1178 1982; x_wconf 84' lang='lat' dir='ltr'>ex</span> <span class='ocrx_word' id='word_1_230' title='bbox 1209 1944 1378 1981; x_wconf 90' lang='lat' dir='ltr'>Homero</span> <span class='ocrx_word' id='word_1_231' title='bbox 1413 1950 1480 1981; x_wconf 87' lang='lat' dir='ltr'>aut</span> <span class='ocrx_word' id='word_1_232' title='bbox 1515 1943 1637 1995; x_wconf 92' lang='lat' dir='ltr'>Cyclo</span> <span class='ocrx_word' id='word_1_233' title='bbox 1659 1944 1794 1995; x_wconf 90' lang='lat' dir='ltr'>Epico,</span> 
     </span>
     <span class='ocr_line' id='line_1_27' title="bbox 343 2007 1792 2058; baseline -0.001 -12"><span class='ocrx_word' id='word_1_234' title='bbox 343 2008 528 2058; x_wconf 89' lang='lat' dir='ltr'>petebant</span> <span class='ocrx_word' id='word_1_235' title='bbox 545 2008 572 2056; x_wconf 80' lang='lat' dir='ltr'>z)</span> <span class='ocrx_word' id='word_1_236' title='bbox 600 2014 736 2045; x_wconf 89' lang='lat' dir='ltr'>contra</span> <span class='ocrx_word' id='word_1_237' title='bbox 757 2015 884 2046; x_wconf 88' lang='lat' dir='ltr'>autem</span> <span class='ocrx_word' id='word_1_238' title='bbox 907 2009 1068 2047; x_wconf 89' lang='lat' dir='ltr'>Comici.</span> <span class='ocrx_word' id='word_1_239' title='bbox 1126 2008 1371 2054; x_wconf 85' lang='lat' dir='ltr'>Aristoteles,</span> <span class='ocrx_word' id='word_1_240' title='bbox 1391 2009 1430 2046; x_wconf 80' lang='grc' dir='ltr'>τὸ</span> <span class='ocrx_word' id='word_1_241' title='bbox 1450 2007 1490 2045; x_wconf 78' lang='grc' dir='ltr'>δὲ</span> <span class='ocrx_word' id='word_1_242' title='bbox 1508 2008 1640 2058; x_wconf 74' lang='grc' dir='ltr'>μύθους</span> <span class='ocrx_word' id='word_1_243' title='bbox 1659 2013 1792 2053; x_wconf 81' lang='grc' dir='ltr'>ποιεῖν,</span> 
     </span>
     <span class='ocr_line' id='line_1_28' title="bbox 341 2070 1796 2125; baseline 0 -16"><span class='ocrx_word' id='word_1_244' title='bbox 341 2073 569 2123; x_wconf 80' lang='grc' dir='ltr'>Ἐπίχαρμος</span> <span class='ocrx_word' id='word_1_245' title='bbox 596 2074 654 2109; x_wconf 81' lang='grc' dir='ltr'>καὶ</span> <span class='ocrx_word' id='word_1_246' title='bbox 686 2073 815 2122; x_wconf 78' lang='grc' dir='ltr'>Φόρμις</span> <span class='ocrx_word' id='word_1_247' title='bbox 836 2071 958 2125; x_wconf 74' lang='grc' dir='ltr'>ἧρξαν.</span> <span class='ocrx_word' id='word_1_248' title='bbox 1015 2073 1075 2110; x_wconf 89' lang='lat' dir='ltr'>Ita</span> <span class='ocrx_word' id='word_1_249' title='bbox 1100 2086 1183 2110; x_wconf 80' lang='lat' dir='ltr'>eam</span> <span class='ocrx_word' id='word_1_250' title='bbox 1207 2085 1352 2118; x_wconf 85' lang='lat' dir='ltr'>vocem,</span> <span class='ocrx_word' id='word_1_251' title='bbox 1374 2084 1452 2108; x_wconf 89' lang='lat' dir='ltr'>non</span> <span class='ocrx_word' id='word_1_252' title='bbox 1481 2077 1525 2108; x_wconf 86' lang='lat' dir='ltr'>ut</span> <span class='ocrx_word' id='word_1_253' title='bbox 1544 2070 1714 2122; x_wconf 84' lang='lat' dir='ltr'>quidam,</span> <span class='ocrx_word' id='word_1_254' title='bbox 1733 2070 1796 2109; x_wconf 87' lang='lat' dir='ltr'>hic</span> 
     </span>
     <span class='ocr_line' id='line_1_29' title="bbox 344 2134 1794 2187; baseline 0 -15"><span class='ocrx_word' id='word_1_255' title='bbox 344 2135 505 2186; x_wconf 73' lang='lat' dir='ltr'>accipio,</span> <span class='ocrx_word' id='word_1_256' title='bbox 564 2138 692 2174; x_wconf 82' lang='grc' dir='ltr'>Μῦθος</span> <span class='ocrx_word' id='word_1_257' title='bbox 713 2137 827 2183; x_wconf 88' lang='lat' dir='ltr'>enim,</span> <span class='ocrx_word' id='word_1_258' title='bbox 847 2144 888 2174; x_wconf 91' lang='lat' dir='ltr'>ut</span> <span class='ocrx_word' id='word_1_259' title='bbox 907 2137 1051 2187; x_wconf 88' lang='lat' dir='ltr'>ubique</span> <span class='ocrx_word' id='word_1_260' title='bbox 1085 2137 1165 2174; x_wconf 87' lang='lat' dir='ltr'>fere</span> <span class='ocrx_word' id='word_1_261' title='bbox 1198 2136 1412 2182; x_wconf 84' lang='lat' dir='ltr'>Aristoteli,</span> <span class='ocrx_word' id='word_1_262' title='bbox 1446 2148 1523 2172; x_wconf 87' lang='lat' dir='ltr'>non</span> <span class='ocrx_word' id='word_1_263' title='bbox 1555 2134 1690 2172; x_wconf 88' lang='lat' dir='ltr'>drama</span> <span class='ocrx_word' id='word_1_264' title='bbox 1719 2141 1794 2182; x_wconf 88' lang='lat' dir='ltr'>est,</span> 
     </span>
     <span class='ocr_line' id='line_1_30' title="bbox 345 2199 1796 2250; baseline 0 -13"><span class='ocrx_word' id='word_1_265' title='bbox 345 2199 415 2237; x_wconf 89' lang='lat' dir='ltr'>sed</span> <span class='ocrx_word' id='word_1_266' title='bbox 435 2212 482 2237; x_wconf 87' lang='lat' dir='ltr'>ea</span> <span class='ocrx_word' id='word_1_267' title='bbox 502 2200 616 2246; x_wconf 85' lang='lat' dir='ltr'>actio,</span> <span class='ocrx_word' id='word_1_268' title='bbox 637 2213 657 2236; x_wconf 93' lang='lat' dir='ltr'>e</span> <span class='ocrx_word' id='word_1_269' title='bbox 678 2213 756 2250; x_wconf 86' lang='lat' dir='ltr'>qua</span> <span class='ocrx_word' id='word_1_270' title='bbox 777 2200 912 2237; x_wconf 84' lang='lat' dir='ltr'>drama</span> <span class='ocrx_word' id='word_1_271' title='bbox 933 2200 1195 2246; x_wconf 88' lang='lat' dir='ltr'>constituitur,</span> <span class='ocrx_word' id='word_1_272' title='bbox 1216 2203 1236 2246; x_wconf 80' lang='grc' dir='ltr'><em>ἡ</em></span> <span class='ocrx_word' id='word_1_273' title='bbox 1257 2204 1392 2250; x_wconf 76' lang='grc' dir='ltr'>πρᾶξις,</span> <span class='ocrx_word' id='word_1_274' title='bbox 1415 2202 1435 2244; x_wconf 82' lang='grc' dir='ltr'>ἡ</span> <span class='ocrx_word' id='word_1_275' title='bbox 1456 2209 1516 2245; x_wconf 81' lang='grc' dir='ltr'>τῆς</span> <span class='ocrx_word' id='word_1_276' title='bbox 1537 2204 1796 2250; x_wconf 79' lang='grc' dir='ltr'>πραγματείας</span> 
     </span>
     <span class='ocr_line' id='line_1_31' title="bbox 347 2262 1796 2315; baseline 0.001 -15"><span class='ocrx_word' id='word_1_277' title='bbox 347 2266 547 2301; x_wconf 63' lang='lat' dir='ltr'>edm-mus:</span> <span class='ocrx_word' id='word_1_278' title='bbox 576 2263 771 2313; x_wconf 90' lang='lat' dir='ltr'>quomodo</span> <span class='ocrx_word' id='word_1_279' title='bbox 804 2270 843 2300; x_wconf 88' lang='lat' dir='ltr'>et</span> <span class='ocrx_word' id='word_1_280' title='bbox 862 2264 1017 2313; x_wconf 87' lang='lat' dir='ltr'>accipit,</span> <span class='ocrx_word' id='word_1_281' title='bbox 1049 2277 1136 2301; x_wconf 89' lang='lat' dir='ltr'>cum</span> <span class='ocrx_word' id='word_1_282' title='bbox 1171 2264 1279 2309; x_wconf 86' lang='lat' dir='ltr'>dixit,</span> <span class='ocrx_word' id='word_1_283' title='bbox 1313 2266 1426 2314; x_wconf 79' lang='grc' dir='ltr'>μῦθος</span> <span class='ocrx_word' id='word_1_284' title='bbox 1455 2262 1484 2300; x_wconf 79' lang='grc' dir='ltr'>δ’</span> <span class='ocrx_word' id='word_1_285' title='bbox 1522 2264 1622 2301; x_wconf 78' lang='grc' dir='ltr'>ἐστὶν</span> <span class='ocrx_word' id='word_1_286' title='bbox 1641 2262 1704 2310; x_wconf 76' lang='grc' dir='ltr'>εἷς,</span> <span class='ocrx_word' id='word_1_287' title='bbox 1724 2266 1796 2315; x_wconf 81' lang='grc' dir='ltr'>οὐχ</span> 
     </span>
     <span class='ocr_line' id='line_1_32' title="bbox 347 2325 1795 2381; baseline 0 -17"><span class='ocrx_word' id='word_1_288' title='bbox 347 2330 468 2376; x_wconf 79' lang='grc' dir='ltr'>ὥσπερ</span> <span class='ocrx_word' id='word_1_289' title='bbox 487 2328 582 2364; x_wconf 76' lang='grc' dir='ltr'>τινὲς</span> <span class='ocrx_word' id='word_1_290' title='bbox 602 2328 756 2374; x_wconf 68' lang='grc' dir='ltr'>οἰόνται,</span> <span class='ocrx_word' id='word_1_291' title='bbox 778 2328 844 2365; x_wconf 80' lang='grc' dir='ltr'>ἐὰν</span> <span class='ocrx_word' id='word_1_292' title='bbox 864 2330 946 2377; x_wconf 82' lang='grc' dir='ltr'>περὶ</span> <span class='ocrx_word' id='word_1_293' title='bbox 967 2330 1034 2365; x_wconf 77' lang='grc' dir='ltr'>ἕνα</span> <span class='ocrx_word' id='word_1_294' title='bbox 1056 2325 1092 2381; x_wconf 80' lang='grc' dir='ltr'>ᾖ.</span> <span class='ocrx_word' id='word_1_295' title='bbox 1150 2328 1199 2364; x_wconf 87' lang='lat' dir='ltr'>Et</span> <span class='ocrx_word' id='word_1_296' title='bbox 1228 2329 1310 2378; x_wconf 87' lang='lat' dir='ltr'>ipse</span> <span class='ocrx_word' id='word_1_297' title='bbox 1338 2327 1567 2377; x_wconf 83' lang='grc' dir='ltr'>πολυμύθους</span> <span class='ocrx_word' id='word_1_298' title='bbox 1581 2340 1647 2365; x_wconf 87' lang='lat' dir='ltr'>eos</span> <span class='ocrx_word' id='word_1_299' title='bbox 1667 2334 1795 2372; x_wconf 83' lang='lat' dir='ltr'>vocat,</span> 
     </span>
     <span class='ocr_line' id='line_1_33' title="bbox 346 2390 1791 2441; baseline 0.001 -14"><span class='ocrx_word' id='word_1_300' title='bbox 346 2391 412 2441; x_wconf 91' lang='lat' dir='ltr'>qui</span> <span class='ocrx_word' id='word_1_301' title='bbox 434 2391 493 2428; x_wconf 85' lang='lat' dir='ltr'>vel</span> <span class='ocrx_word' id='word_1_302' title='bbox 513 2391 651 2437; x_wconf 79' lang='lat' dir='ltr'>varias,</span> <span class='ocrx_word' id='word_1_303' title='bbox 671 2391 732 2428; x_wconf 84' lang='lat' dir='ltr'>vel</span> <span class='ocrx_word' id='word_1_304' title='bbox 753 2404 840 2441; x_wconf 84' lang='lat' dir='ltr'>quae</span> <span class='ocrx_word' id='word_1_305' title='bbox 861 2401 1032 2441; x_wconf 89' lang='lat' dir='ltr'>tempore</span> <span class='ocrx_word' id='word_1_306' title='bbox 1047 2391 1198 2437; x_wconf 91' lang='lat' dir='ltr'>eodem,</span> <span class='ocrx_word' id='word_1_307' title='bbox 1216 2393 1263 2428; x_wconf 88' lang='lat' dir='ltr'>ab</span> <span class='ocrx_word' id='word_1_308' title='bbox 1285 2391 1375 2437; x_wconf 87' lang='lat' dir='ltr'>alio,</span> <span class='ocrx_word' id='word_1_309' title='bbox 1396 2404 1473 2428; x_wconf 89' lang='lat' dir='ltr'>non</span> <span class='ocrx_word' id='word_1_310' title='bbox 1497 2403 1587 2437; x_wconf 90' lang='lat' dir='ltr'>uno,</span> <span class='ocrx_word' id='word_1_311' title='bbox 1601 2397 1639 2428; x_wconf 85' lang='lat' dir='ltr'>et</span> <span class='ocrx_word' id='word_1_312' title='bbox 1654 2390 1791 2428; x_wconf 89' lang='lat' dir='ltr'>eodem</span> 
     </span>
     <span class='ocr_line' id='line_1_34' title="bbox 347 2453 1794 2505; baseline -0.001 -14"><span class='ocrx_word' id='word_1_313' title='bbox 347 2460 469 2504; x_wconf 80' lang='lat' dir='ltr'>gestae</span> <span class='ocrx_word' id='word_1_314' title='bbox 491 2460 594 2499; x_wconf 88' lang='lat' dir='ltr'>sunt,</span> <span class='ocrx_word' id='word_1_315' title='bbox 613 2454 870 2504; x_wconf 85' lang='lat' dir='ltr'>conjungunt.</span> <span class='ocrx_word' id='word_1_316' title='bbox 938 2454 1108 2505; x_wconf 86' lang='lat' dir='ltr'>Ideoque</span> <span class='ocrx_word' id='word_1_317' title='bbox 1146 2454 1332 2491; x_wconf 86' lang='lat' dir='ltr'>Fabulam</span> <span class='ocrx_word' id='word_1_318' title='bbox 1364 2453 1520 2504; x_wconf 88' lang='lat' dir='ltr'>eligere,</span> <span class='ocrx_word' id='word_1_319' title='bbox 1559 2460 1598 2490; x_wconf 89' lang='lat' dir='ltr'>et</span> <span class='ocrx_word' id='word_1_320' title='bbox 1631 2453 1794 2491; x_wconf 86' lang='lat' dir='ltr'>electam</span> 
     </span>
     <span class='ocr_line' id='line_1_35' title="bbox 347 2517 1794 2569; baseline 0 -15"><span class='ocrx_word' id='word_1_321' title='bbox 347 2525 449 2555; x_wconf 81' lang='lat' dir='ltr'>recte</span> <span class='ocrx_word' id='word_1_322' title='bbox 471 2530 514 2555; x_wconf 89' lang='lat' dir='ltr'>ac</span> <span class='ocrx_word' id='word_1_323' title='bbox 535 2517 670 2554; x_wconf 88' lang='lat' dir='ltr'>ordine</span> <span class='ocrx_word' id='word_1_324' title='bbox 699 2518 916 2568; x_wconf 84' lang='lat' dir='ltr'>disponere,</span> <span class='ocrx_word' id='word_1_325' title='bbox 936 2526 979 2556; x_wconf 89' lang='lat' dir='ltr'>ut</span> <span class='ocrx_word' id='word_1_326' title='bbox 999 2519 1120 2569; x_wconf 84' lang='lat' dir='ltr'>prima</span> <span class='ocrx_word' id='word_1_327' title='bbox 1146 2518 1280 2564; x_wconf 90' lang='lat' dir='ltr'>virtus,</span> <span class='ocrx_word' id='word_1_328' title='bbox 1308 2518 1362 2555; x_wconf 86' lang='lat' dir='ltr'>ita</span> <span class='ocrx_word' id='word_1_329' title='bbox 1381 2517 1545 2568; x_wconf 88' lang='lat' dir='ltr'>primum</span> <span class='ocrx_word' id='word_1_330' title='bbox 1565 2517 1794 2554; x_wconf 87' lang='lat' dir='ltr'>maximum-</span> 
     </span>
     <span class='ocr_line' id='line_1_36' title="bbox 348 2581 1796 2633; baseline 0 -16"><span class='ocrx_word' id='word_1_331' title='bbox 348 2594 424 2632; x_wconf 89' lang='lat' dir='ltr'>quc</span> <span class='ocrx_word' id='word_1_332' title='bbox 444 2594 540 2631; x_wconf 90' lang='lat' dir='ltr'>opus</span> <span class='ocrx_word' id='word_1_333' title='bbox 562 2587 633 2619; x_wconf 86' lang='lat' dir='ltr'>cst.</span> <span class='ocrx_word' id='word_1_334' title='bbox 676 2582 719 2617; x_wconf 89' lang='lat' dir='ltr'>In</span> <span class='ocrx_word' id='word_1_335' title='bbox 743 2583 1019 2633; x_wconf 83' lang='lat' dir='ltr'>Amphitryone</span> <span class='ocrx_word' id='word_1_336' title='bbox 1041 2595 1280 2620; x_wconf 84' lang='lat' dir='ltr'>maneamus.</span> <span class='ocrx_word' id='word_1_337' title='bbox 1328 2581 1443 2627; x_wconf 88' lang='lat' dir='ltr'>Nam,</span> <span class='ocrx_word' id='word_1_338' title='bbox 1464 2587 1506 2618; x_wconf 90' lang='lat' dir='ltr'>ut</span> <span class='ocrx_word' id='word_1_339' title='bbox 1525 2586 1796 2631; x_wconf 85' lang='lat' dir='ltr'>argumentum</span> 
     </span>
     <span class='ocr_line' id='line_1_37' title="bbox 347 2644 1794 2695; baseline -0.001 -13"><span class='ocrx_word' id='word_1_340' title='bbox 347 2646 421 2682; x_wconf 84' lang='lat' dir='ltr'>hoc</span> <span class='ocrx_word' id='word_1_341' title='bbox 442 2644 603 2695; x_wconf 87' lang='lat' dir='ltr'>accepit,</span> <span class='ocrx_word' id='word_1_342' title='bbox 631 2645 684 2682; x_wconf 85' lang='lat' dir='ltr'>ita</span> <span class='ocrx_word' id='word_1_343' title='bbox 703 2645 785 2694; x_wconf 88' lang='lat' dir='ltr'>ipse</span> <span class='ocrx_word' id='word_1_344' title='bbox 806 2658 853 2682; x_wconf 77' lang='lat' dir='ltr'>ex</span> <span class='ocrx_word' id='word_1_345' title='bbox 885 2646 1000 2683; x_wconf 86' lang='lat' dir='ltr'>animi</span> <span class='ocrx_word' id='word_1_346' title='bbox 1033 2646 1225 2684; x_wconf 84' lang='lat' dir='ltr'>sententia</span> <span class='ocrx_word' id='word_1_347' title='bbox 1245 2645 1447 2695; x_wconf 87' lang='lat' dir='ltr'>disposuit.</span> <span class='ocrx_word' id='word_1_348' title='bbox 1506 2644 1636 2687; x_wconf 89' lang='lat' dir='ltr'>Quare</span> <span class='ocrx_word' id='word_1_349' title='bbox 1657 2644 1794 2695; x_wconf 90' lang='lat' dir='ltr'>potuit,</span> 
     </span>
     <span class='ocr_line' id='line_1_38' title="bbox 350 2707 1793 2759; baseline 0.001 -14"><span class='ocrx_word' id='word_1_350' title='bbox 350 2717 393 2745; x_wconf 87' lang='lat' dir='ltr'>ut</span> <span class='ocrx_word' id='word_1_351' title='bbox 412 2708 544 2754; x_wconf 88' lang='lat' dir='ltr'>voluit,</span> <span class='ocrx_word' id='word_1_352' title='bbox 578 2708 698 2758; x_wconf 85' lang='lat' dir='ltr'>ligare</span> <span class='ocrx_word' id='word_1_353' title='bbox 735 2709 920 2746; x_wconf 87' lang='lat' dir='ltr'>Fabulam</span> <span class='ocrx_word' id='word_1_354' title='bbox 941 2723 987 2748; x_wconf 79' lang='lat' dir='ltr'>ac</span> <span class='ocrx_word' id='word_1_355' title='bbox 1013 2710 1173 2748; x_wconf 88' lang='lat' dir='ltr'>solvere.</span> <span class='ocrx_word' id='word_1_356' title='bbox 1232 2710 1274 2746; x_wconf 93' lang='lat' dir='ltr'>In</span> <span class='ocrx_word' id='word_1_357' title='bbox 1296 2721 1343 2746; x_wconf 88' lang='lat' dir='ltr'>ea</span> <span class='ocrx_word' id='word_1_358' title='bbox 1373 2708 1489 2759; x_wconf 88' lang='lat' dir='ltr'>igitur</span> <span class='ocrx_word' id='word_1_359' title='bbox 1516 2707 1648 2746; x_wconf 86' lang='lat' dir='ltr'>divina</span> <span class='ocrx_word' id='word_1_360' title='bbox 1668 2707 1793 2747; x_wconf 74' lang='grc' dir='ltr'>ὃέσιςτ</span> 
     </span>
     <span class='ocr_line' id='line_1_39' title="bbox 350 2771 1796 2824; baseline 0 -14"><span class='ocrx_word' id='word_1_361' title='bbox 350 2772 444 2811; x_wconf 83' lang='lat' dir='ltr'>mira</span> <span class='ocrx_word' id='word_1_362' title='bbox 464 2772 565 2810; x_wconf 84' lang='lat' dir='ltr'>enim</span> <span class='ocrx_word' id='word_1_363' title='bbox 587 2772 731 2811; x_wconf 82' lang='lat' dir='ltr'>ratione</span> <span class='ocrx_word' id='word_1_364' title='bbox 753 2773 958 2824; x_wconf 81' lang='lat' dir='ltr'>impeditur</span> <span class='ocrx_word' id='word_1_365' title='bbox 987 2774 1134 2813; x_wconf 84' lang='lat' dir='ltr'>Fabula</span> <span class='ocrx_word' id='word_1_366' title='bbox 1151 2781 1189 2812; x_wconf 88' lang='lat' dir='ltr'>et</span> <span class='ocrx_word' id='word_1_367' title='bbox 1209 2773 1406 2811; x_wconf 85' lang='lat' dir='ltr'>intricatur</span> <span class='ocrx_word' id='word_1_368' title='bbox 1428 2771 1542 2810; x_wconf 86' lang='lat' dir='ltr'>aetio.</span> <span class='ocrx_word' id='word_1_369' title='bbox 1599 2772 1651 2810; x_wconf 90' lang='lat' dir='ltr'>At</span> <span class='ocrx_word' id='word_1_370' title='bbox 1670 2778 1796 2811; x_wconf 84' lang='lat' dir='ltr'>trans-</span> 
     </span>
    </p>
   </div>
  </div>
 </body>
</html>
