1903 3306
548 249 755 279 ANDRlAE
790 248 898 280 Ac-T.
933 249 961 279 1.
994 247 1061 278 sc.
1096 249 1146 278 11.
1493 240 1577 282 ⁸291

123 347 220 388 DA.
251 346 323 387 Ita
344 346 483 387 aiunt.
544 344 611 385 S1.
643 344 759 385 Tum
796 344 833 384 si
857 343 958 397 quis
978 342 1235 395 magistrum
1259 343 1381 396 cepit
1403 343 1459 384 ad
1480 358 1578 386 eam

291 426 380 454 rem
403 412 661 465 improbum,

121 480 276 535 Ipsum
297 480 491 521 animum
513 483 726 530 aegrotum
749 478 805 519 ad
840 478 1097 520 deteriorem
1121 479 1293 531 partem
1316 477 1574 532 plerumque

291 546 501 599 applicat.

121 615 214 656 DA.
246 613 352 656 Non
386 612 529 653 hercle
560 612 778 665 intelligo.
839 613 906 654 S1.
950 612 1083 654 Non?
1129 613 1244 654 hem.
1316 612 1411 653 DA.
1442 611 1547 653 Non
1566 625 1576 653 ε

293 680 448 721 Davus
469 692 580 729 sum,
601 692 689 720 non
707 680 920 734 OEdipus.
1117 685 1122 686 ⁷
1157 694 1159 697 ¹

122 749 188 790 SI.
220 746 395 800 Nempe
428 759 532 799 ergo
561 750 707 800 aperte
726 748 811 797 vis,
847 761 947 801 quae
967 749 1142 797 restant,
1177 760 1246 787 me
1266 746 1421 800 loqui?
1484 747 1577 788 DA.

292 814 407 855 Sane
428 813 622 867 quidem.

122 883 190 924 S1.
221 862 270 922 §i
291 893 472 922 sensero
491 880 625 921 hodie
646 880 949 935 quicquamvin
971 879 1040 921 his
1060 883 1103 921 te
1125 879 1292 933 nuptiis
1520 881 1578 922 25

123 949 336 991 Fallaciae
356 938 632 1002 conarisquo
654 948 761 989 fiant
782 946 952 1001 minus'ff':
1197 992 1205 997 „

123 1017 217 1059 Aut
235 1016 347 1057 velle
368 1015 413 1055 in
433 1028 486 1056 ea
506 1004 552 1055 re
573 1015 762 1065 ostendi,
783 1028 918 1068 quam
939 1014 1002 1055 sis
1024 1013 1211 1055 callidus
1229 1027 1239 1055 :

122 1083 393 1125 Verberibus
426 1079 592 1123 caesum
624 1086 686 1132 te,
722 1083 865 1133 Dave,
898 1083 944 1124 in
975 1081 1208 1135 pistrinum
1242 1080 1402 1122 dedam
1435 1094 1578 1136 usque

293 1150 350 1191 ad
371 1162 524 1191 necem
542 1163 553 1201 ;

123 1271 191 1311 quis
215 1270 276 1303 sibi
297 1271 408 1309 sumsit
430 1271 617 1310 magistrum
642 1272 682 1302 ad
705 1280 851 1310 amorem,
874 1269 1058 1310 improbum,
1080 1269 1180 1310 ipsum
1203 1269 1339 1301 animum
1365 1268 1493 1302 libidine
1509 1268 1579 1308 jam

123 1323 244 1352 a’grum
254 1315 294 1345 acl
307 1314 491 1345 deteriorem
511 1318 631 1353 partem
645 1315 822 1353 plerumque
837 1314 983 1353 applicat.
1032 1313 1102 1344 DA.
1127 1312 1193 1343 Per
1208 1313 1388 1351 Herculem,
1412 1313 1488 1352 hcec,
1510 1322 1578 1352 quce

123 1356 216 1396 dicis,
238 1367 299 1387 non
327 1357 481 1395 intelligo.
527 1357 576 1386 St.
604 1357 674 1386 Non
698 1355 879 1394 intelligis?
901 1355 994 1386 Hem.
1039 1355 1106 1386 DA.
1132 1355 1227 1385 Non.-
1259 1356 1368 1386 Davus
1392 1364 1471 1394 sum,
1494 1355 1580 1385 tardi

122 1398 246 1438 ingenii
258 1400 418 1430 servulus:
449 1408 508 1429 non
534 1398 670 1438 OEdz'pus
682 1399 885 1436 aenigmatum
900 1398 1062 1437 interpres.
1105 1397 1155 1428 Sl.
1181 1398 1300 1435 Nempe
1312 1407 1386 1436 ergo
1409 1398 1454 1428 vis
1473 1400 1580 1437 aperte

123 1450 172 1472 me
182 1442 276 1481 loqui,
291 1451 359 1480 quoe
373 1444 492 1472 restant
508 1441 584 1471 mihi
596 1439 751 1472 dicenda?
797 1440 864 1471 DA.
888 1440 927 1470 Id
940 1443 1023 1470 certe
1037 1440 1141 1471 velim.
1184 1440 1233 1470 Sr.
1259 1440 1297 1470 Si
1311 1449 1433 1471 sensero
1449 1443 1479 1470 te
1495 1441 1580 1479 quic-

124 1492 215 1522 quam
230 1483 372 1522 fallaciae
387 1483 477 1514 hodie
500 1483 618 1520 conari,
643 1485 683 1514 ad
703 1483 758 1513 has
776 1483 900 1522 nuptias
915 1482 1121 1522 impediendas
1133 1493 1144 1519 ‚·
1168 1486 1222 1513 aut
1235 1483 1314 1513 velle
1337 1483 1371 1513 z'n
1386 1483 1446 1512 isto
1468 1485 1579 1513 conatu

125 1527 296 1564 ostendere,
309 1529 458 1566 quantum
471 1526 514 1556 sis
529 1528 649 1556 astutus
658 1536 668 1556 .·
690 1525 792 1565 virgis
804 1523 997 1556 verberatum
1010 1528 1040 1556 te
1054 1526 1088 1556 in
1100 1525 1283 1566 pistrinum,
1294 1526 1394 1563 Dave,
1404 1524 1580 1564 conjiciam,

732 1610 967 1623 eeeeeeeeeeee

124 1664 182 1703 ris,
198 1665 310 1697 dicam.
354 1666 401 1697 Et
426 1665 474 1697 ita
500 1665 569 1698 ET.
594 1667 643 1698 Id.
671 1667 703 1697 in
719 1668 803 1698 Add.
849 1666 968 1698 Codici
999 1667 1058 1697 Bt.
1086 1666 1211 1697 desunt
1227 1664 1361 1696 nomina
1388 1665 1459 1697 DA.
1477 1668 1513 1696 et
1527 1664 1579 1696 Sr.

125 1712 205 1738 ante
219 1707 336 1747 verba,
362 1718 436 1748 quae
453 1709 493 1739 iis
511 1710 543 1739 in
560 1709 642 1740 edit.
660 1709 870 1741 tribuuntur.
917 1709 1032 1749 Atque
1049 1709 1158 1740 codici
1182 1709 1309 1739 Donati
1333 1707 1483 1738 defuisse
1506 1717 1579 1738 sus-

126 1750 261 1789 picatur
275 1751 437 1782 Zeunins.
462 1751 582 1783 Bruns.
627 1752 712 1782 Post
736 1752 807 1783 Hoc
834 1764 862 1792 q.
888 1761 914 1782 ε.
953 1752 1034 1782 Hel.
1062 1752 1136 1782 haec
1163 1751 1334 1781 inculcat:
1359 1751 1484 1781 Nescio.
1526 1750 1579 1781 Sr.

122 1791 162 1822 Si
176 1789 308 1832 (justas,
334 1792 444 1824 dicam.
492 1795 617 1830 Omnes,
643 1796 696 1833 ὅγε.
721 1795 788 1826 Gu.
804 1797 836 1825 2.
861 1795 933 1825 Hoc
956 1794 1028 1834 quid
1051 1795 1106 1832 sit,
1128 1794 1249 1832 ignoro.
1268 1792 1367 1824 Both.
1410 1793 1580 1824 Venustas

124 1833 212 1873 fecit
226 1839 264 1865 ut
280 1835 323 1866 de
340 1835 397 1867 illo
414 1835 618 1875 dubitarem,
636 1837 707 1867 Hoc
722 1838 799 1876 quid
823 1837 866 1868 sit
878 1835 894 1868 ί)
916 1836 1073 1867 sciebam
1098 1837 1186 1866 enim
1210 1836 1295 1870 Quid
1311 1836 1366 1866 hoc
1382 1836 1487 1875 magis
1505 1844 1581 1866 esse

124 1877 383 1917 Terentianum,
400 1887 500 1918 quam
515 1879 601 1914 Quid
624 1879 679 1909 hoc
700 1877 769 1910 sit?
794 1880 879 1910 Cum
897 1888 977 1918 ergo
993 1878 1154 1918 mihijam
1172 1883 1262 1909 esset
1279 1878 1374 1909 locus
1390 1883 1580 1917 suspectus,

124 1925 160 1950 et
175 1920 338 1960 scriptum
356 1927 474 1960 postea
490 1920 524 1951 in
549 1921 622 1952 aliis
649 1921 901 1961 exemplaribus
918 1922 1123 1952 adverterim
1142 1921 1248 1951 Miror
1263 1921 1335 1960 quid
1350 1920 1404 1950 hoc
1419 1921 1473 1958 sit,
1485 1920 1579 1960 judi-

123 1963 196 1993 cavi
219 1963 424 2003 Interpretis
453 1962 558 1994 verba
584 1973 645 2004 pro
674 1964 889 1994 Terentianis
914 1963 949 1994 in
975 1968 1174 1994 contextum
1208 1963 1399 2002 irrepsisse.
1424 1963 1504 1993 Gov.
1537 1963 1579 1994 Si

122 2005 255 2044 quoerds,
271 2006 371 2037 dicam
387 2005 488 2037 habet
500 2005 618 2037 Guelf.
636 2009 664 2036 l.
690 2007 806 2045 Ignoro
822 2008 938 2038 2.—21
951 2005 1007 2037 Ad
1018 2007 1027 2023 ‘
1038 2006 1132 2046 cepit
1143 2005 1151 2018 '
1169 2005 1281 2045 glossa
1295 2006 1352 2036 τοῦ
1367 2006 1426 2036 Br.
1442 2006 1581 2045 scripsit

121 2048 131 2063 ‘
143 2047 292 2079 habere.'
335 2048 440 2088 Legit
465 2048 572 2087 igitur
588 2050 699 2089 glossa
714 2049 816 2089 coepit,
837 2052 977 2080 notante
992 2049 1116 2080 Bruns.
1139 2048 1228 2079 ‘Gu.
1247 2051 1276 2079 l.
1294 2048 1328 2078 in
1343 2048 1447 2078 litura
1464 2048 1581 2087 magis-

123 2089 261 2121 terium.’
283 2089 473 2121 Both-22
490 2090 525 2120 Si
548 2089 586 2121 τὸ
613 2092 720 2131 Ipsum
749 2090 877 2121 referas
894 2090 936 2121 ad
957 2092 967 2108 ‘
982 2092 1129 2122 animum
1155 2090 1250 2130 aegr!
1268 2091 1428 2130 languere
1444 2089 1580 2121 videtur

121 2132 304 2163 sententia.
349 2132 562 2164 Crediderim
586 2133 703 2173 igitur,
729 2134 905 2174 scripsisse
921 2133 1079 2170 Poe'tam‚
1107 2133 1193 2173 Ipsu'
1215 2133 1363 2172 animum,
1378 2133 1411 2164 h.
1425 2142 1456 2163 e.
1474 2133 1578 2173 Ipsus,

120 2173 226 2215 idque
250 2185 270 2206 a
296 2174 459 2206 Librariis
475 2180 644 2207 mutatum
660 2177 693 2206 in
711 2175 828 2216 Ipsum.
853 2176 1047 2206 West.—23
1072 2176 1112 2207 In
1131 2177 1171 2206 R.
1198 2174 1236 2205 τὸ
1259 2176 1326 2206 hem
1349 2175 1578 2208 desideratur.

123 2215 308 2248 Mum—25
333 2217 446 2249 Aliter
461 2218 554 2250 hisce.
576 2219 723 2249 Plu—27
749 2219 894 2250 Ostendi.
924 2218 978 2248 Ita
993 2222 1070 2258 post
1086 2219 1144 2249 Fa.
1160 2218 1274 2258 plures
1298 2218 1477 2258 legendum
1503 2227 1578 2249 esse

124 2259 350 2291 contendunt.
395 2260 471 2300 Ego
487 2261 599 2291 nullus
623 2260 788 2300 dubitem,
811 2261 891 2302 quin
914 2261 1092 2301 scripserit
1107 2261 1300 2298 Terentius,
1315 2262 1486 2299 ostendere,
1502 2270 1578 2291 cum

124 2301 213 2341 quod
231 2302 368 2342 quidam
395 2303 472 2334 libri
489 2303 609 2344 scripti
636 2307 671 2334 et
702 2303 870 2334 editorum
902 2303 1121 2334 vetustissimi
1149 2303 1198 2333 ita
1222 2304 1353 2341 legunt,
1384 2307 1467 2340 tum,
1485 2303 1577 2343 quod

122 2343 277 2375 Latinius
295 2345 424 2376 dictum
440 2345 590 2384 videtur,
606 2346 723 2384 conari,
736 2349 789 2376 aut
814 2346 888 2377 velle
910 2347 1080 2376 ostendere.
1105 2345 1216 2376 lVest.
1262 2346 1357 2375 Unus
1374 2345 1460 2375 liber
1474 2345 1578 2376 habet

126 2388 294 2425 ostendere,
307 2388 414 2418 ceteri
438 2397 514 2419 cum
540 2388 736 2419 Faernianis
752 2392 847 2419 recte
871 2388 991 2428 legunt
1006 2388 1137 2419 ostendi.
1160 2388 1347 2419 Bentleius.
1376 2388 1469 2418 Mur.
1483 2391 1582 2418 osten-

124 2429 196 2459 dere
212 2439 252 2459 ex
270 2430 376 2471 antiq.
392 2430 451 2462 lib.
481 2431 566 2461 Perl.
612 2432 677 2462 Aut
693 2434 724 2461 te
739 2432 843 2462 videro
859 2432 946 2468 velle,
966 2433 1019 2470 &a
1038 2430 1150 2461 Guelr'.
1167 2432 1287 2460 2.--28
1304 2430 1499 2460 Pristrinum
1518 2432 1576 2461 ΒΓ.

126 2470 185 2502 ubi
200 2476 298 2503 notat
312 2472 424 2504 Bruns
440 2484 448 2504 :
472 2475 482 2491 ⁶
500 2473 590 2505 Edit.
604 2473 796 2514 pistrinum:
819 2472 939 2505 recte!
961 2474 971 2490 ‘
991 2473 1124 2504 Nomen
1142 2474 1150 2489 ‘
1165 2472 1274 2504 Dave'
1296 2482 1372 2504 curu
1395 2472 1450 2504 hic
1468 2477 1578 2504 totum

779 2561 923 2595 NOTAE

170 2637 210 2665 23
235 2634 335 2674 Hem]
369 2633 569 2675 Inter-jectio
596 2638 650 2666 est
679 2634 826 2665 irascen-
882 2633 1028 2674 OEdipus
1053 2633 1143 2664 solus
1171 2632 1330 2673 Sphingis
1353 2633 1494 2672 aenigma
1518 2633 1583 2664 sol-

129 2685 171 2715 t-is
190 2689 247 2715 aut
264 2685 481 2725 indignantis.
882 2684 943 2721 vit,
961 2683 1105 2722 scilicet,
1120 2682 1201 2723 quid
1226 2688 1317 2713 esset
1344 2682 1470 2713 animal
1488 2692 1584 2713 mane

172 2734 282 2765 Davus
297 2745 375 2774 sum,
389 2745 449 2766 non
468 2733 619 2775 OEdz'pus]
655 2733 829 2774 Allegoria
883 2733 1092 2774 quadrupes,
1105 2733 1246 2764 meridie
1262 2733 1367 2773 bipes,
1381 2733 1515 2774 vesperi
1526 2733 1584 2764 tri-

127 2789 241 2815 sumta
259 2784 301 2815 ab
319 2784 434 2826 OEdipi
462 2790 497 2816 et
524 2785 684 2826 Sphingis
701 2784 834 2818 fabula.
883 2793 943 2826 pes
956 2796 966 2815 ;
989 2784 1078 2826 quod
1095 2784 1231 2826 quidem
1248 2784 1346 2814 homo
1363 2789 1426 2814 est.
