1903 3306
526 238 732 269 ANDRIAE
764 239 872 269 Aer.
906 239 972 269 lv.
1005 239 1074 270 sc.
1107 242 1151 270 v.
1478 233 1562 275 367

114 331 233 373 Nam
253 331 346 386 pol,
365 332 469 389 Sjjd
491 333 687 390 scissem,
706 345 929 385 nunquam
948 333 1034 373 huc
1056 333 1303 374 tetulissem
1325 333 1510 387 pedem:

112 398 294 451 Semper
307 399 418 446 enim
437 389 558 440 dicta
572 390 628 439 '’st
649 399 746 451 ejus
768 400 880 448 haec,
903 404 1038 452 atque
1057 399 1208 441 habita
1229 400 1285 440 'st
1308 413 1446 442 soror.

112 464 229 515 Quae
249 466 368 506 illius
387 466 574 514 fuerunt,
596 466 803 518 possidet.
866 466 995 507 Nunc
1015 479 1086 506 me
1107 466 1329 519 hospitem
1506 468 1561 507 15

111 531 235 573 Lites
255 533 396 586 sequi,
426 546 555 586 quam
575 533 646 573 hic
667 533 772 572 mihi
793 533 850 574 sit
869 532 1000 574 facile
1019 536 1151 586 atque
1172 534 1293 583 utile,

107 597 310 640 Aliorum
329 600 536 653 exempla
559 604 849 641 commonent.
911 601 1048 642 Simul
1071 602 1269 650 arbitror,

106 666 138 707 J
141 679 213 707 am
234 667 427 722 aliquem
449 680 547 707 esse
568 667 756 707 amicum
779 671 824 707 et
844 667 1114 708 defensorem
1134 669 1198 709 ei:
1233 681 1332 709 nam
1350 669 1436 710 fere

108 733 435 775 Grandiuscula
447 733 543 787 jam
563 733 766 786 profecta
785 732 839 773 ’st
859 733 980 774 illinc
997 747 1007 774 :
1039 734 1279 784 clamitent,

108 799 185 841 Me
205 782 542 854 sffcophantam,
563 799 847 841 haereditates
867 801 1087 853 persequi,
1501 803 1557 844 20

243 859 284 868 ,-
331 855 391 867 ωσι-η
396 859 434 871 ν»

91 941 279 979 faventibus
290 942 435 982 auspiciis
448 942 506 973 huc
520 942 645 982 appuli:
667 952 738 972 nam
759 943 820 981 pol,
845 942 872 972 si
897 942 1049 973 scivissem
1070 944 1247 984 Glycerium
1266 948 1410 984 parentes
1433 955 1493 977 non
1508 956 1556 977 re-

101 985 230 1024 perisse,
244 994 398 1024 nunquam
419 985 478 1015 huc
502 994 548 1014 me
573 985 792 1020 contulissem;
817 994 934 1024 semper
959 987 1040 1016 enim
1065 996 1100 1016 ea
1129 987 1292 1027 Chrysidis
1307 988 1390 1019 dicta
1406 991 1451 1018 est
1465 992 1556 1028 atque

105 1026 210 1058 hahita
235 1037 332 1064 soror,
356 1027 479 1066 ejusque
506 1027 582 1057 bona
604 1027 762 1066 possidet:
786 1030 852 1056 tum
879 1037 925 1056 me
946 1029 1156 1067 peregrimum,
1179 1039 1270 1068 quam
1293 1031 1336 1060 sit
1362 1031 1437 1061 mihi
1456 1029 1556 1068 facile

103 1073 196 1108 atque
209 1069 285 1100 utile
299 1070 370 1099 lites
382 1069 493 1100 habere
507 1070 570 1105 hic,
585 1069 616 1099 in
631 1069 730 1099 aliena
745 1069 861 1108 patria,
876 1070 1009 1108 plurima
1031 1072 1169 1110 exempla
1184 1074 1301 1102 docent.
1345 1073 1447 1112 Atque
1462 1074 1557 1103 etiam

102 1113 211 1151 opinor
227 1112 407 1152 Glycerium
423 1111 494 1149 jam
517 1112 650 1150 aliquem
675 1113 809 1141 amicum
835 1112 945 1142 habere
967 1116 997 1143 et
1012 1112 1199 1150 defensorem
1214 1117 1379 1153 paratum:
1404 1116 1556 1152 mansere

99 1153 322 1193 grandiuscula
341 1157 434 1186 aetate
456 1164 496 1185 ea:
509 1154 619 1185 Andro
643 1154 700 1184 huc
722 1154 860 1185 Athenas
882 1155 1042 1193 migravit.
1093 1156 1206 1186 Vereor
1221 1166 1258 1187 ne
1280 1167 1328 1187 me
1350 1158 1409 1197 ipsi
1424 1159 1557 1188 clament

710 1271 945 1283 eeeeeeeeeeee

101 1351 276 1391 auspicato
305 1352 370 1383 hnc
395 1361 450 1383 me
479 1353 620 1392 appuli)
663 1353 720 1384 Ita
745 1354 881 1394 quidem
910 1353 1094 1385 Putschius
1122 1353 1243 1384 dedit:
1280 1353 1339 1385 sed
1366 1354 1474 1385 nostri
1505 1355 1553 1386 ibi

101 1394 204 1426 codd.
219 1394 324 1434 attuii,
338 1399 429 1427 utet
444 1395 490 1426 illi
507 1405 590 1436 quos
611 1395 654 1427 G.
668 1397 707 1427 F'.
731 1402 767 1427 et
792 1397 828 1427 F.
841 1398 877 1427 F.
893 1398 1148 1427 consuluerunt.
1176 1397 1267 1427 Bent.
1314 1396 1410 1427 Lind.
1433 1399 1552 1437 appuli,

100 1441 138 1467 ut
160 1438 195 1468 in
224 1437 283 1468 lib.
309 1437 413 1478 antiq.
429 1438 517 1468 Perl.
560 1438 678 1478 Appuli
704 1438 784 1469 dant
802 1439 860 1469 ΒΓ.
878 1439 916 1470 Ζ.
942 1439 1046 1470 Both.
1069 1439 1126 1479 qui
1144 1439 1228 1478 legit
1244 1439 1296 1469 Ah
1321 1449 1382 1478 pro
1398 1439 1552 1471 An.-—13

99 1478 184 1517 Alii,
205 1481 392 1518 retulissem,
409 1484 585 1520 corrupte,
601 1481 730 1520 opinor.
759 1482 857 1512 W‘est.
903 1482 1084 1512 Tetulissem
1102 1481 1291 1512 Diomedes
1303 1482 1361 1512 lib.
1376 1492 1401 1514 1.
1415 1491 1454 1513 ac
1468 1483 1553 1513 Mss.

98 1521 194 1552 Lina.
241 1522 439 1562 Tetulissem:
462 1522 510 1553 sic
527 1523 724 1554 Plautinum
742 1528 792 1554 est
808 1525 840 1554 in
858 1525 993 1563 plurim.
1010 1523 1094 1554 libb.
1112 1523 1167 1554 Al.
1182 1525 1320 1554 retuliss.
1333 1524 1387 1556 Al.
1414 1525 1552 1556 detuliss.

99 1564 282 1596 Per1.—-14
315 1565 394 1604 Ejus
416 1565 516 1595 Bodl.
550 1575 614 1595 non
639 1567 804 1605 agnoscit.
833 1568 933 1598 IVest.
978 1566 1021 1598 G.
1044 1571 1080 1597 et
1110 1567 1183 1596 ET.
1220 1566 1349 1605 Semper
1375 1567 1439 1605 ejus
1468 1567 1553 1598 dicta

99 1615 164 1637 esse
178 1607 253 1638 hoec.
297 1607 351 1639 Id.
379 1607 413 1637 in
429 1606 525 1638 Add.
553 1608 653 1638 Dicta
670 1613 714 1639 est
738 1609 803 1647 ejus
825 1609 910 1640 hoec:
936 1609 1068 1639 variant
1094 1609 1148 1639 hic
1172 1609 1291 1648 scripti
1308 1609 1462 1640 codices:
1486 1611 1553 1649 ejus

98 1649 183 1680 dicta
197 1659 260 1680 esse
273 1649 358 1680 hoec:
382 1649 441 1680 sed
458 1650 578 1680 melius
597 1651 684 1690 quod
703 1651 735 1681 in
754 1652 793 1682 R.
839 1652 967 1691 Semper
981 1652 1062 1682 enim
1077 1652 1162 1682 dicta
1185 1651 1249 1689 eJ'us
1263 1651 1337 1682 hasc.
1353 1652 1452 1682 Lind.
1495 1653 1552 1683 Sic

99 1691 141 1721 V.
157 1696 194 1722 et
211 1692 290 1722 Bas.
314 1692 444 1731 Semper
456 1693 537 1723 enim
553 1693 637 1724 dicta
651 1697 698 1724 est
719 1703 782 1724 esse
797 1694 873 1733 hoec,
888 1698 980 1734 atque
1002 1694 1109 1724 habita
1125 1698 1171 1725 est
1185 1704 1283 1724 soror.
1329 1694 1465 1736 Reliqui
1482 1704 1552 1725 om-

97 1743 158 1765 nes
177 1734 311 1773 Fabii-ni,
331 1734 457 1774 Semper
478 1735 553 1773 εἰπε,
577 1737 629 1775 850.
675 1736 768 1776 Lege
793 1736 920 1777 Semper
945 1737 974 1766 ei
998 1737 1083 1767 dicta
1106 1740 1151 1767 est
1173 1746 1238 1767 esse
1264 1737 1330 1767 hoec
1358 1740 1464 1777 atque,
1498 1739 1551 1777 ξε.

96 1776 220 1807 Sensus
232 1781 285 1807 est
300 1777 435 1815 gravior
454 1787 515 1816 per
532 1777 709 1816 asyndeta,
725 1779 857 1809 sublato
875 1780 967 1810 euim.
984 1779 1084 1810 Bent.
1160 1778 1287 1819 Semper
1312 1779 1376 1816 ejas
1399 1780 1483 1810 dicta
1506 1784 1552 1810 est

98 1827 176 1857 esse,
191 1823 282 1859 atque
307 1819 414 1849 habita
438 1823 484 1849 est
506 1829 591 1849 soror
614 1821 679 1850 hcec
705 1821 762 1851 ΒΓ.
808 1821 889 1852 Hoec
914 1831 1031 1860 semper
1053 1831 1116 1852 esse
1142 1821 1227 1851 dicta
1261 1825 1306 1852 est
1335 1826 1427 1862 atque
1449 1823 1552 1853 Both.

98 1860 219 1892 Perlet
236 1867 350 1892 monet
367 1860 485 1892 Guelf.
506 1864 537 1891 2.
561 1862 684 1893 habere
700 1872 762 1894 esse
775 1864 840 1894 haec
862 1864 933 1894 sine
951 1864 1027 1902 eju-5,
1041 1869 1077 1894 et
1089 1865 1122 1894 in
1142 1863 1256 1894 Guelf.
1273 1867 1304 1894 3.
1324 1866 1404 1904 poni
1427 1866 1437 1882 ⁴
1452 1875 1527 1895 esse
1541 1864 1551 1878 ’

99 1908 179 1942 post
201 1906 211 1922 ‘
226 1903 392 1935 est.'-—16
408 1903 478 1934 Pro
501 1904 552 1934 hic
575 1905 652 1945 lego
668 1906 715 1943 id,
731 1905 775 1935 ob
800 1905 901 1937 fidem
928 1913 1074 1946 quatuor
1089 1905 1189 1938 codd.
1208 1907 1487 1947 antiquorum‚et
1506 1908 1550 1938 ob

99 1955 244 1976 sensum.
270 1946 370 1981 Nam,
385 1956 461 1977 cum
485 1947 494 1962 ‘
514 1946 663 1978 Aliorum
680 1949 838 1987 exempla
851 1948 859 1961 '
877 1949 981 1987 dicat,
1000 1958 1065 1980 non
1082 1949 1169 1980 solas
1188 1948 1343 1980 Athenas
1355 1951 1429 1981 vult
1445 1950 1546 1980 intel-

98 1987 169 2027 ligi,
185 1989 246 2019 sed
263 1990 414 2028 quamvis
431 1989 618 2020 civitatem.
642 1991 738 2021 Bent.
784 1991 823 2021 Id
853 1991 914 2022 dat
941 1992 1042 2023 Both.
1070 1992 1172 2026 Quam
1195 1991 1273 2022 mihi
1301 1991 1414 2023 Guelf.
1430 1995 1551 2023 3,-18

101 2030 152 2061 Ei.
169 2031 210 2062 G.
227 2040 302 2062 cum
320 2030 392 2061 ET.
416 2036 452 2061 et
475 2032 555 2062 EM.
578 2034 652 2071 ejus.
675 2034 784 2064 West.
828 2034 909 2072 Ejus
934 2035 975 2065 V.
993 2035 1031 2065 C.
1059 2034 1155 2065 Lina.
1201 2035 1410 2065 Concinnius
1426 2035 1506 2073 erit,
1522 2035 1551 2065 si

98 2081 175 2103 cum
199 2078 345 2112 quatuor
361 2073 461 2104 codd.
478 2079 513 2104 et
537 2074 690 2105 editione
715 2080 781 2106 vet.
811 2076 982 2107 colloces:
1006 2077 1082 2106 Jam²
1108 2086 1170 2107 esse
1193 2077 1338 2117 aliquem,
1366 2079 1419 2116 &a
1444 2078 1548 2108 Bent.

97 2114 182 2146 Mss.
197 2115 278 2146 Par.
294 2118 359 2155 ej11s
383 2126 443 2154 pro
468 2116 497 2146 ei
524 2117 632 2147 minus
657 2117 845 2156 eleganter.
869 2118 957 2148 Perl.
1005 2119 1084 2156 Ejus
1098 2119 1155 2149 Br.
1183 2119 1257 2149 Esse
1272 2120 1346 2157 aliq.
1363 2120 1551 2150 Rom—19

99 2157 139 2187 R.
153 2157 335 2197 profecta'st
358 2159 442 2189 illinc
457 2159 556 2189 clam.-
583 2160 755 2197 clamitent,
769 2162 820 2200 851:-
845 2160 1030 2191 Lind.—20
1055 2161 1285 2192 Haereditatem
1311 2162 1354 2193 G.
1381 2163 1448 2193 ET.
1467 2163 1549 2194 EM.

103 2199 203 2232 West.
248 2201 356 2232 Codd.
379 2211 507 2242 omneS‚
524 2201 765 2242 Haereditatem,
795 2212 842 2233 sc.
860 2203 947 2234 hanc
972 2203 1158 2244 Chrysidis.
1188 2205 1325 2235 Melius.
1373 2205 1548 2245 Ceterum,

754 2319 894 2351 NOTAE

98 2413 232 2454 picato’
249 2423 328 2445 vero
345 2414 527 2454 significat,
552 2415 709 2456 auspiciis
737 2425 794 2446 ne·
891 2419 932 2447 20
956 2416 1200 2458 Sycophantam]
1235 2418 1318 2449 Cum
1357 2419 1392 2449 in
1429 2418 1550 2450 Attica

97 2463 230 2504 glectis.
254 2464 479 2505 Et,quoniam
495 2467 637 2498 Romani
652 2467 731 2497 nihil
746 2467 794 2497 in·
848 2476 968 2507 magna
984 2473 1077 2498 esset
1092 2467 1216 2498 ficuum
1240 2467 1352 2508 copia,
1368 2469 1409 2499 ad
1426 2478 1481 2500 eas
1498 2479 1549 2500 as-

96 2513 283 2553 cipiebant,
311 2514 375 2545 nisi
401 2516 520 2546 sumtis
549 2517 719 2557 auspiciis,
746 2518 794 2548 id·
848 2517 1031 2548 servandas
1066 2517 1202 2558 publice
1229 2518 1390 2550 custodes
1422 2524 1548 2551 statue-

97 2563 201 2604 circo,
228 2564 485 2605 ‘inauspicato'
509 2575 584 2607 pro,
598 2566 793 2608 infeliciter,
850 2568 986 2607 bantur,
1010 2568 1068 2608 qui
1099 2568 1315 2608 sycophantae
1347 2569 1429 2600 dicti
1458 2575 1549 2609 sunt,

98 2618 290 2653 usurpatur.
847 2616 907 2648 ἀπὸ
922 2618 977 2648 τοῦ
990 2619 1068 2648 σῦκα
1081 2618 1253 2658 φαίνεσθαι,
1269 2618 1302 2649 id
1317 2624 1381 2658 est,
1397 2619 1478 2651 ficus
1491 2620 1549 2651 de-

139 2667 180 2695 16
205 2664 306 2699 Quam
329 2665 406 2696 mihi
420 2665 461 2696 sit
471 2665 569 2704 facile
591 2669 683 2706 atque
697 2667 791 2707 utile]
848 2667 958 2699 ferre:
991 2669 1080 2708 quod
1105 2678 1268 2700 accusare
1297 2669 1448 2701 solerent
1477 2679 1550 2710 (305,

95 2714 252 2747 Donatus
282 2716 544 2758 interpretatur,
572 2715 710 2749 difficile
742 2722 792 2750 at·
847 2718 904 2760 qui
921 2718 1004 2751 ficus
1017 2724 1211 2760 carperent.

97 2773 162 2805 que
176 2764 308 2799 inutile.
