1945 3296
427 273 666 303 DANIELIS
700 273 892 304 HEINSII
928 275 1273 308 DISSERTATIO.
1490 271 1572 311 101

118 365 293 413 eruditis,
314 366 430 404 etiam
448 367 488 404 in
510 381 627 406 scena
647 369 800 421 placere
821 376 888 407 aut
906 369 1077 408 debeant
1096 376 1163 407 aut
1183 370 1347 421 possint,
1368 380 1573 412 accuratus

116 441 255 468 censor
275 429 507 468 Plutarchus
525 432 726 482 J'udicavit.
782 434 859 471 Καὶ
887 436 960 484 ’γὰρ
980 435 998 471 ὁ
1024 437 1095 484 μὲν
1113 434 1331 472 ἀπαίδευτος
1352 437 1409 472 καὶ
1432 435 1572 482 ἰδιώτης

117 491 170 530 οἷς
189 494 322 532 ἐκεῖνος
341 497 449 542 λέγει
473 497 681 533 ἁλίσκεται·
718 498 736 533 ὁ
758 496 800 534 δὲ
831 496 1124 548 πεπαιδευμένος
1151 496 1389 550 δυσχερανεῖ.
1410 502 1512 548 λέγω
1533 501 1574 538 δὲ

115 559 161 593 τὰ
181 559 366 603 ἀντίθετα,
386 559 446 596 καὶ
465 560 708 608 ὁμοιόπτωτα,
729 562 787 598 καὶ
807 565 1098 610 παρονομασίας.
1114 565 1249 599 τούτοις
1263 565 1336 612 γὰρ
1356 563 1374 599 ὁ
1393 564 1463 612 μὲν
1478 568 1574 613 μετὰ,

118 628 182 658 τοῦ
200 623 440 669 προσήκοντος
461 624 578 671 λόγου
602 625 659 660 καὶ
694 624 862 672 ὀλιγάκις
880 631 1026 675 χρῆται,
1058 625 1274 675 ἐπιμελείας
1297 628 1392 663 αὐτὰ
1410 628 1533 673 ἀξιῶν·
1555 629 1574 664 ὁ

118 682 158 721 δὲ
176 685 367 732 πολλάκις,
398 687 457 723 καὶ
478 688 540 724 οὐκ
559 689 742 737 εὐκαίρως,
763 690 822 724 καὶ
857 688 1018 739 ψυχρῶς.
1078 688 1127 725 Et
1148 688 1308 726 adducit
1327 690 1572 741 exemplum:

117 753 161 784 ut
179 761 267 786 curn
288 747 369 786 τοῦς
387 753 536 797 ταμίας,
567 753 705 800 λαμίας
737 756 867 789 vocat.
926 751 1041 798 Nam,
1076 766 1163 803 quae
1182 752 1246 790 ille
1269 752 1317 791 de
1339 753 1574 797 Menandro,

118 811 168 848 ad
188 811 409 850 Terentium
428 813 505 851 fere
526 814 655 851 omnia
676 815 808 852 referri
826 823 994 866 possunt
1011 829 1020 859 ;
1050 816 1088 853 in
1109 829 1186 867 quo
1207 817 1301 855 nihil
1321 816 1498 867 putidum
1515 824 1576 856 est

118 881 185 914 aut
203 875 389 927 ineptum.
447 876 681 927 Quanquam
701 878 835 925 multa,
869 892 957 930 quae
977 881 1140 925 notavit,
1164 881 1292 932 potius
1313 881 1476 932 Antiqui
1498 881 1574 919 Co-

117 938 207 976 mici
230 939 406 987 virtutes,
439 953 556 991 quam
589 941 710 988 illius,
741 941 789 980 de
823 955 901 992 quo
934 944 985 981 ibi
1012 943 1218 994 judicavit,
1251 945 1348 982 vitia
1377 945 1576 983 censenda

118 1010 221 1042 sunt.
279 1003 467 1055 Princeps
503 1004 604 1043 enim
637 1004 737 1043 inter
770 1005 859 1044 illos
892 1006 978 1053 fuit,
1014 1014 1053 1045 et
1087 1007 1136 1045 ad
1170 1008 1277 1060 leges
1309 1021 1375 1047 eas
1396 1008 1512 1060 plane
1533 1022 1575 1048 se

118 1067 363 1119 composuit:
393 1067 498 1118 quod
531 1067 581 1106 de
616 1068 757 1107 Plauto
789 1082 903 1107 nemo
924 1070 1041 1109 dicet.
1099 1071 1171 1109 Est
1191 1079 1230 1110 et
1248 1072 1445 1123 frigidum,
1467 1072 1575 1123 quod

116 1131 234 1182 longe
256 1132 304 1169 ab
325 1143 371 1170 eo
393 1132 517 1180 abest,
538 1132 644 1183 quod
678 1140 744 1171 aut
770 1147 857 1173 esse
878 1142 946 1172 aut
977 1148 1094 1186 posse
1114 1136 1193 1174 fieri
1219 1143 1392 1188 putatur.
1449 1136 1576 1180 Quale

116 1201 190 1241 est,
236 1199 247 1216 ‘
263 1208 396 1246 pugno
431 1195 609 1247 frangere
643 1198 851 1249 elephanto
890 1200 1115 1246 brachium,’
1156 1206 1164 1222 ‘
1184 1201 1335 1238 horiola
1367 1202 1406 1238 in
1433 1201 1574 1239 coelum

116 1259 337 1309 pervenire.’
391 1259 462 1298 Est
481 1267 520 1298 et
552 1261 747 1312 frigidum,
779 1276 868 1300 cum
894 1263 949 1301 ita
977 1277 1000 1302 a
1027 1264 1205 1302 familiari
1239 1277 1416 1303 sermone
1449 1265 1574 1303 oratio

117 1322 279 1368 recedit,
299 1330 344 1361 ut
369 1323 420 1361 ad
451 1337 564 1363 usum
594 1326 759 1377 amplius
787 1327 986 1366 transferri
1020 1335 1202 1379 nequeat.
1258 1328 1353 1367 Tale
1387 1336 1447 1368 est
1476 1327 1574 1367 illud

115 1385 284 1426 ibidem:

224 1473 265 1510 Si
286 1480 376 1512 ante
396 1474 523 1513 lucem
543 1475 596 1512 ire
616 1476 783 1526 occipias
804 1489 826 1514 a
846 1489 933 1515 meo
952 1478 1076 1528 primo
1096 1478 1266 1522 nomine,

226 1538 469 1576 Concubium
491 1540 540 1577 sit
558 1541 699 1587 noetis,
723 1540 951 1592 priusquam
972 1542 1022 1580 ad
1043 1549 1279 1593 postremum
1301 1546 1533 1594 perveneris.

119 1620 270 1660 Crescit
288 1628 417 1660 tamen
438 1622 635 1673 frigidum,
657 1636 745 1662 cum
767 1624 878 1663 addit
895 1626 992 1664 alter
1010 1639 1019 1664 :

225 1709 336 1760 Opus
354 1711 439 1748 face
460 1716 520 1748 est
539 1716 579 1748 et
596 1709 737 1749 viatico
757 1710 806 1748 ad
825 1716 934 1748 tuum
954 1723 1110 1757 nomen,
1127 1716 1170 1748 ut
1187 1716 1227 1748 tu
1246 1710 1455 1762 praedicas.

119 1802 217 1846 Quae
252 1803 283 1840 si
316 1802 456 1854 pedem
485 1817 606 1841 unum
640 1810 749 1842 extra
782 1816 940 1841 scenam
981 1804 1095 1851 feras,
1136 1804 1313 1855 protinus
1352 1805 1572 1856 putiscent:

115 1880 242 1919 neque
261 1867 312 1906 ad
332 1881 445 1906 usum
467 1868 653 1920 applicari
671 1875 868 1920 poterunt.
913 1867 1056 1912 Qualia
1078 1881 1150 1906 nec
1173 1869 1303 1920 Scipio
1325 1882 1397 1908 nec
1418 1870 1573 1917 Laelius,

116 1932 188 1970 flos
223 1933 447 1979 nobilitatis,
478 1933 540 1971 vel
572 1933 609 1970 in
646 1945 778 1979 scena,
810 1933 1107 1984 approbassent.
1182 1932 1417 1971 Plutarchus
1456 1941 1573 1979 certe,

117 2002 227 2034 extra
255 1996 470 2035 liberalium
504 1996 674 2035 Theatra
705 2010 752 2035 ac
783 1996 1000 2044 doctorum,
1033 1997 1151 2034 libere
1187 1997 1346 2047 relegat.
1403 1997 1575 2035 Ridiculi

116 2061 219 2109 enim
238 2074 284 2100 ac
306 2061 427 2113 inepti
448 2068 553 2107 sunt,
589 2061 655 2112 qui
676 2061 839 2112 plebeiis
860 2067 1014 2099 tantum
1036 2060 1150 2099 scribi
1172 2060 1414 2099 Comoediam
1442 2062 1574 2099 existi-

117 2131 252 2169 mant3
282 2138 371 2164 cum
391 2139 471 2163 non
490 2126 619 2163 minus
649 2125 809 2164 eruditis
843 2126 1044 2164 scribatur.
1102 2125 1218 2168 Quod
1239 2132 1279 2163 et
1300 2125 1466 2165 Flaccus
1500 2126 1573 2164 sci-

116 2189 195 2233 vit3
225 2190 290 2241 qui
309 2203 389 2228 non
407 2190 488 2228 sine
506 2203 649 2229 causa:

225 2274 420 2323 Creditur,
440 2289 486 2314 ex
503 2274 632 2313 medio
653 2276 743 2325 quia
762 2287 823 2312 res
851 2274 1026 2320 arcessit,
1044 2273 1186 2312 habere

226 2337 388 2377 Sudoris
404 2339 604 2377 minimum
622 2353 631 2382 ;
663 2338 731 2376 sed
753 2338 869 2376 habet
889 2337 1094 2376 Comoedia
1113 2344 1223 2376 tanto

222 2402 318 2442 Plus
339 2403 478 2449 oneris,
498 2408 645 2454 quanto
666 2402 788 2441 veniae
808 2401 952 2441 minus.

119 2489 272 2528 Deinde
291 2496 420 2529 autem
439 2489 570 2528 Plauti
591 2496 630 2528 et
652 2488 851 2527 Dossenni
872 2487 993 2526 utitur
1012 2487 1204 2537 exemplo,
1225 2498 1324 2537 quos
1348 2497 1504 2524 securos
1525 2485 1575 2523 de

111 2552 269 2604 judiciis
291 2552 493 2591 doctorum
513 2553 578 2590 ait.
639 2552 689 2589 Et
709 2552 793 2590 haec
815 2551 866 2590 ad
886 2551 1076 2597 divinum,
1096 2557 1139 2588 ut
1153 2550 1234 2601 jam
1256 2549 1350 2595 dixi,
1371 2562 1416 2588 ac
1434 2550 1574 2587 subac-

117 2623 198 2654 tum
218 2617 257 2655 in
277 2617 337 2655 his
357 2617 592 2668 Principem,
617 2617 728 2668 cujus
759 2628 832 2653 nec
857 2615 1046 2666 judicium
1067 2628 1139 2652 nec
1159 2620 1373 2652 ceterorum
1394 2613 1574 2664 ignorare

118 2693 166 2718 ea
183 2687 415 2732 tempestate
449 2682 587 2732 potuit.
644 2681 706 2726 Et,
742 2681 853 2731 cujus
878 2679 1067 2730 judicium
1097 2678 1218 2717 vereri
1252 2677 1466 2723 debuisset,
1499 2677 1573 2714 nisi

118 2743 220 2780 idem
240 2743 400 2782 aliorum
417 2744 568 2783 suisset.
625 2745 714 2782 Jam
734 2743 801 2782 illa
821 2743 1042 2795 Epicharmi
1061 2743 1237 2789 imitatio,
1254 2748 1298 2780 ut
1310 2740 1572 2786 festivissima,

118 2807 184 2855 ita,
205 2807 236 2845 si
257 2807 306 2846 sit
326 2808 521 2861 frequens,
542 2808 684 2860 frigore
705 2820 783 2848 non
804 2814 921 2848 caret.
980 2807 1079 2851 Quae
1100 2808 1155 2854 fit,
1188 2819 1276 2845 cum
1295 2806 1355 2844 vel
1375 2803 1475 2843 falsa
1502 2816 1573 2854 op-
