1903 3306
326 193 413 236 374
825 207 867 237 P.
899 205 1139 236 TERENTH
1171 205 1288 238 ΛΡΜ

327 299 394 340 S1.
425 299 560 349 Hem,
594 300 779 351 Dromo,
816 300 1002 342 Dromo.
1062 300 1154 341 DA.
1186 300 1306 351 Quid
1337 304 1439 344 est?
1499 304 1563 346 Sl.
1598 306 1785 352 Dromo.

499 367 593 410 DA.
628 368 763 411 Audi.
825 367 893 408 S1.
923 366 1121 409 Verbum
1143 369 1182 409 si
1204 369 1437 412 addideris.
1481 371 1666 417 Drom0.

327 433 419 475 DA.
451 434 590 484 Audi,
607 436 804 476 obsecro.
864 435 959 475 Du.
992 433 1113 485 Quid
1146 435 1246 477 vis?
1306 437 1372 478 Sl.
1404 438 1644 482 Sublimem
1663 441 1781 482 hunc

496 502 608 543 intro
627 515 744 556 rape,
765 506 977 556 quantum
998 506 1139 556 potes.
1722 509 1780 550 20

326 567 419 609 Da.
451 567 625 618 Quem?
686 568 752 609 Si.
785 568 975 610 Davom.
1036 569 1131 610 DA.
1162 568 1496 620 Quamobrem?
1557 573 1627 616 St.
1661 574 1780 626 Quia

497 635 642 677 lubet:
673 649 790 690 rape,
810 637 1006 689 inquam.
1065 637 1159 678 DA.
1191 636 1312 687 Quid
1332 638 1447 680 feci?
1507 640 1575 681 S1.
1605 640 1750 696 Rape.

326 703 419 745 DA.
449 701 498 743 Si
519 703 756 756 quicquam
777 704 976 745 invenies
999 718 1066 746 me
1088 706 1325 756 mentitum,
1338 706 1542 749 occidito.
1603 709 1671 750 S1.
1696 710 1779 752 Ni-

497 769 560 810 hil
582 770 730 811 audio.

324 835 418 889 Ego
438 835 535 889 jam
555 839 597 877 te
632 841 896 878 commotum
918 837 1114 879 reddam.
1175 839 1267 880 DA.
1298 838 1464 881 Tamen
1485 842 1567 883 etsi
1598 842 1683 885 hoc
1703 857 1777 886 ve-

494 916 590 943 rum
607 904 711 944 est?
773 904 840 944 S1.
871 903 1054 945 Tamen.

324 967 444 1011 Cura
464 970 781 1012 asservandum
810 971 1038 1013 vinctum:
1083 977 1214 1026 atque
1237 973 1414 1015 audin'?
1445 977 1774 1032 quadrupedem

494 1038 796 1091 constringito.

323 1155 452 1186 Dromo.
497 1156 568 1189 DA.
593 1158 677 1194 Quid
689 1157 759 1190 est?
801 1160 851 1192 S1.
874 1160 1004 1192 Dromo.
1049 1161 1116 1192 DA.
1141 1161 1240 1192 Audi.
1282 1161 1332 1193 S1.
1357 1161 1393 1193 Si
1404 1162 1527 1194 verbum
1541 1163 1665 1204 quidem
1683 1173 1776 1195 unum

319 1201 471 1237 praterea
486 1201 657 1239 addideris,
669 1203 807 1241 periisti.
835 1202 978 1234 Dromo!
1021 1204 1090 1235 DA.
1114 1203 1212 1243 Audi,
1229 1203 1360 1235 obsecra.
1406 1205 1478 1236 DR.
1506 1204 1679 1242 Quidvis?
1723 1207 1774 1237 Sr-

321 1239 490 1271 Sublimem
506 1242 540 1272 z'n
562 1245 643 1274 cedes
668 1254 742 1284 rape
756 1256 845 1285 quam
868 1247 1035 1277 celerrime.
1081 1246 1149 1278 DR.
1177 1247 1275 1282 Quem
1298 1247 1347 1278 vis
1371 1247 1519 1288 rapiam?
1562 1248 1612 1279 Sl.
1638 1248 1775 1279 Davum.

321 1283 393 1314 DA.
419 1284 652 1319 Quamobrem?
706 1288 756 1318 Si.
795 1288 877 1324 Quia
902 1290 949 1320 ita
973 1290 1051 1320 mihi
1071 1290 1183 1330 placet.
1227 1289 1330 1329 Rape,
1350 1290 1487 1330 inquam,
1511 1292 1624 1322 lorarie
1645 1292 1777 1322 Dromo.

322 1325 389 1374 DA..
425 1328 511 1362 Quia
525 1327 620 1366 feci?
672 1329 723 1360 S1.
750 1331 849 1370 Rape.
893 1333 966 1363 DA.
991 1332 1026 1363 Si
1051 1333 1211 1372 quicquam
1236 1333 1389 1363 mendacii
1412 1342 1461 1364 me
1488 1334 1606 1364 dixisse
1629 1333 1777 1373 invenies,

318 1369 462 1400 occidito.
508 1371 558 1401 Si.
584 1372 654 1410 Ego
669 1372 748 1403 nihil
762 1374 863 1404 audio.
914 1375 980 1413 Ego
997 1379 1027 1405 te
1037 1375 1140 1415 plagis
1155 1376 1305 1414 quatiam,
1321 1379 1356 1406 ut
1368 1376 1505 1407 mereris.
1544 1377 1615 1407 DA.
1641 1375 1779 1407 Tametsi

321 1419 394 1442 vera
409 1412 556 1452 dia-erim,
578 1424 624 1445 me
637 1415 708 1455 rapi
722 1418 764 1446 ad
786 1417 967 1456 suppliciam
978 1415 1097 1455 jubes?
1140 1418 1190 1448 St.
1214 1417 1325 1448 Jubeo.
1372 1418 1504 1457 Dromo,
1520 1418 1640 1450 custodi
1659 1419 1777 1450 eumin

319 1453 449 1485 vinculis
463 1465 500 1487 ne
512 1455 674 1496 aufugiat:
697 1462 801 1499 atque,
817 1457 972 1491 audisne?
996 1460 1135 1491 vizanibus
1142 1460 1330 1501 pedibusque
1344 1461 1425 1492 sicut
1441 1460 1547 1499 feram
1560 1461 1778 1501 constringite,

926 1566 1139 1578 oaeeeeeaeeeee
1146 1566 1161 1576 e

321 1639 406 1670 tand·
430 1638 488 1670 ait.
511 1640 604 1671 Perl.
651 1642 706 1673 ΟΖ.
723 1651 787 1673 esse
802 1641 898 1673 civem
914 1643 992 1674 scire
1006 1653 1038 1675 se
1053 1642 1193 1674 Atticam
1211 1641 1398 1673 Both.-—19
1422 1641 1469 1672 Ut
1485 1650 1575 1681 saepe
1590 1645 1702 1681 antea,
1716 1651 1776 1681 ap·

320 1691 410 1721 pone
427 1683 436 1700 ‘
449 1682 536 1714 Hem
550 1683 558 1696 ’
576 1683 618 1714 ad
635 1684 736 1715 finem
752 1685 871 1724 prioris
885 1695 1011 1716 versus.
1039 1686 1134 1717 Bent.
1171 1684 1352 1716 Accedunt
1366 1683 1466 1714 Both.
1482 1684 1662 1715 Per1.-20
1676 1685 1774 1716 Audi.

320 1724 407 1755 GM.
434 1726 614 1765 praemittit
638 1727 732 1758 Illud.
767 1728 949 1759 Perl.—2l
975 1729 1075 1760 Duo.
1100 1732 1180 1758 ante
1203 1732 1211 1745 ‘
1227 1726 1478 1760 Quamobrem'
1503 1727 1563 1757 Br.
1587 1726 1621 1757 in
1647 1727 1772 1758 litura:

319 1765 410 1798 forte
426 1773 525 1799 antea
551 1769 647 1799 DAv.
666 1776 828 1801 censente
854 1771 1062 1802 Bruns.—22
1086 1770 1204 1801 ‘Nihil
1232 1769 1363 1800 audio?
1386 1769 1486 1800 Bodl.
1513 1771 1586 1800 haec
1611 1769 1774 1808 Drouioni

319 1809 462 1849 tribuit;
487 1812 663 1851 sequentia
692 1822 786 1851 vero,
809 1812 929 1852 ‘Ego‚'
954 1816 1018 1845 &c.
1040 1813 1183 1844 Simoni.
1220 1813 1317 1843 Wesc.
1362 1812 1400 1842 Si
1424 1812 1586 1852 quicquam
1609 1812 1775 1843 menti-tum

318 1852 469 1884 invenies.
514 1854 657 1895 Antiqui
675 1855 765 1890 libri,
793 1855 831 1885 Si
855 1856 1017 1896 quicquam
1031 1856 1168 1887 invenies
1182 1865 1230 1885 me
1242 1854 1417 1885 mentitum.
1461 1853 1531 1884 Alii
1546 1854 1689 1885 eandem
1706 1856 1774 1886 col-

317 1895 521 1927 locationem
541 1897 718 1928 verborum
736 1898 873 1935 habent,
889 1900 961 1929 sine
976 1909 1048 1935 me;
1071 1899 1142 1937 alii,
1159 1903 1194 1929 et
1211 1907 1285 1928 cum
1308 1898 1348 1927 iis
1374 1897 1545 1936 Donatus,
1562 1895 1599 1927 Si
1614 1898 1775 1937 quicquam

317 1937 456 1969 invenies
471 1940 634 1970 mentitum
652 1950 709 1971 me.
734 1942 791 1971 Fa.
838 1942 955 1972 Nostri
980 1951 1108 1980 omneS,
1132 1950 1180 1971 me
1202 1940 1380 1971 mentitum.
1404 1940 1592 1970 Rem—23
1616 1940 1700 1981 Ego,
1719 1942 1774 1980 ‹Syc-

319 1980 399 2011 Non
415 1981 486 2012 haec
505 1983 670 2013 Dromoni
686 1984 791 2021 dicta,
814 1984 907 2023 quasi
924 1985 1100 2015 cunctanti
1117 1985 1249 2014 Davum
1267 1991 1400 2022 rapere,
1424 1981 1483 2012 sed
1501 1981 1567 2022 ipsi
1581 1982 1693 2021 Davo,
1715 1982 1774 2024 qui

318 2032 430 2054 rerum
447 2025 595 2055 oninium
608 2035 759 2063 securus,
782 2026 792 2042 ‘
805 2025 1010 2066 Animojam
1028 2036 1117 2057 nune
1134 2026 1244 2057 otioso
1259 2034 1332 2056 esse
1350 2024 1506 2064 impero,'
1522 2024 1669 2063 dixerat,
1685 2034 1774 2056 nunc

319 2075 476 2106 praeceps
494 2067 525 2097 iu
544 2068 719 2107 pistrinum
736 2068 880 2109 dandus,
897 2070 1009 2110 ibique
1022 2080 1057 2100 se
1073 2074 1237 2100 moturus.
1284 2068 1421 2100 Quanto
1439 2067 1589 2107 ineptior
1602 2071 1654 2098 est
1669 2067 1772 2098 lectio

318 2108 469 2149 Guyeti:
500 2110 567 2148 Ego
584 2110 655 2147 jam
679 2114 709 2142 te
730 2115 874 2142 comtum.
899 2112 1006 2144 West.
1051 2112 1234 2143 Existimat
1260 2110 1360 2143 Wiel.
1376 2110 1450 2141 haec
1473 2109 1566 2140 dicta
1582 2118 1656 2141 esse
1683 2110 1773 2141 Dro-

316 2152 421 2189 moni,
445 2152 606 2193 additque
623 2164 630 2183 :
657 2154 721 2185 Qui
739 2155 849 2194 potuit
866 2155 992 2185 moveri
1008 2155 1213 2186 constrictus
1230 2153 1450 2194 quadrupes?
1472 2152 1540 2184 Sed
1557 2151 1638 2192 quid
1656 2152 1698 2192 si,
1722 2153 1773 2184 in-

319 2194 430 2225 terdiu
446 2195 567 2225 molam
586 2205 734 2231 versans,
751 2203 853 2228 noctu
871 2198 1065 2238 quadrupes
1081 2198 1287 2228 constrictus
1303 2200 1339 2226 et
1356 2201 1546 2226 asservatus
1564 2195 1630 2226 sit?
1654 2195 1772 2227 Possit

318 2240 355 2267 et
367 2236 404 2266 τὲι
419 2241 601 2268 commotum
617 2239 659 2269 ad
677 2240 821 2271 animum
840 2239 973 2272 referri.
1018 2241 1068 2271 Id.
1084 2241 1118 2271 in
1134 2240 1217 2271 Add.
1264 2238 1402 2270 Tametsi
1417 2238 1472 2269 hoc
1486 2247 1594 2269 verum
1608 2235 1679 2270 est?
1724 2239 1772 2269 Tu

317 2282 431 2310 tamen.
477 2280 605 2312 Omnes
619 2280 727 2313 ferei.
745 2292 771 2312 s.
789 2288 825 2313 et
842 2284 874 2312 in
892 2284 942 2314 his
960 2283 1181 2324 antiquiores,
1200 2283 1313 2313 Tamen
1329 2280 1411 2312 etsi.
1448 2280 1548 2313 Quod
1563 2289 1643 2312 vero
1659 2280 1770 2321 sequi-

318 2326 386 2361 tur,
414 2322 458 2353 Ta
473 2326 587 2361 tamen,
601 2334 716 2355 omnes
734 2325 810 2355 iibri
828 2326 955 2356 habent
974 2327 1087 2356 Tamen
1103 2329 1148 2357 ta.
1192 2326 1290 2356 Solus
1315 2324 1357 2355 V.
1382 2333 1448 2359 non
1470 2323 1573 2354 habet
1590 2332 1705 2354 vocem
1721 2326 1771 2359 tu,

317 2375 393 2406 quae
411 2365 510 2396 etiam
531 2367 640 2397 versui
665 2367 904 2400 incommodat.
949 2369 1072 2409 Itaque
1100 2368 1244 2399 delenda
1269 2372 1332 2406 est,
1354 2371 1390 2397 et
1416 2365 1693 2405 distinguendum
1717 2371 1771 2398 est

317 2416 396 2447 post
413 2409 538 2439 Tamen.
564 2409 621 2440 Fa.
666 2411 877 2441 Veteri-imus
900 2416 1017 2442 noster
1035 2412 1171 2442 Tamen:
1195 2419 1305 2451 neque
1329 2408 1484 2449 agnoscit
1508 2412 1554 2439 tu.
1579 2408 1768 2439 Bentleius.

316 2451 388 2482 DA.
416 2451 528 2481 Tamen
545 2453 604 2483 etsi
620 2452 675 2482 hoc
690 2463 795 2483 verum
812 2451 878 2485 ’st?
921 2455 970 2485 St.
998 2455 1123 2485 Tamen.
1169 2453 1225 2484 Ita
1251 2452 1431 2492 legendum
1456 2451 1558 2491 vulgo
1583 2460 1670 2481 nnnc
1687 2460 1767 2482 con-

316 2493 462 2523 tendunt
480 2494 626 2526 Eruditi.
667 2496 725 2525 Fa.
745 2505 827 2526 vero
843 2500 1003 2536 testatur,
1020 2507 1051 2528 o.
1067 2496 1186 2527 Libros
1203 2506 1230 2527 s.
1246 2495 1374 2534 legere,
1410 2495 1458 2525 Sr.
1477 2494 1590 2524 Tamen
1606 2496 1653 2524 tu.
1689 2494 1767 2524 Sus-

315 2535 684 2576 picabar,Terentiu1n
699 2538 889 2578 scripsisse,
932 2540 982 2570 S1.
1013 2539 1158 2577 Tantum,
1183 2538 1273 2569 unde
1301 2542 1415 2569 natum
1440 2535 1558 2574 fuerit,
1586 2536 1700 2566 Tamen
1723 2539 1768 2566 tu.

316 2579 382 2608 Sed
402 2584 438 2608 et
452 2578 530 2609 edd.
546 2580 699 2619 quaedam
718 2582 960 2622 antiquissiiuae
977 2582 1108 2622 legunt,
1126 2582 1260 2612 Tantum
1276 2581 1322 2611 Ta
1336 2589 1411 2610 cura
1424 2588 1485 2610 ass.
1500 2578 1645 2608 tinctum.
1667 2577 1768 2617 Aliae,

316 2621 363 2651 Ta
378 2624 479 2651 tamen
495 2631 568 2651 cara
583 2632 641 2651 ass·
657 2623 804 2654 vinctum.
849 2625 905 2654 Tr.
935 2625 1011 2655 Tum
1036 2627 1069 2654 ta
1089 2633 1164 2654 cura
1179 2633 1237 2654 ass.
1252 2623 1401 2653 vinctum.
1448 2620 1663 2651 Leidensinm
1681 2629 1766 2652 rinus

317 2668 396 2703 post
421 2664 489 2701 ilia,
517 2664 630 2695 Tamen
645 2665 704 2695 etsi
718 2665 773 2696 hoc
789 2676 894 2697 verum
908 2665 980 2698 est?
1004 2666 1120 2697 statim
1138 2666 1324 2706 subjungit,
1369 2665 1417 2695 S1.
1443 2663 1529 2694 Cura
1543 2672 1602 2694 ass.
1616 2663 1766 2694 vinctum.

317 2705 418 2736 Alter
443 2715 533 2741 vero,
578 2707 631 2737 Si.
659 2707 772 2738 Tamen
799 2712 834 2739 tu
860 2719 953 2740 cara.-
974 2709 1197 2749 quadrupedem
1217 2706 1432 2745 constringui».
1455 2705 1565 2736 West.
1610 2704 1651 2736 In
1677 2709 1766 2736 vett.

316 2748 399 2780 libb.
415 2749 577 2780 tamenetsi
592 2750 644 2780 hoc
660 2759 764 2781 rerum
779 2754 836 2783 est.
873 2752 924 2783 Si.
941 2749 1072 2783 Audin?
1094 2752 1330 2792 quadrupedem.
1346 2748 1444 2780 Lind.
1480 2747 1768 2788 Distinguendum
