1945 3296
327 241 593 274 covnANUS
628 243 691 273 DE
725 243 874 275 Lums
911 244 1312 279 MEGALENsfflos.
1498 241 1552 282 81.

92 336 380 390 significabant,
407 337 509 374 laetis
539 337 703 375 vestitus
732 336 897 376 dabatur
932 338 1152 377 candidus:
1183 343 1414 380 aerumnosis
1435 345 1552 383 obso-

90 402 215 441 letus:
245 401 354 439 diviti
374 413 530 451 quoque
559 413 802 453 purpureus:
833 402 996 452 pauperi
1021 402 1253 455 phoenicius.
1310 406 1462 457 Tragici
1486 417 1554 447 aut

90 465 257 516 tragoedi
290 471 443 504 actores
477 465 840 504 Calceamentorum
875 479 1016 517 genere
1047 479 1071 504 a
1106 467 1305 506 Comoedis
1338 470 1552 520 variabant,

89 541 213 579 eoque
237 528 571 567 discernebantur.
628 529 848 567 Utebantur
885 530 987 568 enim
1019 531 1174 582 Tragici
1207 532 1247 569 in
1278 532 1446 572 Theatro
1475 536 1553 573 Co-

89 592 255 639 thurnis,
276 591 382 643 quod
402 590 479 630 tale
501 604 625 642 genus
647 599 730 630 erat
749 592 1019 641 calceamenti,
1044 600 1088 632 ut
1108 594 1245 634 dextro
1264 596 1440 648 laevoque
1461 599 1551 649 pedi

89 656 334 695 conveniret:
351 666 522 694 ceterum
538 655 660 693 altum
673 662 713 694 et
724 657 962 707 prominens,
975 664 1205 709 actoresque
1219 661 1456 712 proceriores
1470 664 1552 700 effi-

89 720 196 759 ciens
213 733 260 759 ac
271 719 462 758 referens:
478 719 571 758 varii
584 719 741 767 coloris,
754 727 793 759 et
808 721 1019 760 honestum
1033 729 1150 773 atque
1165 723 1347 774 elegans:
1364 726 1551 776 usquead

88 797 218 823 suram
235 783 464 835 plerumque
485 783 722 831 devinctum,
743 797 850 823 more
874 785 1038 823 Punico.
1099 786 1249 825 Comici
1281 794 1450 837 actores,
1482 797 1551 829 aut

87 849 267 896 comoedi,
301 849 342 886 in
376 848 505 887 scenis
539 848 674 887 Soccis
706 850 943 888 utebantur:
991 850 1098 901 quod
1130 852 1386 891 calceamenti
1420 868 1547 905 genus

87 913 233 966 optime
264 913 337 951 sub
366 912 486 964 pallio
518 913 789 951 conveniebat.
847 913 1190 957 Quemadmodum
1211 917 1314 954 enim
1333 930 1549 970 pauperum

87 991 133 1016 ac
151 977 385 1016 rusticorum
404 977 678 1015 vestimentum
698 977 772 1015 fuit
798 977 980 1026 Pallium,
1012 978 1067 1016 ita
1091 979 1207 1018 etiam
1242 981 1391 1019 Soccus
1428 982 1551 1020 altum

85 1043 159 1081 fuit
187 1041 498 1081 calceamentum
534 1041 689 1080 rusticis
722 1042 934 1095 proprium,
967 1049 1125 1094 propter
1154 1044 1295 1083 imbres
1330 1052 1370 1083 et
1409 1046 1548 1094 lutum,

85 1113 203 1157 atque
232 1106 429 1158 hybernas
461 1104 635 1156 pruinas.
690 1106 749 1143 Eo
780 1106 1036 1145 calceamenti
1066 1120 1210 1158 genere
1235 1109 1447 1147 utebantur
1467 1117 1547 1148 tam

84 1170 154 1209 viri
173 1183 291 1221 quam
309 1169 503 1209 mulieres.
568 1169 857 1213 Quintilianus:
898 1175 909 1192 ‘
927 1171 1133 1209 Comoedia
1161 1172 1201 1209 in
1232 1172 1447 1211 cothurnos
1469 1187 1548 1212 non

84 1235 279 1286 assurgit:
308 1247 382 1273 nec
406 1239 543 1272 contra
561 1233 772 1285 Tragoedia
791 1248 908 1274 socco
928 1235 1174 1287 ingreditur.’
1201 1236 1410 1288 Tragoedia
1426 1239 1545 1286 enirn,

83 1312 173 1337 cum
192 1311 308 1350 grave
328 1305 367 1337 et
385 1311 572 1350 magnum
603 1305 889 1350 argumentum,
923 1312 1167 1352 magnasque
1201 1306 1241 1339 et
1260 1301 1438 1352 ingentes
1461 1315 1550 1352 per-

84 1376 202 1401 sonas
221 1376 303 1414 prae
325 1376 366 1401 se
386 1363 515 1409 ferret,
534 1361 736 1401 cothurnis
758 1364 814 1401 uti
835 1363 982 1402 debuit.
1031 1363 1274 1402 Comoediam
1297 1371 1441 1412 autern,
1458 1378 1549 1403 cum

83 1433 189 1466 esset
218 1426 401 1480 humilis,N
423 1434 463 1465 et
491 1427 657 1465 rusticos
688 1435 922 1479 proponeret
950 1428 989 1465 in
1022 1441 1157 1475 scena,
1188 1428 1317 1479 palliis
1353 1436 1392 1467 et
1423 1430 1549 1469 soccis

83 1490 324 1530 commodius
359 1497 442 1529 erat
460 1491 603 1530 ornari.
659 1491 777 1534 Quod
807 1498 995 1543 praeterea
1027 1491 1076 1530 de
1106 1491 1167 1530 his
1189 1493 1303 1530 rebus
1334 1493 1409 1532 dici
1429 1506 1547 1546 posse

83 1554 274 1606 quispiam
299 1554 508 1606 judicabit,
540 1557 581 1595 id
610 1557 650 1594 in
673 1555 778 1594 aliud
799 1564 954 1608 tempus
971 1562 1154 1607 expectet
1172 1569 1335 1595 necesse
1352 1563 1438 1595 est:
1468 1571 1547 1596 non

82 1618 185 1656 enim
205 1618 267 1657 hic
288 1620 418 1657 omnia
439 1620 554 1658 simul
579 1621 775 1659 discutere
807 1621 920 1658 nobis
939 1620 1060 1667 licuit,
1096 1627 1177 1659 tum
1197 1627 1353 1672 propter
1372 1621 1426 1660 rei
1447 1621 1547 1660 diffi-

83 1682 282 1732 cultatem,
299 1690 381 1723 tum
398 1697 488 1724 vero
507 1687 600 1737 quia
614 1699 683 1738 per
703 1685 864 1737 negotia
883 1685 1012 1723 minus
1029 1685 1103 1723 fuit
1122 1685 1384 1724 commodum.

355 2007 776 2051 ANTONIUS
829 2006 1264 2049 GOVEANUS

478 2120 546 2151 DE
579 2117 723 2151 LUDIS
757 2116 1146 2150 MEGALENSIBUS.

82 2240 148 2278 DE
169 2240 286 2279 Ludis
307 2239 605 2291 Megalensibus
622 2238 715 2290 quia
730 2238 825 2275 certi
845 2235 941 2274 nihil
963 2235 1068 2287 apud
1084 2236 1276 2274 Auctores
1294 2236 1545 2287 reperiebam,

55 2302 159 2343 vnon
187 2305 255 2342 abs
286 2317 325 2343 re
359 2303 504 2355 putavi,
539 2317 627 2354 quae
658 2301 843 2352 colligere
862 2302 944 2352 ipse
975 2301 1098 2352 potui,
1132 2301 1171 2338 in
1202 2300 1372 2339 medium
1394 2300 1544 2338 afferre.

79 2368 347 2417 Μεγαλησίους
363 2367 534 2418 Magnos
556 2366 632 2404 dici
653 2379 675 2404 a
691 2365 841 2403 Graecis
861 2365 968 2403 Deos
986 2372 1122 2403 auctor
1138 2371 1199 2403 est
1217 2365 1398 2403 Donatus
1413 2378 1421 2403 :
1442 2365 1546 2403 Σιούς

80 2432 182 2471 enim
203 2432 336 2470 AEoles
362 2432 468 2469 Deos
489 2436 654 2469 vocant:
687 2429 790 2466 uude
826 2428 994 2479 Sibyllas
1027 2429 1102 2467 dici
1134 2428 1218 2467 vult
1248 2429 1408 2467 Aristo:
1439 2429 1546 2480 quod

81 2497 254 2535 Deorum
272 2503 424 2534 mentes
444 2495 684 2545 consiliaque
704 2493 954 2545 perspiciant.
1014 2493 1184 2544 Magnos
1219 2506 1309 2531 vero
1345 2493 1452 2531 Deos
1486 2493 1545 2530 in-

80 2560 229 2612 telligo,
250 2573 349 2611 quos
370 2559 559 2611 majorum
580 2559 756 2609 gentium
778 2558 917 2596 Cicero
936 2563 1065 2603 vocat,
1087 2556 1153 2607 qui
1174 2570 1197 2595 a
1216 2557 1325 2595 terris
1346 2556 1385 2594 in
1404 2555 1546 2594 coelum

80 2637 158 2663 non
192 2637 402 2676 pervenere
423 2637 432 2661 :
474 2624 573 2661 tales
606 2623 850 2661 habebantur
886 2622 1051 2671 Jupiter,
1092 2621 1316 2673 Neptunus,
1353 2621 1544 2665 Minerva,

82 2688 198 2726 Juno.
256 2689 309 2726 At
340 2700 466 2738 neque
500 2687 652 2738 magnis
685 2687 863 2724 omnibus
899 2685 1000 2732 Diis,
1035 2685 1104 2723 sed
1135 2692 1286 2723 tantum
1319 2685 1542 2723 coelestibus

82 2759 193 2790 erant
213 2752 252 2789 hi
275 2751 373 2789 Ludi
392 2752 622 2790 consecrati.
682 2751 765 2788 Hos
788 2763 889 2796 esse,
921 2763 1020 2801 quos
1041 2750 1243 2788 Romanos
1265 2749 1418 2787 interim
1438 2748 1544 2785 vide-

168 2815 286 2857 Delph.
298 2820 331 2848 et
344 2815 421 2848 γαν.
436 2815 522 2847 Clas.
753 2814 880 2848 Terent.
1430 2812 1457 2843 F
