1903 3306
291 228 380 269 4222
785 237 824 266 Ρ.
857 236 1097 266 TERENTu
1133 234 1248 264 Arm

296 330 413 372 Itan'
434 330 606 385 parasti
627 334 690 379 te,
706 333 756 370 ut
776 342 881 383 spes
902 329 1024 370 nulla
1043 328 1220 382 reliqua
1251 328 1296 368 in
1318 331 1362 368 te
1386 327 1472 368 siet
1492 327 1573 368 tibi
1601 328 1619 367 'l

296 398 439 439 Simul
462 397 695 438 consilium
717 410 819 438 cum
848 410 895 437 re
932 397 1116 437 amisti?
1162 393 1309 436 viden’
1330 407 1398 435 me
1419 407 1476 434 ex
1496 394 1654 435 eodem
1686 407 1754 435 or-

468 470 562 506 tum
583 465 681 506 loco
697 465 716 504 'l
1699 460 1755 502 10

298 531 388 582 Qui
410 533 547 582 color,
568 535 693 581 nitor,
717 531 919 580 vestitus,
941 543 1041 584 quae
1063 529 1281 570 habitudo
1304 533 1374 569 est
1394 528 1618 582 corporis!

301 598 464 639 Omnia
483 599 643 648 habeo,
665 611 806 652 neque
830 597 1070 651 quicquam
1089 597 1244 638 habeo.
1279 595 1404 637 Nihil
1426 609 1523 637 cum
1547 600 1631 646 est,
1649 594 1759 636 nihil

470 665 572 706 defit
589 669 747 706 tamen.

297 733 362 774 At
382 745 466 785 ego
482 732 650 781 infelix,
671 744 812 786 neque
827 730 1038 772 ridiculus
1060 743 1175 780 esse,
1197 743 1342 784 neque
1364 731 1524 784 plagas
1545 732 1642 784 pati

299 800 507 842 Possum.
568 798 691 849 Quid
707 799 726 838 ‘l
757 804 802 839 tu
820 798 890 838 his
908 798 1039 838 rebus
1058 798 1204 838 credis
1224 797 1351 839 fieri?
1384 801 1478 839 tota
1498 811 1618 839 erras
1639 798 1727 839 via.

300 867 418 908 Olim
457 866 531 908 isti
570 866 657 906 fuit
696 865 845 919 generi
889 864 1109 919 quondam
1154 869 1351 918 quaestus
1403 865 1522 920 apud
1574 866 1758 907 saeolum

474 934 609 988 prius.
1552 975 1558 977 Α
1701 933 1759 974 15

292 1054 441 1097 fiducia?
463 1056 515 1087 An
530 1065 652 1087 sensum
664 1065 725 1086 una
750 1065 817 1086 cum
832 1055 976 1092 fortunis
989 1055 1053 1086 tuis
1066 1053 1257 1096 perdidisti?
1281 1054 1396 1095 Aspice
1410 1065 1469 1093 me,
1483 1055 1536 1095 qui
1551 1064 1611 1085 non
1628 1053 1764 1085 melioris

301 1108 369 1129 sum
383 1099 507 1138 generis
525 1102 555 1130 et
580 1101 694 1130 status.
742 1099 805 1134 Qui
828 1099 908 1129 color
934 1098 1082 1138 corporis,
1104 1098 1271 1138 elegantia,
1296 1099 1381 1129 nitor
1394 1098 1487 1137 cutis,
1502 1108 1570 1137 quae
1584 1096 1766 1128 constitutio

301 1142 450 1172 sanitatis
462 1140 478 1173 ζ)
504 1142 618 1173 Omnia
633 1140 710 1171 mihi
724 1144 888 1181 suppetunt
903 1141 1033 1181 abunde,
1054 1144 1097 1178 et,
1118 1141 1189 1172 licet
1214 1141 1295 1172 nihil
1319 1141 1476 1181 quicquam
1491 1141 1673 1180 possideam,
1686 1138 1768 1170 nihil

304 1187 407 1215 tamen
420 1184 538 1226 deficit.
583 1185 629 1215 At
644 1193 699 1223 ego
720 1184 835 1222 infelix
858 1184 953 1224 (milti
975 1183 1150 1224 respondit)
1165 1193 1259 1224 neque
1274 1183 1346 1214 aliis
1367 1193 1486 1214 movere
1501 1184 1610 1221 risum,
1631 1186 1662 1213 et
1683 1181 1764 1212 risui

304 1236 381 1267 esse,
397 1236 492 1267 neque
507 1227 683 1257 verberibus
705 1227 865 1266 patiendis
888 1236 1061 1258 assuescere
1082 1236 1215 1266 possum.
1264 1226 1371 1261 Quid?
1394 1229 1429 1256 tu
1453 1225 1525 1267 (ego
1539 1224 1666 1264 subjeci)
1679 1224 1766 1255 hisne

304 1269 409 1306 rebus,
434 1279 552 1309 nempe,
569 1271 642 1300 dnm
657 1269 724 1310 quis
746 1271 880 1309 ridetur,
902 1273 957 1299 aut
980 1270 1121 1309 vapulat,
1146 1269 1266 1309 aliquid
1288 1268 1400 1310 profici
1423 1267 1538 1308 putas?
1566 1268 1766 1300 Vehementer

296 1311 437 1349 falleris,
452 1312 479 1342 si
495 1312 543 1343 ita
557 1316 659 1352 putas.
707 1312 793 1343 Olim
806 1312 962 1352 prioribus
977 1312 1176 1353 temporibus,
1192 1312 1245 1342 isti
1265 1312 1374 1350 generi
1386 1312 1596 1351 parasitorum
1611 1311 1762 1351 vapulan-

307 1355 399 1394 tium,
410 1358 439 1386 et
455 1355 668 1395 ridiculorum,
683 1356 766 1386 lucro
783 1355 854 1393 fuit
878 1364 931 1386 ars
953 1354 1016 1386 ista
1027 1365 1038 1386 .·
1060 1355 1116 1385 hoc
1130 1364 1200 1385 vero
1215 1358 1364 1395 tempore,
1379 1355 1429 1385 hic
1444 1363 1539 1385 novus
1555 1353 1635 1384 alius
1649 1356 1696 1384 est
1712 1362 1767 1383 au·

917 1466 936 1478 θ

1100 1465 1158 1477 ΝΟ

312 1552 374 1584 pro
389 1553 438 1574 me
454 1542 572 1576 Guelf.
589 1547 696 1575 3.-9.
710 1547 750 1575 10
775 1543 820 1576 Ο.
833 1543 906 1575 fere
922 1545 944 1577 1.
963 1555 989 1577 s.
1002 1550 1036 1575 et
1055 1545 1122 1576 Do.
1138 1553 1199 1584 pro
1217 1543 1318 1581 Itane,
1340 1541 1436 1578 stan,-
1460 1549 1524 1581 pro
1543 1539 1616 1578 siet,
1629 1539 1684 1577 sit,
1712 1539 1768 1570 ha-

316 1587 410 1617 bent.
457 1586 555 1617 Solus
586 1588 683 1618 Bem.
709 1590 813 1624 essem
837 1597 936 1629 qnam
965 1588 1046 1619 lect.
1073 1587 1268 1626 recipimus.
1314 1585 1441 1614 Versus
1470 1588 1584 1614 tamen
1610 1582 1767 1623 impediti

310 1635 505 1669 remanent,
521 1630 738 1671 maximeque
765 1631 945 1670 posterior.
989 1630 1106 1671 Aliqui
1127 1629 1164 1660 τὸ
1186 1630 1194 1646 ‘
1209 1628 1307 1659 simul
1320 1627 1328 1640 ³
1353 1627 1386 1658 in
1402 1626 1550 1667 priorem
1569 1634 1702 1656 versum
1719 1634 1770 1655 re-

306 1672 487 1712 jecerunt:
513 1673 654 1714 ejusque
671 1682 790 1704 versus
809 1673 954 1713 primam
978 1673 1146 1714 syllabam
1172 1670 1381 1713 praecedenti
1410 1669 1638 1710 applicarunt.
1686 1668 1769 1705 Nos,

312 1715 561 1746 ordinationem
579 1725 736 1747 versuum
755 1716 927 1756 vulgatam
943 1716 1143 1754 retinentes,
1159 1724 1234 1756 quae
1251 1713 1369 1744 eadem
1386 1712 1420 1743 in
1437 1721 1467 1743 ο.
1484 1712 1506 1742 l.
1521 1722 1547 1742 s.
1563 1720 1605 1741 ex
1625 1712 1635 1728 ‘
1649 1710 1747 1741 simul
1761 1710 1771 1724 ’

311 1758 336 1797 l,
359 1767 401 1788 ex
425 1758 434 1775 ¹
451 1757 572 1789 viden’
586 1768 631 1797 ⁸n,
659 1758 828 1790 elidimus.
849 1760 908 1790 Fa.
955 1759 1072 1790 Probo
1084 1759 1140 1796 sit,
1164 1767 1230 1788 uon
1246 1759 1336 1787 esset.
1380 1753 1465 1793 Stet,
1481 1754 1568 1796 quod
1587 1753 1695 1784 tribus
1712 1762 1770 1783 ex·

313 1801 426 1840 ceptis
443 1802 550 1832 nostri
565 1802 708 1840 habent,
731 1802 824 1832 nihili
839 1801 939 1833 facio.
967 1802 1105 1842 Quippe
1121 1811 1197 1832 cum
1220 1799 1374 1840 ‘reliqua
1388 1796 1397 1809 ⁹
1421 1806 1556 1836 semper
1572 1796 1661 1836 apud
1681 1795 1770 1826 Nos-

314 1848 418 1882 trum,
441 1844 492 1874 vel
509 1844 650 1884 primam
668 1844 848 1885 producat,
864 1845 917 1875 vel
935 1844 1224 1886 quadrisyllabum
1254 1843 1309 1881 sit,
1333 1842 1440 1881 ipsum
1467 1840 1526 1870 siet
1548 1838 1769 1880 pronuntian-

316 1886 394 1916 dum
412 1886 478 1916 erit
493 1887 534 1917 sit
549 1897 559 1917 .-
582 1892 685 1927 atque
701 1887 787 1918 adeo
813 1897 874 1918 cur
890 1897 956 1918 non
973 1893 1008 1918 et
1032 1886 1274 1918 scribendum?
1320 1884 1480 1915 Ceterum
1509 1881 1600 1923 quod
1625 1883 1634 1898 ‘
1647 1880 1744 1911 simul
1761 1880 1770 1893 '

314 1929 368 1959 hic
385 1929 569 1960 secundam
586 1930 762 1970 corripiat,
779 1935 944 1970 sequente
960 1930 1041 1961 licet
1057 1933 1277 1967 consonante,
1304 1927 1338 1957 id
1362 1931 1438 1966 post
1462 1930 1610 1955 nostram
1633 1933 1771 1964 operam

315 1972 367 2001 vel
387 1972 499 2010 pueris
515 1977 633 2003 notum
659 1973 736 2004 erit.
766 1973 858 2004 Bent.
881 1973 935 2013 qni
954 1972 1013 2003 dat
1027 1973 1070 2004 sit
1087 1982 1162 2004 curn
1184 1971 1286 2002 Both.
1336 1969 1424 1999 Esset
1447 1967 1484 1999 Z.
1512 1967 1589 2007 Bip.
1613 1966 1708 1997 Perl.
1734 1966 1774 1996 In

315 2017 346 2045 te
361 2012 446 2045 siet?
478 2014 573 2047 Tibi?
597 2015 656 2046 ΒΓ.
672 2015 729 2056 qui
756 2016 815 2046 dat
841 2021 875 2046 et
901 2015 1137 2046 amisisti.-—ll
1163 2013 1293 2054 Guyeti
1318 2010 1495 2042 audaciam
1521 2010 1666 2050 legentis
1690 2010 1775 2039 nitor

315 2057 457 2093 vestitus,
479 2058 626 2088 habitudo
657 2068 726 2098 qua:
751 2058 889 2099 corporis
918 2056 1141 2098 reprehendit
1164 2057 1271 2087 West.
1315 2054 1513 2094 Legendum
1539 2052 1644 2092 jubet
1672 2052 1776 2083 Bent.

319 2100 383 2134 Qui
397 2101 491 2138 color,
516 2100 568 2140 qui
583 2101 668 2131 nitor
682 2101 826 2140 vestitus,
849 2111 916 2141 quoe
931 2101 1078 2132 habitudo
1093 2104 1140 2131 est
1155 2095 1316 2139 corporis?
1359 2096 1456 2127 Scire
1478 2095 1613 2133 vellem,
1636 2104 1774 2134 respon-

317 2142 369 2173 dit
386 2142 477 2172 Perl.
494 2144 584 2174 unde
601 2143 753 2182 vestitui,
769 2154 834 2184 quo
850 2144 947 2184 nigro
963 2153 1002 2174 ac
1019 2143 1112 2184 pullo
1130 2142 1292 2173 incedere
1309 2139 1477 2180 parasitos
1489 2138 1550 2168 Vir
1566 2137 1687 2168 doctus
1701 2138 1774 2176 ipse

316 2184 457 2224 fatetur,
480 2185 571 2216 nitor
593 2186 735 2217 veniret.
780 2187 884 2224 Cave,
905 2187 954 2217 ait
981 2187 1058 2226 Bip.
1082 2195 1158 2217 cum
1186 2185 1286 2215 Bent.
1312 2181 1498 2222 conjungas
1523 2180 1610 2211 nitor
1634 2180 1776 2210 vestitus.

318 2227 430 2259 Notat
460 2228 625 2259 Bothius:
655 2229 773 2260 ‘Male
800 2229 1057 2270 interpungitur
1085 2233 1162 2269 post
1189 2227 1293 2257 verba
1319 2223 1460 2256 ‘color’
1487 2228 1523 2254 et
1545 2222 1676 2253 ‘nitor.'
1723 2223 1776 2252 Ad

318 2270 480 2301 vestitum
491 2276 652 2310 spectare
667 2272 676 2288 ‘
689 2271 797 2302 color’
813 2276 848 2302 et
863 2273 872 2289 ‘
885 2272 991 2303 nitor'
1008 2272 1147 2312 pulchre
1162 2270 1244 2301 vidit
1259 2270 1360 2299 Bent.
1375 2266 1433 2297 sed
1448 2266 1482 2297 id
1498 2266 1608 2296 minus
1625 2264 1778 2296 advertit

320 2313 370 2352 ὑφ’
387 2311 420 2343 ἓν
434 2314 658 2354 intelligenda
673 2323 748 2345 esse
763 2314 839 2345 haec
856 2315 972 2353 verba,
989 2319 1026 2345 ut
1041 2315 1123 2345 color
1137 2314 1220 2344 nitor
1236 2312 1322 2343 idem
1341 2310 1453 2341 valeat
1468 2309 1622 2348 ac‚color
1637 2308 1778 2339 nitidus.

321 2357 436 2388 Quare
453 2365 518 2386 non
536 2356 642 2396 probo
659 2356 761 2397 Angli
778 2357 1019 2397 elegantissimi
1035 2357 1278 2398 conjecturam,
1304 2353 1367 2389 Qui
1383 2353 1478 2390 color,
1500 2352 1552 2391 qm·
1576 2352 1672 2388 m'tor,
1695 2351 1778 2381 licet

321 2398 370 2428 sic
386 2399 484 2438 plane
501 2399 631 2438 legatur
647 2399 679 2429 in
698 2399 748 2431 C.’
793 2400 992 2439 Interrogat
1008 2400 1047 2430 Z.
1065 2404 1144 2440 post
1159 2400 1169 2415 ⁴
1187 2398 1331 2428 vestitus
1343 2395 1363 2435 ;'
1387 2401 1425 2425 ut
1441 2400 1518 2435 post
1533 2395 1542 2411 ‘
1553 2393 1706 2433 corporis
1717 2392 1725 2406 '
1741 2399 1778 2424 et

323 2441 360 2471 Z.
378 2445 413 2471 et
429 2441 586 2472 alii.—12
610 2442 729 2483 Deficit
745 2442 813 2473 Ms.
833 2443 922 2482 Lips.
945 2443 1044 2474 West.
1082 2442 1139 2474 Sic
1156 2442 1239 2480 legit
1260 2439 1351 2470 Peri.
1369 2438 1425 2478 qui
1443 2441 1558 2468 monet
1573 2436 1647 2477 defit
1662 2436 1777 2474 legere

323 2482 442 2514 Guelf.
457 2486 488 2514 2.
505 2488 541 2514 et
558 2483 599 2514 ad
617 2494 735 2515 vocem
749 2486 758 2501 ‘
771 2495 848 2515 cum
861 2485 870 2498 '
887 2486 934 2516 sic
951 2490 1072 2515 notat:
1094 2486 1103 2502 ⁴
1118 2484 1151 2516 J.
1167 2482 1354 2514 mihil—14
1379 2480 1463 2510 Cum
1483 2478 1626 2510 Heinsio
1643 2482 1678 2508 et
1693 2478 1779 2509 Dae.

322 2525 496 2565 duplicem
514 2525 580 2556 feci
597 2527 909 2568 interrogationem.
937 2528 1035 2559 West.
1082 2527 1165 2562 Quid
1179 2530 1213 2556 tu
1228 2526 1276 2556 his
1288 2524 1378 2555 rebus
1391 2522 1492 2553 credis
1503 2520 1608 2563 fieri?
1651 2520 1779 2551 Distin-

325 2577 411 2605 gne:
439 2568 547 2603 Quid?
569 2569 647 2600 tuh.
664 2579 691 2599 r.
708 2569 849 2611 asieri?
873 2571 977 2601 Bent.
1018 2571 1119 2601 Bent.
1148 2566 1259 2604 Quid?
1283 2567 1380 2597 bene.
1426 2565 1507 2595 Par.
1534 2563 1619 2599 Quid
1640 2566 1674 2593 tu
1700 2571 1777 2593 cum

324 2619 419 2651 seqq.
434 2612 621 2642 continuat.
645 2611 730 2642 Perl.
775 2613 960 2644 Continuat
982 2618 1017 2645 et
1034 2614 1180 2644 Biz-15
1207 2611 1340 2642 Soeczum
1366 2608 1452 2640 GM.
1476 2607 1534 2638 sed
1562 2615 1636 2647 sup.
1658 2605 1778 2646 script.

984 2710 1125 2742 NOTAE

472 2774 510 2802 14
538 2772 612 2804 Tota
623 2783 709 2805 erras
724 2774 790 2815 via]
812 2775 1042 2807 Proverbialis
1059 2776 1258 2816 metaphora
1277 2784 1295 2804 a
1311 2770 1496 2803 viatoribus
1514 2776 1637 2801 sumta,
