1903 3306
569 240 632 271 DE
666 239 849 271 Miz‘rms
882 240 1097 273 coMrcls.
1473 233 1558 274 225

109 339 213 372 runt.
270 333 320 371 Et
339 332 444 384 quod
478 332 541 380 de,
572 334 625 380 in,
644 339 684 371 et
702 346 791 380 con,
819 332 918 370 dixit
938 334 1089 380 Cicero,
1109 334 1147 371 in
1168 334 1252 372 aliis
1273 336 1387 373 etiam
1407 350 1558 388 pre-epo-

111 396 316 435 sitionibus
336 404 376 433 et
393 396 589 446 particulis
610 397 739 433 locum
769 397 952 434 habuisse
979 397 1150 448 plurimis
1172 399 1355 449 exemplis
1390 409 1556 447 constat,

109 473 196 511 quae
216 459 316 497 infra
335 473 405 498 suo
434 461 520 498 loco
541 460 710 498 afferam.
767 460 845 497 Sed
863 473 911 497 an
943 460 992 498 ad
1011 461 1163 498 illorum
1183 462 1341 500 modum
1365 470 1453 501 ante
1474 477 1559 502 eas-

113 522 203 561 dem
223 530 290 561 aut
304 524 401 561 alias
423 524 610 574 quasdam
629 524 761 562 literas
782 524 971 574 producte
992 524 1107 562 etiam
1127 526 1164 562 in
1185 538 1360 563 sermone
1381 526 1555 564 diceren-

107 593 182 631 tur,
201 599 289 624 cum
307 586 347 624 id
368 600 445 624 non
466 589 514 625 ab
534 588 656 638 ipsius
687 588 740 625 rei
761 588 923 634 ratione,
951 587 1020 626 sed
1040 602 1087 626 ex
1106 589 1252 639 linguae
1273 592 1555 629 consuetudine

107 649 308 701 penderet,
327 652 439 689 nobis
458 652 602 689 frustra
616 651 732 690 hodie
753 653 947 702 qu-aeritur.

163 714 359 761 Secundo,
378 715 417 752 in
447 715 667 766 dissyllabis
696 715 827 753 multis
855 730 942 766 quae
973 723 1064 753 sunt
1082 716 1383 768 frequentissimi
1410 718 1448 754 in
1479 731 1558 755 ser-

108 789 224 815 mone
251 791 361 826 usus,
389 778 552 830 priorem
579 792 649 830 pro
678 779 789 817 libitu
834 780 1056 831 corripiunt,
1093 781 1124 818 si
1159 782 1300 819 vocalis
1339 782 1465 820 brevis
1495 783 1558 829 sit,

107 847 151 878 ut
170 854 207 878 in

213 912 303 943 ante
580 905 672 944 inde
901 904 1042 958 quippe
1271 908 1387 959 hujus

213 975 341 1006 autem
582 970 681 1008 inter
902 972 1004 1008 unde
1271 973 1334 1011 ille
1351 973 1367 990 ⁷·

214 1044 306 1082 ergo
584 1034 685 1070 intro
905 1037 1018 1072 ambo
1275 1037 1354 1075 illic

214 1095 291 1132 etsi
585 1097 689 1135 intus
905 1100 986 1149 ejus
1001 1099 1008 1115 ¹
1273 1102 1367 1139 illuc

215 1158 313 1196 forte
587 1174 725 1211 nempe
906 1162 1015 1212 cujus
1278 1165 1383 1204 illinc

212 1222 295 1272 ipse
586 1237 721 1262 eccum
905 1238 1048 1276 perque
1274 1242 1361 1267 esse

211 1284 320 1335 ipsus
584 1301 716 1325 eccam
906 1291 1094 1341 numquid
1269 1295 1362 1332 esus

212 1347 286 1386 iste
583 1353 714 1402 ecquis
900 1353 1087 1405 quicquid
1271 1366 1404 1397 essent

212 1411 301 1449 istic
580 1416 719 1466 ecquid
903 1431 1073 1468 unquam
1268 1435 1386 1473 posse

211 1474 313 1513 istuc
581 1479 674 1517 idne
900 1495 1021 1532 usque
1268 1487 1369 1525 adde

210 1537 325 1577 istinc
583 1543 766 1595 quodque
902 1559 1066 1597 usquam
1270 1551 1389 1589 redde

1270 1616 1430 1654 omnis.³

435 1671 586 1715 Quibus
604 1672 743 1719 addas,
761 1674 905 1722 hercle,
923 1677 1055 1723 neve‚4
1071 1684 1109 1716 et
1129 1679 1223 1717 sive.

160 1753 303 1801 Tertio,
323 1755 362 1793 in
382 1756 618 1809 dissyllabis,
648 1773 812 1810 quorum
843 1762 946 1812 prior
965 1763 1090 1801 brevis
1112 1772 1184 1811 est,
1220 1766 1380 1806 alteram
1400 1782 1554 1820 quoque

108 1818 321 1870 saepissime
340 1821 550 1872 corripiunt
567 1836 575 1860 :
605 1830 648 1860 ut
666 1823 705 1860 in

213 1884 318 1934 apud
458 1886 552 1923 foris
722 1888 877 1939 quidem
994 1897 1122 1929 utrum
1287 1895 1403 1934 fidem

213 1948 316 1985 enim
461 1949 564 1988 foras
726 1953 839 1990 simul
1002 1968 1108 1993 amor
1288 1959 1425 1998 Jovem

212 2010 325 2048 ehem
463 2012 545 2051 heri
727 2023 856 2053 tamen
1003 2019 1111 2056 color
1281 2035 1419 2060 manus

213 2074 293 2112 fere
461 2089 597 2128 parum
727 2079 833 2117 velut
995 2082 1123 2133 pudor
1288 2084 1413 2124 forum

151 2220 170 2249 1
194 2217 288 2259 Ejus]
317 2218 372 2259 In,
391 2219 477 2261 ejus,
495 2221 605 2261 cujus,
632 2226 667 2253 et
693 2223 802 2264 hujus,
900 2227 919 2255 3
949 2226 1075 2266 Omnis]
1098 2226 1253 2260 Priorem
1285 2230 1331 2269 in,
1360 2230 1478 2270 omnis,
1507 2231 1551 2262 vi-

108 2271 146 2298 ut
166 2267 256 2308 prior
272 2269 491 2310 corripiatur,
507 2271 517 2302 i
534 2281 680 2303 consona
696 2273 729 2303 in
747 2283 802 2304 vo-
857 2272 982 2306 dentur
1019 2278 1271 2316 pronuntiasse,
1308 2284 1344 2311 ut
1387 2280 1469 2311 Itali
1518 2282 1552 2312 in

107 2318 214 2350 caiem
229 2319 388 2360 vertitur,
404 2325 440 2351 et
455 2331 530 2352 cum
548 2323 657 2353 vocali
673 2333 802 2363 praece-
856 2334 947 2364 ogne.

107 2367 210 2399 dente
235 2369 509 2411 diphthongescit
527 2382 536 2410 3
560 2372 803 2413 diphthongum
899 2378 919 2405 4
943 2376 1044 2417 Neve]
1063 2376 1161 2409 Neve
1178 2383 1213 2410 et
1229 2380 1310 2418 sive,
1331 2390 1406 2413 cum
1423 2383 1552 2422 pyrrhi-

109 2422 222 2450 autem
238 2425 318 2451 ante
335 2421 487 2452 vocalem
507 2423 632 2464 corripi
649 2423 690 2454 ad
708 2424 804 2456 Grae-
859 2426 926 2457 chii
943 2426 1052 2458 locum
1075 2428 1230 2460 obtinere
1246 2431 1416 2471 videntur,
1432 2433 1551 2473 opinor

109 2478 225 2500 corum
240 2471 431 2511 exemplum
445 2471 553 2511 poetis
570 2473 696 2504 Latinis
709 2474 802 2506 fami-
857 2486 919 2517 pro
928 2479 1164 2519 monosyllabis
1176 2481 1288 2520 potius
1298 2481 1452 2514 habenda
1463 2492 1552 2522 esse,

108 2519 190 2551 liare
207 2525 281 2551 est:
299 2524 334 2551 et
349 2521 426 2553 hinc
443 2521 481 2552 fit
497 2523 585 2563 quod
599 2533 687 2562 cum,
703 2524 805 2564 morli,
857 2532 892 2558 et
913 2528 995 2559 licet
1021 2530 1122 2568 piane
1147 2530 1351 2571 scribantur,
1375 2538 1551 2564 contracte

109 2570 295 2610 composita
319 2580 413 2611 saepe
437 2581 476 2602 us
502 2572 679 2613 abjiciant,
696 2579 731 2605 et
755 2575 803 2605 di·
856 2578 1067 2618 pronuntiari
1093 2585 1263 2620 oportere,
1291 2586 1329 2613 ut
1352 2592 1409 2613 neu
1425 2588 1460 2614 et
1475 2593 1552 2621 δρα,-

109 2620 230 2659 cimus,
245 2622 382 2661 eimodi,
395 2623 553 2664 cuimodi,
568 2624 731 2657 unimodi.
857 2632 891 2658 et
908 2627 986 2658 inde
1013 2638 1085 2660 esse
1111 2630 1201 2671 quod
1226 2631 1285 2662 siv’
1314 2638 1476 2674 corrupta
1497 2635 1552 2673 sit,

152 2672 172 2700 2
195 2670 270 2711 Ille]
294 2671 394 2703 Prior
419 2673 465 2712 in,
487 2674 558 2713 ille,
574 2675 659 2715 ipse,
676 2680 710 2707 et
728 2676 803 2716 iste,
855 2676 944 2708 And.
969 2687 994 2708 1.
1019 2680 1050 2708 3.
1074 2682 1105 2710 2.
1144 2680 1222 2710 Sive
1253 2681 1317 2712 ista
1344 2692 1463 2722 uxor,-
1479 2683 1549 2714 sive

108 2721 291 2762 corripitur
307 2731 368 2762 per
383 2732 498 2754 omnes
515 2735 622 2762 casus,
635 2731 668 2757 et
683 2736 803 2758 secun-
858 2728 1009 2760 azrnica
1032 2734 1083 2761 est
1095 2748 1106 2754 -
1120 2730 1257 2771 gravida
1285 2742 1303 2763 e
1314 2740 1355 2764 Ξ
1369 2733 1550 2773 Pamphilo

110 2770 153 2801 da
166 2769 239 2802 fere
255 2771 301 2810 in,
315 2772 418 2813 iilius,
433 2774 552 2815 ipsius,
567 2780 601 2807 et
617 2776 723 2808 istius.
857 2786 921 2810 est.

193 2825 308 2866 Delph.
324 2830 354 2858 et
370 2827 443 2859 Vur.
460 2827 543 2859 Clas.
783 2830 904 2863 Terent.
1435 2835 1462 2864 1¹
