<?xml version="1.0" encoding="UTF-8"?>
<!DOCTYPE html PUBLIC "-//W3C//DTD XHTML 1.0 Transitional//EN"
    "http://www.w3.org/TR/xhtml1/DTD/xhtml1-transitional.dtd">
<html xmlns="http://www.w3.org/1999/xhtml" xml:lang="en" lang="en">
 <head>
  <title>
</title>
<meta http-equiv="Content-Type" content="text/html;charset=utf-8" />
  <meta name='ocr-system' content='tesseract 3.04.00' />
  <meta name='ocr-capabilities' content='ocr_page ocr_carea ocr_par ocr_line ocrx_word'/>
</head>
<body>
  <div class='ocr_page' id='page_1' title='image "./pubterentiiafric01tereuoft_0262.png"; bbox 0 0 1903 3306; ppageno 0'>
   <div class='ocr_carea' id='block_1_1' title="bbox 330 235 1339 277">
    <p class='ocr_par' dir='ltr' id='par_1_1' title="bbox 330 235 1339 277">
     <span class='ocr_line' id='line_1_1' title="bbox 330 235 1339 277; baseline 0 0"><span class='ocrx_word' id='word_1_1' title='bbox 330 235 414 277; x_wconf 76' lang='lat'>252</span> <span class='ocrx_word' id='word_1_2' title='bbox 774 246 1028 277; x_wconf 79' lang='lat' dir='ltr'>RICARDUS</span> <span class='ocrx_word' id='word_1_3' title='bbox 1061 245 1339 277; x_wconf 70' lang='lat' dir='ltr'><strong>BENTLEIUS</strong></span> 
     </span>
    </p>
   </div>
   <div class='ocr_carea' id='block_1_2' title="bbox 328 339 1784 2435">
    <p class='ocr_par' dir='ltr' id='par_1_2' title="bbox 328 339 1784 1861">
     <span class='ocr_line' id='line_1_2' title="bbox 331 339 1777 391; baseline 0.001 -14"><span class='ocrx_word' id='word_1_4' title='bbox 331 340 499 391; x_wconf 84' lang='lat' dir='ltr'>ideoque</span> <span class='ocrx_word' id='word_1_5' title='bbox 520 340 557 377; x_wconf 94' lang='lat' dir='ltr'>in</span> <span class='ocrx_word' id='word_1_6' title='bbox 579 339 802 391; x_wconf 88' lang='lat' dir='ltr'>dissyllabis</span> <span class='ocrx_word' id='word_1_7' title='bbox 821 341 950 390; x_wconf 60' lang='lat' dir='ltr'>prior!</span> <span class='ocrx_word' id='word_1_8' title='bbox 989 340 1225 386; x_wconf 82' lang='lat' dir='ltr'>Priscianus,</span> <span class='ocrx_word' id='word_1_9' title='bbox 1244 354 1284 391; x_wconf 88' lang='lat' dir='ltr'>p.</span> <span class='ocrx_word' id='word_1_10' title='bbox 1309 341 1422 377; x_wconf 83' lang='lat'>1287.</span> <span class='ocrx_word' id='word_1_11' title='bbox 1444 343 1454 361; x_wconf 87' lang='lat'>‘</span> <span class='ocrx_word' id='word_1_12' title='bbox 1469 339 1620 379; x_wconf 86' lang='lat' dir='ltr'>Acutus</span> <span class='ocrx_word' id='word_1_13' title='bbox 1640 353 1777 379; x_wconf 88' lang='lat' dir='ltr'>accen-</span> 
     </span>
     <span class='ocr_line' id='line_1_3' title="bbox 331 404 1778 456; baseline -0.001 -14"><span class='ocrx_word' id='word_1_14' title='bbox 331 411 394 442; x_wconf 89' lang='lat' dir='ltr'>tus</span> <span class='ocrx_word' id='word_1_15' title='bbox 417 404 519 456; x_wconf 86' lang='lat' dir='ltr'>apud</span> <span class='ocrx_word' id='word_1_16' title='bbox 542 404 698 442; x_wconf 86' lang='lat' dir='ltr'>Latinos</span> <span class='ocrx_word' id='word_1_17' title='bbox 717 404 795 442; x_wconf 88' lang='lat' dir='ltr'>duo</span> <span class='ocrx_word' id='word_1_18' title='bbox 815 405 903 442; x_wconf 88' lang='lat' dir='ltr'>loca</span> <span class='ocrx_word' id='word_1_19' title='bbox 921 404 1052 450; x_wconf 87' lang='lat' dir='ltr'>habet,</span> <span class='ocrx_word' id='word_1_20' title='bbox 1071 404 1325 455; x_wconf 88' lang='lat' dir='ltr'>penultimum</span> <span class='ocrx_word' id='word_1_21' title='bbox 1346 411 1385 441; x_wconf 86' lang='lat' dir='ltr'>et</span> <span class='ocrx_word' id='word_1_22' title='bbox 1406 404 1778 454; x_wconf 86' lang='lat' dir='ltr'>antepenultimum:</span> 
     </span>
     <span class='ocr_line' id='line_1_4' title="bbox 333 468 1778 520; baseline 0 -14"><span class='ocrx_word' id='word_1_23' title='bbox 333 469 437 520; x_wconf 86' lang='lat' dir='ltr'>apud</span> <span class='ocrx_word' id='word_1_24' title='bbox 459 469 620 506; x_wconf 83' lang='lat' dir='ltr'>Graecos</span> <span class='ocrx_word' id='word_1_25' title='bbox 641 475 769 506; x_wconf 86' lang='lat' dir='ltr'>autem</span> <span class='ocrx_word' id='word_1_26' title='bbox 791 476 831 506; x_wconf 87' lang='lat' dir='ltr'>et</span> <span class='ocrx_word' id='word_1_27' title='bbox 849 468 1050 506; x_wconf 90' lang='lat' dir='ltr'>ultimum.&#39;</span> <span class='ocrx_word' id='word_1_28' title='bbox 1107 469 1156 505; x_wconf 94' lang='lat' dir='ltr'>Et</span> <span class='ocrx_word' id='word_1_29' title='bbox 1174 468 1291 519; x_wconf 90' lang='lat' dir='ltr'>paulo</span> <span class='ocrx_word' id='word_1_30' title='bbox 1310 475 1424 519; x_wconf 84' lang='lat' dir='ltr'>post:</span> <span class='ocrx_word' id='word_1_31' title='bbox 1455 473 1466 490; x_wconf 89' lang='lat'>‘</span> <span class='ocrx_word' id='word_1_32' title='bbox 1481 468 1600 520; x_wconf 92' lang='lat' dir='ltr'><strong>Apud</strong></span> <span class='ocrx_word' id='word_1_33' title='bbox 1620 468 1778 507; x_wconf 86' lang='lat' dir='ltr'>Latinos</span> 
     </span>
     <span class='ocr_line' id='line_1_5' title="bbox 331 530 1781 584; baseline 0.001 -15"><span class='ocrx_word' id='word_1_34' title='bbox 331 533 366 569; x_wconf 89' lang='lat' dir='ltr'>in</span> <span class='ocrx_word' id='word_1_35' title='bbox 388 532 524 570; x_wconf 85' lang='lat' dir='ltr'>ultima</span> <span class='ocrx_word' id='word_1_36' title='bbox 545 533 706 584; x_wconf 82' lang='lat' dir='ltr'>syllaba,</span> <span class='ocrx_word' id='word_1_37' title='bbox 727 532 802 570; x_wconf 89' lang='lat' dir='ltr'>nisi</span> <span class='ocrx_word' id='word_1_38' title='bbox 823 532 1068 570; x_wconf 83' lang='lat' dir='ltr'>discretionis</span> <span class='ocrx_word' id='word_1_39' title='bbox 1089 545 1222 579; x_wconf 90' lang='lat' dir='ltr'>causa,</span> <span class='ocrx_word' id='word_1_40' title='bbox 1240 532 1333 584; x_wconf 92' lang='lat' dir='ltr'>poni</span> <span class='ocrx_word' id='word_1_41' title='bbox 1352 545 1430 570; x_wconf 90' lang='lat' dir='ltr'>non</span> <span class='ocrx_word' id='word_1_42' title='bbox 1451 531 1551 570; x_wconf 88' lang='lat' dir='ltr'>solet</span> <span class='ocrx_word' id='word_1_43' title='bbox 1568 530 1781 571; x_wconf 68' lang='lat' dir='ltr'>accentus.¹</span> 
     </span>
     <span class='ocr_line' id='line_1_6' title="bbox 334 594 1780 647; baseline 0 -14"><span class='ocrx_word' id='word_1_44' title='bbox 334 596 528 642; x_wconf 81' lang='lat' dir='ltr'>Donatus,</span> <span class='ocrx_word' id='word_1_45' title='bbox 549 610 586 647; x_wconf 93' lang='lat' dir='ltr'>p.</span> <span class='ocrx_word' id='word_1_46' title='bbox 611 598 726 634; x_wconf 85' lang='lat'>1740.</span> <span class='ocrx_word' id='word_1_47' title='bbox 756 599 766 616; x_wconf 79' lang='lat'>‘</span> <span class='ocrx_word' id='word_1_48' title='bbox 782 595 914 633; x_wconf 92' lang='lat' dir='ltr'>Tonus</span> <span class='ocrx_word' id='word_1_49' title='bbox 937 602 1088 642; x_wconf 86' lang='lat' dir='ltr'>acutuS,</span> <span class='ocrx_word' id='word_1_50' title='bbox 1114 608 1202 634; x_wconf 89' lang='lat' dir='ltr'>cum</span> <span class='ocrx_word' id='word_1_51' title='bbox 1224 596 1261 632; x_wconf 91' lang='lat' dir='ltr'>in</span> <span class='ocrx_word' id='word_1_52' title='bbox 1284 594 1434 633; x_wconf 82' lang='lat' dir='ltr'>Graecis</span> <span class='ocrx_word' id='word_1_53' title='bbox 1454 594 1687 633; x_wconf 85' lang='lat' dir='ltr'>dictionibus</span> <span class='ocrx_word' id='word_1_54' title='bbox 1705 595 1780 633; x_wconf 84' lang='lat' dir='ltr'>tria</span> 
     </span>
     <span class='ocr_line' id='line_1_7' title="bbox 331 658 1779 711; baseline -0.001 -14"><span class='ocrx_word' id='word_1_55' title='bbox 331 660 416 697; x_wconf 88' lang='lat' dir='ltr'>loca</span> <span class='ocrx_word' id='word_1_56' title='bbox 435 667 579 707; x_wconf 87' lang='lat' dir='ltr'>teneat,</span> <span class='ocrx_word' id='word_1_57' title='bbox 601 661 794 706; x_wconf 88' lang='lat' dir='ltr'>ultimum,</span> <span class='ocrx_word' id='word_1_58' title='bbox 813 659 1083 711; x_wconf 86' lang='lat' dir='ltr'>penultimum,</span> <span class='ocrx_word' id='word_1_59' title='bbox 1104 666 1143 697; x_wconf 87' lang='lat' dir='ltr'>et</span> <span class='ocrx_word' id='word_1_60' title='bbox 1156 659 1527 710; x_wconf 82' lang='lat' dir='ltr'>antepenultimum3</span> <span class='ocrx_word' id='word_1_61' title='bbox 1548 665 1656 697; x_wconf 88' lang='lat' dir='ltr'>tenet</span> <span class='ocrx_word' id='word_1_62' title='bbox 1673 658 1779 710; x_wconf 84' lang='lat' dir='ltr'>apud</span> 
     </span>
     <span class='ocr_line' id='line_1_8' title="bbox 331 721 1781 776; baseline 0 -16"><span class='ocrx_word' id='word_1_63' title='bbox 331 724 488 762; x_wconf 78' lang='lat' dir='ltr'>Latinos</span> <span class='ocrx_word' id='word_1_64' title='bbox 502 724 758 776; x_wconf 89' lang='lat' dir='ltr'>penultimum</span> <span class='ocrx_word' id='word_1_65' title='bbox 772 730 811 761; x_wconf 89' lang='lat' dir='ltr'>et</span> <span class='ocrx_word' id='word_1_66' title='bbox 823 722 1187 775; x_wconf 79' lang='lat' dir='ltr'>antepenultimum3</span> <span class='ocrx_word' id='word_1_67' title='bbox 1207 723 1384 761; x_wconf 90' lang='lat' dir='ltr'>ultimum</span> <span class='ocrx_word' id='word_1_68' title='bbox 1400 723 1627 774; x_wconf 80' lang='lat' dir='ltr'>nunquam.’</span> <span class='ocrx_word' id='word_1_69' title='bbox 1653 721 1781 760; x_wconf 82' lang='lat' dir='ltr'>Maxi·</span> 
     </span>
     <span class='ocr_line' id='line_1_9' title="bbox 330 785 1779 839; baseline -0.001 -14"><span class='ocrx_word' id='word_1_70' title='bbox 330 800 416 825; x_wconf 89' lang='lat' dir='ltr'>mus</span> <span class='ocrx_word' id='word_1_71' title='bbox 437 788 672 834; x_wconf 82' lang='lat' dir='ltr'>Victorinus,</span> <span class='ocrx_word' id='word_1_72' title='bbox 693 802 732 839; x_wconf 92' lang='lat' dir='ltr'>p.</span> <span class='ocrx_word' id='word_1_73' title='bbox 754 789 870 825; x_wconf 76' lang='lat'>1942.</span> <span class='ocrx_word' id='word_1_74' title='bbox 900 793 911 809; x_wconf 90' lang='lat'>‘</span> <span class='ocrx_word' id='word_1_75' title='bbox 925 788 1090 834; x_wconf 89' lang='lat' dir='ltr'>Acutus,</span> <span class='ocrx_word' id='word_1_76' title='bbox 1112 800 1198 825; x_wconf 93' lang='lat' dir='ltr'>cum</span> <span class='ocrx_word' id='word_1_77' title='bbox 1219 786 1324 837; x_wconf 87' lang='lat' dir='ltr'>apud</span> <span class='ocrx_word' id='word_1_78' title='bbox 1345 786 1506 824; x_wconf 88' lang='lat' dir='ltr'>Graeeos</span> <span class='ocrx_word' id='word_1_79' title='bbox 1525 786 1599 823; x_wconf 87' lang='lat' dir='ltr'>tria</span> <span class='ocrx_word' id='word_1_80' title='bbox 1615 785 1704 825; x_wconf 92' lang='lat' dir='ltr'>loca</span> <span class='ocrx_word' id='word_1_81' title='bbox 1722 793 1779 824; x_wconf 87' lang='lat' dir='ltr'>te-</span> 
     </span>
     <span class='ocr_line' id='line_1_10' title="bbox 330 849 1780 903; baseline -0.001 -14"><span class='ocrx_word' id='word_1_82' title='bbox 330 859 434 898; x_wconf 87' lang='lat' dir='ltr'>neat,</span> <span class='ocrx_word' id='word_1_83' title='bbox 469 852 571 903; x_wconf 88' lang='lat' dir='ltr'>apud</span> <span class='ocrx_word' id='word_1_84' title='bbox 604 865 676 890; x_wconf 90' lang='lat' dir='ltr'>nos</span> <span class='ocrx_word' id='word_1_85' title='bbox 697 852 850 890; x_wconf 88' lang='lat' dir='ltr'>duobus</span> <span class='ocrx_word' id='word_1_86' title='bbox 870 859 1020 890; x_wconf 88' lang='lat' dir='ltr'>tantum</span> <span class='ocrx_word' id='word_1_87' title='bbox 1041 852 1132 902; x_wconf 92' lang='lat' dir='ltr'>poni</span> <span class='ocrx_word' id='word_1_88' title='bbox 1153 857 1304 902; x_wconf 82' lang='lat' dir='ltr'>potest3</span> <span class='ocrx_word' id='word_1_89' title='bbox 1336 856 1403 887; x_wconf 88' lang='lat' dir='ltr'>aut</span> <span class='ocrx_word' id='word_1_90' title='bbox 1420 851 1458 888; x_wconf 92' lang='lat' dir='ltr'>in</span> <span class='ocrx_word' id='word_1_91' title='bbox 1477 849 1705 901; x_wconf 88' lang='lat' dir='ltr'>penultima,</span> <span class='ocrx_word' id='word_1_92' title='bbox 1723 857 1780 897; x_wconf 93' lang='lat' dir='ltr'>ut,</span> 
     </span>
     <span class='ocr_line' id='line_1_11' title="bbox 329 912 1780 968; baseline -0.001 -16"><span class='ocrx_word' id='word_1_93' title='bbox 329 915 558 967; x_wconf 67' lang='lat' dir='ltr'>praelegistis</span> <span class='ocrx_word' id='word_1_94' title='bbox 575 930 584 959; x_wconf 91' lang='lat'>;</span> <span class='ocrx_word' id='word_1_95' title='bbox 616 924 684 953; x_wconf 85' lang='lat' dir='ltr'>aut</span> <span class='ocrx_word' id='word_1_96' title='bbox 702 929 749 954; x_wconf 91' lang='lat' dir='ltr'>ea</span> <span class='ocrx_word' id='word_1_97' title='bbox 767 929 855 967; x_wconf 86' lang='lat' dir='ltr'>quae</span> <span class='ocrx_word' id='word_1_98' title='bbox 877 929 899 953; x_wconf 89' lang='lat' dir='ltr'>a</span> <span class='ocrx_word' id='word_1_99' title='bbox 919 916 995 953; x_wconf 89' lang='lat' dir='ltr'>fine</span> <span class='ocrx_word' id='word_1_100' title='bbox 1014 921 1076 953; x_wconf 87' lang='lat' dir='ltr'>est</span> <span class='ocrx_word' id='word_1_101' title='bbox 1094 915 1220 960; x_wconf 82' lang='lat' dir='ltr'>tertia,</span> <span class='ocrx_word' id='word_1_102' title='bbox 1242 920 1297 960; x_wconf 90' lang='lat' dir='ltr'>ut,</span> <span class='ocrx_word' id='word_1_103' title='bbox 1315 912 1591 966; x_wconf 66' lang='lat' dir='ltr'>praelegimus!</span> <span class='ocrx_word' id='word_1_104' title='bbox 1646 912 1780 968; x_wconf 80' lang='lat' dir='ltr'>Olym-</span> 
     </span>
     <span class='ocr_line' id='line_1_12' title="bbox 328 976 1781 1029; baseline -0.001 -12"><span class='ocrx_word' id='word_1_105' title='bbox 328 979 512 1029; x_wconf 83' lang='lat' dir='ltr'>piodorus</span> <span class='ocrx_word' id='word_1_106' title='bbox 532 980 571 1018; x_wconf 92' lang='lat' dir='ltr'>in</span> <span class='ocrx_word' id='word_1_107' title='bbox 592 980 813 1018; x_wconf 82' lang='lat' dir='ltr'>Aristotelis</span> <span class='ocrx_word' id='word_1_108' title='bbox 835 979 1026 1024; x_wconf 84' lang='lat' dir='ltr'>Meteora‚</span> <span class='ocrx_word' id='word_1_109' title='bbox 1045 991 1083 1029; x_wconf 88' lang='lat' dir='ltr'>p.</span> <span class='ocrx_word' id='word_1_110' title='bbox 1105 979 1173 1020; x_wconf 65' lang='lat'>27,</span> <span class='ocrx_word' id='word_1_111' title='bbox 1190 978 1287 1015; x_wconf 81' lang='grc' dir='ltr'>Τότε</span> <span class='ocrx_word' id='word_1_112' title='bbox 1305 978 1376 1029; x_wconf 84' lang='grc' dir='ltr'>μὲν</span> <span class='ocrx_word' id='word_1_113' title='bbox 1390 976 1538 1027; x_wconf 83' lang='grc' dir='ltr'>Γραικοὶ</span> <span class='ocrx_word' id='word_1_114' title='bbox 1558 978 1781 1025; x_wconf 80' lang='grc' dir='ltr'>ἐκλήθησαν,</span> 
     </span>
     <span class='ocr_line' id='line_1_13' title="bbox 330 1039 1780 1093; baseline -0.001 -13"><span class='ocrx_word' id='word_1_115' title='bbox 330 1048 396 1081; x_wconf 87' lang='grc' dir='ltr'>νῦν</span> <span class='ocrx_word' id='word_1_116' title='bbox 415 1043 663 1091; x_wconf 72' lang='grc' dir='ltr'>δὲ“Έλληνες.</span> <span class='ocrx_word' id='word_1_117' title='bbox 685 1049 789 1082; x_wconf 81' lang='grc' dir='ltr'>τοῦτο</span> <span class='ocrx_word' id='word_1_118' title='bbox 809 1042 850 1080; x_wconf 79' lang='grc' dir='ltr'>δὲ</span> <span class='ocrx_word' id='word_1_119' title='bbox 868 1043 907 1081; x_wconf 81' lang='grc' dir='ltr'>τὸ</span> <span class='ocrx_word' id='word_1_120' title='bbox 928 1043 1046 1093; x_wconf 81' lang='grc' dir='ltr'>ὄνομα</span> <span class='ocrx_word' id='word_1_121' title='bbox 1066 1042 1099 1079; x_wconf 80' lang='grc' dir='ltr'>οἱ</span> <span class='ocrx_word' id='word_1_122' title='bbox 1118 1042 1190 1093; x_wconf 83' lang='grc' dir='ltr'>μὲν</span> <span class='ocrx_word' id='word_1_123' title='bbox 1206 1041 1385 1092; x_wconf 78' lang='grc' dir='ltr'>Ῥωμαῖοι</span> <span class='ocrx_word' id='word_1_124' title='bbox 1399 1041 1654 1091; x_wconf 70' lang='grc' dir='ltr'>παροξύνουσι,</span> <span class='ocrx_word' id='word_1_125' title='bbox 1666 1039 1780 1091; x_wconf 81' lang='grc' dir='ltr'>Γραῖ-</span> 
     </span>
     <span class='ocr_line' id='line_1_14' title="bbox 330 1103 1781 1157; baseline -0.003 -12"><span class='ocrx_word' id='word_1_126' title='bbox 330 1124 383 1145; x_wconf 87' lang='grc' dir='ltr'>κοι</span> <span class='ocrx_word' id='word_1_127' title='bbox 402 1111 590 1157; x_wconf 82' lang='grc' dir='ltr'>λέγοντες.</span> <span class='ocrx_word' id='word_1_128' title='bbox 609 1110 631 1154; x_wconf 80' lang='grc' dir='ltr'>ἡ</span> <span class='ocrx_word' id='word_1_129' title='bbox 651 1106 690 1145; x_wconf 76' lang='grc' dir='ltr'>δὲ</span> <span class='ocrx_word' id='word_1_130' title='bbox 710 1111 809 1154; x_wconf 78' lang='grc' dir='ltr'>κοινὴ</span> <span class='ocrx_word' id='word_1_131' title='bbox 830 1107 1017 1145; x_wconf 74' lang='grc' dir='ltr'>διάλεκτος</span> <span class='ocrx_word' id='word_1_132' title='bbox 1038 1107 1168 1153; x_wconf 78' lang='grc' dir='ltr'>ὀξύνει.</span> <span class='ocrx_word' id='word_1_133' title='bbox 1209 1106 1387 1143; x_wconf 87' lang='grc' dir='ltr'>Καθόλου</span> <span class='ocrx_word' id='word_1_134' title='bbox 1401 1103 1441 1142; x_wconf 78' lang='grc' dir='ltr'>δὲ</span> <span class='ocrx_word' id='word_1_135' title='bbox 1462 1106 1497 1142; x_wconf 80' lang='grc' dir='ltr'>οἱ</span> <span class='ocrx_word' id='word_1_136' title='bbox 1513 1104 1690 1155; x_wconf 84' lang='grc' dir='ltr'>Ῥωμαῖοι</span> <span class='ocrx_word' id='word_1_137' title='bbox 1703 1110 1781 1142; x_wconf 82' lang='grc' dir='ltr'>πᾶν</span> 
     </span>
     <span class='ocr_line' id='line_1_15' title="bbox 330 1169 1781 1222; baseline -0.002 -13"><span class='ocrx_word' id='word_1_138' title='bbox 330 1172 446 1221; x_wconf 74' lang='grc' dir='ltr'>ὄνομα</span> <span class='ocrx_word' id='word_1_139' title='bbox 476 1176 714 1222; x_wconf 78' lang='grc' dir='ltr'>παροξύνουσι</span> <span class='ocrx_word' id='word_1_140' title='bbox 746 1171 807 1210; x_wconf 75' lang='grc' dir='ltr'>διὰ</span> <span class='ocrx_word' id='word_1_141' title='bbox 836 1172 899 1210; x_wconf 80' lang='grc' dir='ltr'>τὸν</span> <span class='ocrx_word' id='word_1_142' title='bbox 933 1172 1084 1219; x_wconf 83' lang='grc' dir='ltr'>κόμπον·</span> <span class='ocrx_word' id='word_1_143' title='bbox 1116 1169 1549 1219; x_wconf 65' lang='grc' dir='ltr'>ὅθεν’Υπερηνορέοντες</span> <span class='ocrx_word' id='word_1_144' title='bbox 1570 1169 1781 1214; x_wconf 80' lang='grc' dir='ltr'>ἐκλήθησαν</span> 
     </span>
     <span class='ocr_line' id='line_1_16' title="bbox 328 1233 1781 1284; baseline -0.003 -11"><span class='ocrx_word' id='word_1_145' title='bbox 328 1237 398 1274; x_wconf 78' lang='grc' dir='ltr'>ὑπὸ</span> <span class='ocrx_word' id='word_1_146' title='bbox 419 1244 491 1275; x_wconf 83' lang='grc' dir='ltr'>τῶν</span> <span class='ocrx_word' id='word_1_147' title='bbox 507 1244 682 1283; x_wconf 84' lang='grc' dir='ltr'>ποιητῶν.</span> <span class='ocrx_word' id='word_1_148' title='bbox 739 1236 825 1274; x_wconf 90' lang='lat' dir='ltr'>Hoc</span> <span class='ocrx_word' id='word_1_149' title='bbox 845 1242 929 1274; x_wconf 88' lang='lat' dir='ltr'>est:</span> <span class='ocrx_word' id='word_1_150' title='bbox 957 1234 1032 1278; x_wconf 86' lang='lat' dir='ltr'>Qui</span> <span class='ocrx_word' id='word_1_151' title='bbox 1053 1233 1142 1272; x_wconf 92' lang='lat' dir='ltr'>olim</span> <span class='ocrx_word' id='word_1_152' title='bbox 1161 1234 1309 1283; x_wconf 76' lang='grc' dir='ltr'>Γραικοὶ</span> <span class='ocrx_word' id='word_1_153' title='bbox 1329 1233 1437 1280; x_wconf 90' lang='lat' dir='ltr'>dicti,</span> <span class='ocrx_word' id='word_1_154' title='bbox 1456 1246 1559 1271; x_wconf 87' lang='lat' dir='ltr'>nunc</span> <span class='ocrx_word' id='word_1_155' title='bbox 1581 1233 1781 1284; x_wconf 84' lang='lat' dir='ltr'>appellan-</span> 
     </span>
     <span class='ocr_line' id='line_1_17' title="bbox 330 1295 1782 1350; baseline -0.003 -13"><span class='ocrx_word' id='word_1_156' title='bbox 330 1306 391 1337; x_wconf 83' lang='lat' dir='ltr'>tur</span> <span class='ocrx_word' id='word_1_157' title='bbox 411 1302 607 1347; x_wconf 74' lang='grc' dir='ltr'>“Ελληνες.</span> <span class='ocrx_word' id='word_1_158' title='bbox 664 1300 773 1338; x_wconf 92' lang='lat' dir='ltr'>Illius</span> <span class='ocrx_word' id='word_1_159' title='bbox 795 1306 924 1338; x_wconf 86' lang='lat' dir='ltr'>autem</span> <span class='ocrx_word' id='word_1_160' title='bbox 944 1298 1049 1337; x_wconf 88' lang='lat' dir='ltr'>verbi</span> <span class='ocrx_word' id='word_1_161' title='bbox 1068 1299 1322 1350; x_wconf 85' lang='lat' dir='ltr'>penultimam</span> <span class='ocrx_word' id='word_1_162' title='bbox 1343 1297 1509 1335; x_wconf 87' lang='lat' dir='ltr'>Romani</span> <span class='ocrx_word' id='word_1_163' title='bbox 1530 1302 1690 1344; x_wconf 85' lang='lat' dir='ltr'>acuunt,</span> <span class='ocrx_word' id='word_1_164' title='bbox 1722 1295 1782 1333; x_wconf 89' lang='lat' dir='ltr'>di-</span> 
     </span>
     <span class='ocr_line' id='line_1_18' title="bbox 328 1359 1782 1414; baseline -0.005 -11"><span class='ocrx_word' id='word_1_165' title='bbox 328 1372 460 1403; x_wconf 84' lang='lat' dir='ltr'>centes</span> <span class='ocrx_word' id='word_1_166' title='bbox 494 1365 666 1414; x_wconf 80' lang='grc' dir='ltr'>Γραῖκοι;</span> <span class='ocrx_word' id='word_1_167' title='bbox 697 1364 766 1403; x_wconf 88' lang='lat' dir='ltr'>sed</span> <span class='ocrx_word' id='word_1_168' title='bbox 795 1362 1012 1403; x_wconf 85' lang='lat' dir='ltr'>communis</span> <span class='ocrx_word' id='word_1_169' title='bbox 1034 1374 1160 1400; x_wconf 88' lang='lat' dir='ltr'>sermo</span> <span class='ocrx_word' id='word_1_170' title='bbox 1181 1361 1285 1399; x_wconf 85' lang='lat' dir='ltr'>acuit</span> <span class='ocrx_word' id='word_1_171' title='bbox 1304 1361 1493 1407; x_wconf 81' lang='lat' dir='ltr'>ultimam,</span> <span class='ocrx_word' id='word_1_172' title='bbox 1512 1360 1676 1412; x_wconf 80' lang='grc' dir='ltr'>Γραικοί.</span> <span class='ocrx_word' id='word_1_173' title='bbox 1731 1359 1782 1396; x_wconf 88' lang='lat' dir='ltr'>Et</span> 
     </span>
     <span class='ocr_line' id='line_1_19' title="bbox 328 1423 1783 1479; baseline -0.003 -13"><span class='ocrx_word' id='word_1_174' title='bbox 328 1429 538 1467; x_wconf 86' lang='lat' dir='ltr'>universim</span> <span class='ocrx_word' id='word_1_175' title='bbox 559 1429 727 1466; x_wconf 83' lang='lat' dir='ltr'>Romani</span> <span class='ocrx_word' id='word_1_176' title='bbox 747 1428 784 1465; x_wconf 91' lang='lat' dir='ltr'>in</span> <span class='ocrx_word' id='word_1_177' title='bbox 806 1439 1053 1479; x_wconf 85' lang='lat' dir='ltr'>quacumque</span> <span class='ocrx_word' id='word_1_178' title='bbox 1072 1439 1168 1464; x_wconf 85' lang='lat' dir='ltr'>voce</span> <span class='ocrx_word' id='word_1_179' title='bbox 1190 1425 1441 1477; x_wconf 84' lang='lat' dir='ltr'>penultimam</span> <span class='ocrx_word' id='word_1_180' title='bbox 1461 1424 1523 1462; x_wconf 85' lang='lat' dir='ltr'>vel</span> <span class='ocrx_word' id='word_1_181' title='bbox 1553 1423 1783 1475; x_wconf 85' lang='lat' dir='ltr'>antepenul-</span> 
     </span>
     <span class='ocr_line' id='line_1_20' title="bbox 329 1488 1782 1544; baseline -0.003 -13"><span class='ocrx_word' id='word_1_182' title='bbox 329 1494 461 1532; x_wconf 83' lang='lat' dir='ltr'>timam</span> <span class='ocrx_word' id='word_1_183' title='bbox 482 1500 639 1540; x_wconf 87' lang='lat' dir='ltr'>acuunt,</span> <span class='ocrx_word' id='word_1_184' title='bbox 659 1499 815 1544; x_wconf 86' lang='lat' dir='ltr'>propter</span> <span class='ocrx_word' id='word_1_185' title='bbox 832 1492 976 1530; x_wconf 84' lang='lat' dir='ltr'>fastum</span> <span class='ocrx_word' id='word_1_186' title='bbox 997 1498 1036 1530; x_wconf 91' lang='lat' dir='ltr'>et</span> <span class='ocrx_word' id='word_1_187' title='bbox 1055 1489 1433 1543; x_wconf 84' lang='lat' dir='ltr'>grandiloquentiam</span> <span class='ocrx_word' id='word_1_188' title='bbox 1453 1502 1462 1527; x_wconf 77' lang='lat' dir='ltr'>t</span> <span class='ocrx_word' id='word_1_189' title='bbox 1490 1488 1595 1527; x_wconf 90' lang='lat' dir='ltr'>unde</span> <span class='ocrx_word' id='word_1_190' title='bbox 1615 1500 1640 1525; x_wconf 87' lang='lat' dir='ltr'>a</span> <span class='ocrx_word' id='word_1_191' title='bbox 1656 1490 1782 1538; x_wconf 56' lang='lat' dir='ltr'>poetis</span> 
     </span>
     <span class='ocr_line' id='line_1_21' title="bbox 330 1550 1783 1608; baseline -0.003 -13"><span class='ocrx_word' id='word_1_192' title='bbox 330 1557 512 1596; x_wconf 86' lang='lat' dir='ltr'>dicuntur</span> <span class='ocrx_word' id='word_1_193' title='bbox 540 1558 883 1608; x_wconf 72' lang='grc' dir='ltr'>’Υπερηνορέοντες,</span> <span class='ocrx_word' id='word_1_194' title='bbox 911 1556 1061 1593; x_wconf 82' lang='lat' dir='ltr'>feroces</span> <span class='ocrx_word' id='word_1_195' title='bbox 1097 1561 1137 1592; x_wconf 85' lang='lat' dir='ltr'>et</span> <span class='ocrx_word' id='word_1_196' title='bbox 1166 1553 1575 1604; x_wconf 77' lang='lat' dir='ltr'>superbi.—-Ceterum</span> <span class='ocrx_word' id='word_1_197' title='bbox 1595 1550 1701 1602; x_wconf 89' lang='lat' dir='ltr'>quod</span> <span class='ocrx_word' id='word_1_198' title='bbox 1720 1552 1783 1591; x_wconf 90' lang='lat' dir='ltr'>hic</span> 
     </span>
     <span class='ocr_line' id='line_1_22' title="bbox 329 1615 1784 1669; baseline -0.004 -9"><span class='ocrx_word' id='word_1_199' title='bbox 329 1622 444 1660; x_wconf 83' lang='lat' dir='ltr'>fastui</span> <span class='ocrx_word' id='word_1_200' title='bbox 464 1623 609 1669; x_wconf 84' lang='lat' dir='ltr'>tribuit,</span> <span class='ocrx_word' id='word_1_201' title='bbox 629 1622 669 1659; x_wconf 89' lang='lat' dir='ltr'>id</span> <span class='ocrx_word' id='word_1_202' title='bbox 687 1622 854 1660; x_wconf 88' lang='lat' dir='ltr'>dialecto</span> <span class='ocrx_word' id='word_1_203' title='bbox 868 1619 1041 1665; x_wconf 83' lang='lat' dir='ltr'>AEolicae,</span> <span class='ocrx_word' id='word_1_204' title='bbox 1057 1618 1162 1657; x_wconf 85' lang='lat' dir='ltr'>unde</span> <span class='ocrx_word' id='word_1_205' title='bbox 1182 1618 1318 1668; x_wconf 82' lang='lat' dir='ltr'>lingua</span> <span class='ocrx_word' id='word_1_206' title='bbox 1337 1615 1475 1654; x_wconf 87' lang='lat' dir='ltr'>Latina</span> <span class='ocrx_word' id='word_1_207' title='bbox 1494 1621 1640 1666; x_wconf 87' lang='lat' dir='ltr'>partem</span> <span class='ocrx_word' id='word_1_208' title='bbox 1662 1616 1784 1654; x_wconf 86' lang='lat' dir='ltr'>maxi-</span> 
     </span>
     <span class='ocr_line' id='line_1_23' title="bbox 329 1679 1782 1737; baseline -0.004 -14"><span class='ocrx_word' id='word_1_209' title='bbox 329 1698 430 1723; x_wconf 84' lang='lat' dir='ltr'>mam</span> <span class='ocrx_word' id='word_1_210' title='bbox 454 1686 645 1737; x_wconf 88' lang='lat' dir='ltr'>profluxit,</span> <span class='ocrx_word' id='word_1_211' title='bbox 678 1684 820 1723; x_wconf 88' lang='lat' dir='ltr'>rectius</span> <span class='ocrx_word' id='word_1_212' title='bbox 850 1684 1073 1733; x_wconf 86' lang='lat' dir='ltr'>imputatur.</span> <span class='ocrx_word' id='word_1_213' title='bbox 1130 1680 1334 1719; x_wconf 86' lang='lat' dir='ltr'>AEolenses</span> <span class='ocrx_word' id='word_1_214' title='bbox 1356 1679 1473 1725; x_wconf 88' lang='lat' dir='ltr'>enim,</span> <span class='ocrx_word' id='word_1_215' title='bbox 1491 1684 1535 1718; x_wconf 88' lang='lat' dir='ltr'>ut</span> <span class='ocrx_word' id='word_1_216' title='bbox 1553 1685 1689 1716; x_wconf 89' lang='lat' dir='ltr'>notum</span> <span class='ocrx_word' id='word_1_217' title='bbox 1709 1685 1782 1727; x_wconf 89' lang='lat' dir='ltr'>est,</span> 
     </span>
     <span class='ocr_line' id='line_1_24' title="bbox 331 1740 1784 1798; baseline -0.005 -11"><span class='ocrx_word' id='word_1_218' title='bbox 331 1750 535 1798; x_wconf 79' lang='grc' dir='ltr'>Βαρύτονοι</span> <span class='ocrx_word' id='word_1_219' title='bbox 570 1755 704 1792; x_wconf 83' lang='lat' dir='ltr'>erant;</span> <span class='ocrx_word' id='word_1_220' title='bbox 747 1755 786 1786; x_wconf 88' lang='lat' dir='ltr'>et</span> <span class='ocrx_word' id='word_1_221' title='bbox 818 1747 926 1793; x_wconf 76' lang='grc' dir='ltr'>Θὲος,</span> <span class='ocrx_word' id='word_1_222' title='bbox 950 1746 1078 1795; x_wconf 80' lang='grc' dir='ltr'>Ἀνηρ</span> <span class='ocrx_word' id='word_1_223' title='bbox 1112 1743 1430 1797; x_wconf 84' lang='lat' dir='ltr'>pronuntiabant,</span> <span class='ocrx_word' id='word_1_224' title='bbox 1458 1753 1547 1779; x_wconf 91' lang='lat' dir='ltr'>cum</span> <span class='ocrx_word' id='word_1_225' title='bbox 1580 1740 1644 1779; x_wconf 92' lang='lat' dir='ltr'>alii</span> <span class='ocrx_word' id='word_1_226' title='bbox 1677 1741 1784 1788; x_wconf 76' lang='grc' dir='ltr'>Θεὸς,</span> 
     </span>
     <span class='ocr_line' id='line_1_25' title="bbox 332 1811 465 1861; baseline -0.008 -11"><span class='ocrx_word' id='word_1_227' title='bbox 332 1811 465 1861; x_wconf 80' lang='grc' dir='ltr'>Ἀνήρ.</span> 
     </span>
    </p>

    <p class='ocr_par' dir='ltr' id='par_1_3' title="bbox 330 1867 1784 2168">
     <span class='ocr_line' id='line_1_26' title="bbox 384 1867 1784 1923; baseline -0.004 -10"><span class='ocrx_word' id='word_1_228' title='bbox 384 1875 471 1912; x_wconf 83' lang='lat' dir='ltr'>Jam</span> <span class='ocrx_word' id='word_1_229' title='bbox 492 1887 582 1913; x_wconf 88' lang='lat' dir='ltr'>vero</span> <span class='ocrx_word' id='word_1_230' title='bbox 601 1875 640 1913; x_wconf 91' lang='lat' dir='ltr'>id</span> <span class='ocrx_word' id='word_1_231' title='bbox 662 1874 808 1913; x_wconf 85' lang='lat' dir='ltr'>Latinis</span> <span class='ocrx_word' id='word_1_232' title='bbox 829 1871 1003 1918; x_wconf 82' lang='lat' dir='ltr'>comicis,</span> <span class='ocrx_word' id='word_1_233' title='bbox 1030 1871 1096 1923; x_wconf 88' lang='lat' dir='ltr'>qui</span> <span class='ocrx_word' id='word_1_234' title='bbox 1131 1870 1302 1908; x_wconf 82' lang='lat' dir='ltr'>Fabulas</span> <span class='ocrx_word' id='word_1_235' title='bbox 1334 1881 1424 1907; x_wconf 90' lang='lat' dir='ltr'>suas</span> <span class='ocrx_word' id='word_1_236' title='bbox 1454 1867 1601 1920; x_wconf 89' lang='lat' dir='ltr'>populo</span> <span class='ocrx_word' id='word_1_237' title='bbox 1629 1867 1784 1918; x_wconf 84' lang='lat' dir='ltr'>placere</span> 
     </span>
     <span class='ocr_line' id='line_1_27' title="bbox 330 1931 1784 1990; baseline -0.005 -13"><span class='ocrx_word' id='word_1_238' title='bbox 330 1945 530 1989; x_wconf 84' lang='lat' dir='ltr'>cuperent,</span> <span class='ocrx_word' id='word_1_239' title='bbox 558 1952 794 1990; x_wconf 80' lang='lat' dir='ltr'>magnopere</span> <span class='ocrx_word' id='word_1_240' title='bbox 827 1936 1044 1975; x_wconf 84' lang='lat' dir='ltr'>cavendum</span> <span class='ocrx_word' id='word_1_241' title='bbox 1076 1941 1173 1981; x_wconf 82' lang='lat' dir='ltr'>erat,</span> <span class='ocrx_word' id='word_1_242' title='bbox 1201 1947 1251 1971; x_wconf 85' lang='lat' dir='ltr'>ne</span> <span class='ocrx_word' id='word_1_243' title='bbox 1281 1938 1417 1970; x_wconf 82' lang='lat' dir='ltr'>contra</span> <span class='ocrx_word' id='word_1_244' title='bbox 1449 1931 1594 1982; x_wconf 86' lang='lat' dir='ltr'>linguae</span> <span class='ocrx_word' id='word_1_245' title='bbox 1627 1932 1784 1982; x_wconf 87' lang='lat' dir='ltr'>genium</span> 
     </span>
     <span class='ocr_line' id='line_1_28' title="bbox 331 1996 1784 2052; baseline -0.006 -11"><span class='ocrx_word' id='word_1_246' title='bbox 331 2003 431 2041; x_wconf 85' lang='lat' dir='ltr'>ictus</span> <span class='ocrx_word' id='word_1_247' title='bbox 464 2015 533 2040; x_wconf 88' lang='lat' dir='ltr'>seu</span> <span class='ocrx_word' id='word_1_248' title='bbox 560 2010 744 2041; x_wconf 80' lang='lat' dir='ltr'>accentus</span> <span class='ocrx_word' id='word_1_249' title='bbox 764 2002 803 2038; x_wconf 91' lang='lat' dir='ltr'>in</span> <span class='ocrx_word' id='word_1_250' title='bbox 823 2013 977 2052; x_wconf 83' lang='lat' dir='ltr'>quoque</span> <span class='ocrx_word' id='word_1_251' title='bbox 997 2012 1109 2038; x_wconf 85' lang='lat' dir='ltr'>versu</span> <span class='ocrx_word' id='word_1_252' title='bbox 1131 1998 1301 2049; x_wconf 85' lang='lat' dir='ltr'>syllabas</span> <span class='ocrx_word' id='word_1_253' title='bbox 1321 1997 1523 2034; x_wconf 89' lang='lat' dir='ltr'>verborum</span> <span class='ocrx_word' id='word_1_254' title='bbox 1542 1996 1698 2034; x_wconf 84' lang='lat' dir='ltr'>ultimas</span> <span class='ocrx_word' id='word_1_255' title='bbox 1719 2007 1784 2033; x_wconf 89' lang='lat' dir='ltr'>oc-</span> 
     </span>
     <span class='ocr_line' id='line_1_29' title="bbox 332 2058 1783 2119; baseline -0.005 -16"><span class='ocrx_word' id='word_1_256' title='bbox 332 2073 533 2119; x_wconf 85' lang='lat' dir='ltr'>cuparent.</span> <span class='ocrx_word' id='word_1_257' title='bbox 591 2066 637 2104; x_wconf 89' lang='lat' dir='ltr'>Id</span> <span class='ocrx_word' id='word_1_258' title='bbox 666 2066 704 2103; x_wconf 90' lang='lat' dir='ltr'>in</span> <span class='ocrx_word' id='word_1_259' title='bbox 740 2065 844 2103; x_wconf 89' lang='lat' dir='ltr'>omni</span> <span class='ocrx_word' id='word_1_260' title='bbox 872 2072 1008 2110; x_wconf 87' lang='lat' dir='ltr'>metro,</span> <span class='ocrx_word' id='word_1_261' title='bbox 1038 2062 1169 2114; x_wconf 91' lang='lat' dir='ltr'>quoad</span> <span class='ocrx_word' id='word_1_262' title='bbox 1204 2060 1325 2107; x_wconf 87' lang='lat' dir='ltr'>licuit,</span> <span class='ocrx_word' id='word_1_263' title='bbox 1354 2060 1653 2103; x_wconf 63' lang='lat' dir='ltr'>observabatum</span> <span class='ocrx_word' id='word_1_264' title='bbox 1683 2058 1783 2097; x_wconf 85' lang='lat' dir='ltr'>utin</span> 
     </span>
     <span class='ocr_line' id='line_1_30' title="bbox 336 2130 423 2168; baseline 0 -1"><span class='ocrx_word' id='word_1_265' title='bbox 336 2130 394 2168; x_wconf 85' lang='lat' dir='ltr'>his</span> <span class='ocrx_word' id='word_1_266' title='bbox 414 2143 423 2167; x_wconf 74' lang='grc' dir='ltr'><strong><em>ε</em></strong></span> 
     </span>
    </p>

    <p class='ocr_par' dir='ltr' id='par_1_4' title="bbox 490 2185 1537 2306">
     <span class='ocr_line' id='line_1_31' title="bbox 490 2185 1537 2243; baseline -0.008 -12"><span class='ocrx_word' id='word_1_267' title='bbox 490 2195 618 2231; x_wconf 87' lang='lat' dir='ltr'>&#39;Arma</span> <span class='ocrx_word' id='word_1_268' title='bbox 637 2193 838 2243; x_wconf 71' lang='lat' dir='ltr'>virumque</span> <span class='ocrx_word' id='word_1_269' title='bbox 858 2190 972 2237; x_wconf 74' lang='lat' dir='ltr'>cano,</span> <span class='ocrx_word' id='word_1_270' title='bbox 992 2189 1117 2240; x_wconf 82' lang='lat' dir='ltr'>Trojae</span> <span class='ocrx_word' id='word_1_271' title='bbox 1140 2188 1204 2239; x_wconf 89' lang='lat' dir='ltr'>qui</span> <span class='ocrx_word' id='word_1_272' title='bbox 1223 2186 1369 2238; x_wconf 83' lang='lat' dir='ltr'>primus</span> <span class='ocrx_word' id='word_1_273' title='bbox 1391 2186 1439 2224; x_wconf 90' lang='lat' dir='ltr'>ab</span> <span class='ocrx_word' id='word_1_274' title='bbox 1461 2185 1537 2224; x_wconf 79' lang='lat' dir='ltr'>oris</span> 
     </span>
     <span class='ocr_line' id='line_1_32' title="bbox 495 2250 1329 2306; baseline -0.007 -12"><span class='ocrx_word' id='word_1_275' title='bbox 495 2256 647 2294; x_wconf 76' lang='lat' dir='ltr'>Italiam</span> <span class='ocrx_word' id='word_1_276' title='bbox 667 2255 748 2293; x_wconf 75' lang='lat' dir='ltr'>fato</span> <span class='ocrx_word' id='word_1_277' title='bbox 769 2254 958 2306; x_wconf 76' lang='lat' dir='ltr'>profugus</span> <span class='ocrx_word' id='word_1_278' title='bbox 980 2252 1201 2302; x_wconf 81' lang='lat' dir='ltr'>Lavinaque</span> <span class='ocrx_word' id='word_1_279' title='bbox 1221 2250 1329 2288; x_wconf 76' lang='lat' dir='ltr'>venit</span> 
     </span>
    </p>

    <p class='ocr_par' dir='ltr' id='par_1_5' title="bbox 495 2311 1467 2366">
     <span class='ocr_line' id='line_1_33' title="bbox 495 2311 1467 2366; baseline -0.007 -9"><span class='ocrx_word' id='word_1_280' title='bbox 495 2319 660 2363; x_wconf 84' lang='lat' dir='ltr'>Littora;</span> <span class='ocrx_word' id='word_1_281' title='bbox 689 2318 850 2357; x_wconf 89' lang='lat' dir='ltr'>multum</span> <span class='ocrx_word' id='word_1_282' title='bbox 872 2317 936 2356; x_wconf 86' lang='lat' dir='ltr'>ille</span> <span class='ocrx_word' id='word_1_283' title='bbox 956 2324 995 2354; x_wconf 82' lang='lat' dir='ltr'>et</span> <span class='ocrx_word' id='word_1_284' title='bbox 1014 2315 1123 2354; x_wconf 71' lang='lat' dir='ltr'>terris</span> <span class='ocrx_word' id='word_1_285' title='bbox 1139 2313 1311 2366; x_wconf 74' lang='lat' dir='ltr'>jactatus</span> <span class='ocrx_word' id='word_1_286' title='bbox 1328 2318 1368 2351; x_wconf 87' lang='lat' dir='ltr'>et</span> <span class='ocrx_word' id='word_1_287' title='bbox 1388 2311 1467 2350; x_wconf 72' lang='lat' dir='ltr'>alto</span> 
     </span>
    </p>

    <p class='ocr_par' dir='ltr' id='par_1_6' title="bbox 491 2375 1516 2435">
     <span class='ocr_line' id='line_1_34' title="bbox 491 2375 1516 2435; baseline -0.006 -16"><span class='ocrx_word' id='word_1_288' title='bbox 491 2383 539 2420; x_wconf 72' lang='lat' dir='ltr'>Vi</span> <span class='ocrx_word' id='word_1_289' title='bbox 558 2384 755 2435; x_wconf 77' lang='lat' dir='ltr'>superum,</span> <span class='ocrx_word' id='word_1_290' title='bbox 776 2382 903 2420; x_wconf 73' lang='lat' dir='ltr'>sacvae</span> <span class='ocrx_word' id='word_1_291' title='bbox 924 2380 1130 2419; x_wconf 73' lang='lat' dir='ltr'>memorem</span> <span class='ocrx_word' id='word_1_292' title='bbox 1151 2377 1317 2417; x_wconf 74' lang='lat' dir='ltr'>Junonis</span> <span class='ocrx_word' id='word_1_293' title='bbox 1339 2377 1386 2415; x_wconf 93' lang='lat' dir='ltr'>ob</span> <span class='ocrx_word' id='word_1_294' title='bbox 1407 2375 1516 2414; x_wconf 77' lang='lat' dir='ltr'>iram.</span> 
     </span>
    </p>
   </div>
   <div class='ocr_carea' id='block_1_3' title="bbox 334 2465 1784 2814">
    <p class='ocr_par' dir='ltr' id='par_1_7' title="bbox 334 2465 1784 2654">
     <span class='ocr_line' id='line_1_35' title="bbox 336 2465 1784 2525; baseline -0.008 -12"><span class='ocrx_word' id='word_1_295' title='bbox 336 2476 412 2520; x_wconf 89' lang='lat' dir='ltr'>Qui</span> <span class='ocrx_word' id='word_1_296' title='bbox 434 2474 552 2525; x_wconf 88' lang='lat' dir='ltr'>perite</span> <span class='ocrx_word' id='word_1_297' title='bbox 573 2480 612 2511; x_wconf 91' lang='lat' dir='ltr'>et</span> <span class='ocrx_word' id='word_1_298' title='bbox 632 2472 830 2511; x_wconf 84' lang='lat' dir='ltr'>modulate</span> <span class='ocrx_word' id='word_1_299' title='bbox 849 2471 921 2510; x_wconf 87' lang='lat' dir='ltr'>hos</span> <span class='ocrx_word' id='word_1_300' title='bbox 940 2483 1073 2508; x_wconf 85' lang='lat' dir='ltr'>versus</span> <span class='ocrx_word' id='word_1_301' title='bbox 1093 2469 1211 2519; x_wconf 85' lang='lat' dir='ltr'>leget,</span> <span class='ocrx_word' id='word_1_302' title='bbox 1233 2467 1289 2505; x_wconf 87' lang='lat' dir='ltr'>sie</span> <span class='ocrx_word' id='word_1_303' title='bbox 1309 2480 1390 2513; x_wconf 88' lang='lat' dir='ltr'>eos,</span> <span class='ocrx_word' id='word_1_304' title='bbox 1416 2473 1460 2504; x_wconf 89' lang='lat' dir='ltr'>ut</span> <span class='ocrx_word' id='word_1_305' title='bbox 1477 2466 1540 2503; x_wconf 87' lang='lat' dir='ltr'>hic</span> <span class='ocrx_word' id='word_1_306' title='bbox 1559 2465 1784 2503; x_wconf 87' lang='lat' dir='ltr'>accentibus</span> 
     </span>
     <span class='ocr_line' id='line_1_36' title="bbox 334 2528 1784 2588; baseline -0.007 -12"><span class='ocrx_word' id='word_1_307' title='bbox 334 2545 531 2585; x_wconf 83' lang='lat' dir='ltr'>notantur,</span> <span class='ocrx_word' id='word_1_308' title='bbox 560 2536 851 2588; x_wconf 81' lang='lat' dir='ltr'>pronuntiabit3</span> <span class='ocrx_word' id='word_1_309' title='bbox 882 2548 975 2582; x_wconf 86' lang='lat' dir='ltr'>non,</span> <span class='ocrx_word' id='word_1_310' title='bbox 1005 2540 1049 2572; x_wconf 88' lang='lat' dir='ltr'>ut</span> <span class='ocrx_word' id='word_1_311' title='bbox 1077 2533 1185 2584; x_wconf 87' lang='lat' dir='ltr'>pueri</span> <span class='ocrx_word' id='word_1_312' title='bbox 1213 2531 1250 2569; x_wconf 90' lang='lat' dir='ltr'>in</span> <span class='ocrx_word' id='word_1_313' title='bbox 1282 2529 1439 2577; x_wconf 86' lang='lat' dir='ltr'>scholis,</span> <span class='ocrx_word' id='word_1_314' title='bbox 1468 2528 1518 2568; x_wconf 89' lang='lat' dir='ltr'>ad</span> <span class='ocrx_word' id='word_1_315' title='bbox 1546 2528 1784 2580; x_wconf 85' lang='lat' dir='ltr'>singulorum</span> 
     </span>
     <span class='ocr_line' id='line_1_37' title="bbox 336 2601 622 2654; baseline -0.014 -13"><span class='ocrx_word' id='word_1_316' title='bbox 336 2603 479 2654; x_wconf 89' lang='lat' dir='ltr'>pedum</span> <span class='ocrx_word' id='word_1_317' title='bbox 499 2601 622 2647; x_wconf 86' lang='lat' dir='ltr'>initia,</span> 
     </span>
    </p>

    <p class='ocr_par' dir='ltr' id='par_1_8' title="bbox 338 2678 1783 2814">
     <span class='ocr_line' id='line_1_38' title="bbox 493 2678 1345 2736; baseline -0.012 -12"><span class='ocrx_word' id='word_1_318' title='bbox 493 2685 657 2725; x_wconf 75' lang='lat' dir='ltr'>‘Italiam</span> <span class='ocrx_word' id='word_1_319' title='bbox 678 2684 757 2723; x_wconf 78' lang='lat' dir='ltr'>fato</span> <span class='ocrx_word' id='word_1_320' title='bbox 778 2684 964 2736; x_wconf 69' lang='lat' dir='ltr'>profugus</span> <span class='ocrx_word' id='word_1_321' title='bbox 984 2681 1208 2731; x_wconf 82' lang='lat' dir='ltr'>Lavinaque</span> <span class='ocrx_word' id='word_1_322' title='bbox 1228 2678 1345 2723; x_wconf 74' lang='lat' dir='ltr'>venit,</span> 
     </span>
     <span class='ocr_line' id='line_1_39' title="bbox 338 2749 1783 2814; baseline -0.01 -12"><span class='ocrx_word' id='word_1_323' title='bbox 338 2763 404 2803; x_wconf 80' lang='lat' dir='ltr'>sed</span> <span class='ocrx_word' id='word_1_324' title='bbox 425 2762 474 2801; x_wconf 77' lang='lat' dir='ltr'>ad</span> <span class='ocrx_word' id='word_1_325' title='bbox 496 2761 715 2814; x_wconf 85' lang='lat' dir='ltr'>rhythmum</span> <span class='ocrx_word' id='word_1_326' title='bbox 736 2760 854 2798; x_wconf 86' lang='lat' dir='ltr'>totius</span> <span class='ocrx_word' id='word_1_327' title='bbox 875 2772 1022 2797; x_wconf 86' lang='lat' dir='ltr'>versus.</span> <span class='ocrx_word' id='word_1_328' title='bbox 1081 2755 1153 2793; x_wconf 88' lang='lat' dir='ltr'>Ubi</span> <span class='ocrx_word' id='word_1_329' title='bbox 1175 2752 1283 2793; x_wconf 86' lang='lat' dir='ltr'>nulla</span> <span class='ocrx_word' id='word_1_330' title='bbox 1301 2763 1390 2797; x_wconf 79' lang='grc' dir='ltr'>νοΧ,</span> <span class='ocrx_word' id='word_1_331' title='bbox 1422 2756 1465 2787; x_wconf 85' lang='lat' dir='ltr'>ut</span> <span class='ocrx_word' id='word_1_332' title='bbox 1493 2749 1613 2796; x_wconf 88' lang='lat' dir='ltr'>vides,</span> <span class='ocrx_word' id='word_1_333' title='bbox 1646 2762 1783 2789; x_wconf 86' lang='lat' dir='ltr'>aecen-</span> 
     </span>
    </p>
   </div>
  </div>
 </body>
</html>
