1903 3306
259 224 345 265 454
752 229 794 262 Ρ.
826 228 1070 260 TEREN'ru
1105 229 1222 259 Arm

260 332 389 373 THR.
420 330 580 371 Jamne
610 329 758 368 imus?
818 326 910 369 TH.
942 326 1043 367 Hos
1064 325 1187 380 prius
1207 323 1499 374 introducam,
1530 326 1588 374 et,
1616 333 1719 377 quae.

433 398 551 447 volo,

263 465 407 506 Simul
429 465 659 518 imperabo
679 477 688 504 ε
721 465 823 516 post
844 461 1052 502 continuo
1074 472 1197 501 exeo.
1664 458 1721 497 40

262 533 390 573 THR.
422 532 518 584 Ego
540 531 638 572 hinc
660 531 799 581 abe03
831 533 877 570 tu
897 529 1027 570 istam
1048 528 1264 582 opperire.
1324 527 1417 568 PA.
1449 525 1589 567 Haud
1620 537 1724 566 con-

436 600 556 640 venit

264 667 366 708 Una
386 667 447 708 ire
469 678 571 707 cum
592 667 736 706 amica
757 665 1070 718 imperatorem
1090 663 1136 704 in
1156 663 1248 705 via.

263 736 390 777 Tim.
423 734 545 785 Quid
568 734 647 774 tibi
670 747 751 786 ego
772 733 912 773 multa
933 732 1110 773 dicam?
1133 730 1298 772 domini
1319 729 1478 771 similis
1499 743 1561 771 es.

266 803 358 845 GN.
393 803 486 851 Ha,
526 802 598 850 ha,
638 801 703 842 he.
763 800 890 841 THR.
926 798 1048 850 Quid
1086 797 1204 839 rides
1225 799 1243 838 't
1306 796 1400 838 GN.
1442 796 1566 839 Istuc
1606 796 1725 852 quod

439 870 553 910 dixti
575 868 703 909 modo
721 881 732 918 3

268 938 327 978 Et
347 937 456 978 illud
478 937 532 977 de
555 935 735 978 Rhodio
757 934 926 975 dictum
948 933 994 974 in
1013 935 1203 974 mentem
1224 931 1371 973 venit:
1669 934 1727 974 45

267 1071 384 1103 victum
399 1072 459 1103 tibi
480 1082 654 1113 comparare
678 1080 764 1112 posse
777 1074 862 1112 puto.
906 1070 1003 1101 Tun.
1030 1070 1202 1102 Tamlemne
1218 1069 1359 1100 eximus?
1380 1068 1453 1101 ΤΗ.
1478 1069 1559 1100 Hoec
1582 1064 1734 1106 mancipia

265 1124 304 1155 pv
308 1124 354 1145 ιας
365 1115 487 1146 domum
501 1116 704 1154 introducam,
719 1118 761 1152 et,
772 1117 934 1155 postquam
940 1123 1064 1151 ⁸jusseio
1080 1112 1159 1153 fieri
1173 1122 1219 1152 ea.
1234 1123 1302 1152 (μα’
1318 1113 1394 1152 colo,
1409 1123 1482 1143 mox
1506 1112 1631 1143 exitura
1654 1118 1732 1140 sum·

268 1157 366 1188 'liuh
392 1159 462 1197 Ego
486 1159 558 1189 hinc
576 1157 762 1199 proficiscor.
807 1157 866 1195 Tu,
887 1156 1024 1195 Gnatho,
1052 1156 1197 1186 Thaidem
1213 1158 1348 1195 expecta.
1397 1155 1461 1185 ΡΑ.
1490 1155 1561 1185 Non
1575 1154 1660 1185 decet
1673 1151 1732 1181 im-

267 1203 441 1239 peratmem
462 1211 525 1231 una
542 1211 609 1231 cum
624 1210 723 1230 amma
744 1200 882 1230 incedere
908 1198 941 1228 in
955 1198 1155 1229 via.'.I'1-1R
1183 1198 1268 1233 Quid
1289 1197 1430 1238 pluribus
1446 1197 1544 1228 zerbis
1569 1207 1642 1237 opus
1667 1196 1736 1225 est?

276 1243 379 1273 Unum
390 1243 445 1273 hoc
456 1244 588 1285 suffieit.-
611 1243 726 1282 diguus
739 1242 860 1273 domino
874 1250 980 1272 servus
995 1244 1052 1272 est.
1088 1240 1160 1272 GN.
1186 1241 1254 1278 Ha,
1267 1241 1318 1280 ha,
1332 1240 1379 1271 he
1409 1241 1507 1271 THR.
1533 1239 1617 1274 Quid
1632 1239 1737 1270 rides?

272 1284 345 1316 GN.
367 1286 415 1316 121
415 1290 500 1327 apter
515 1287 592 1318 illud
607 1287 687 1327 quod
701 1286 787 1316 modo
803 1285 873 1315 huic
888 1294 974 1315 servo
989 1283 1118 1314 Phaedr·
1109 1293 1146 1315 tae
1162 1283 1294 1315 dixisti.-
1318 1283 1411 1314 etiam
1433 1282 1534 1322 cogito
1549 1283 1586 1314 de
1607 1281 1687 1313 dicto
1700 1279 1734 1310 in

884 1376 923 1392 o)
925 1379 1120 1393 eeeeeeeeee

275 1460 320 1492 Te
334 1458 433 1490 cibum
447 1462 554 1500 petere
566 1459 712 1490 Ere—40
726 1458 829 1490 Simul
843 1458 911 1490 Ms.
928 1459 1022 1500 Lips.
1040 1468 1106 1490 non
1123 1457 1289 1498 agnoscit.
1336 1457 1380 1489 G.
1397 1458 1432 1488 et
1445 1456 1524 1488 EM.
1539 1459 1656 1496 postea.
1688 1456 1735 1488 Et

272 1508 352 1534 'mox
370 1503 444 1533 Non
456 1503 606 1533 convenit.
626 1502 732 1533 West.
768 1502 882 1533 Postea
895 1501 1055 1541 continuo]
1071 1501 1163 1532 Alias
1175 1505 1243 1541 post
1260 1501 1326 1532 hoc.
1351 1501 1523 1531 Erasmus.
1539 1500 1736 1540 Ben1.p0st.·

273 1545 331 1577 ‘sed
349 1550 384 1576 et
399 1545 467 1576 Do.
482 1545 531 1576 ita
546 1544 650 1575 etiam
665 1545 730 1583 legi
747 1543 906 1576 affirmat.
933 1545 989 1576 Fa.
1036 1546 1106 1576 Do.
1123 1548 1158 1575 et
1170 1547 1276 1584 postea
1292 1548 1328 1574 et
1344 1547 1413 1583 post
1429 1543 1496 1582 legi
1512 1541 1614 1573 dicit:
1641 1543 1735 1582 prius

272 1591 369 1619 recte
385 1588 512 1618 habent
528 1588 634 1618 nostri
650 1588 797 1618 codices.
816 1588 912 1619 Bent.
948 1588 1065 1618 Postea
1084 1587 1142 1617 ΒΥ.
1158 1587 1236 1626 Bip.
1247 1586 1343 1617 Peri.
1379 1587 1457 1616 Post
1472 1586 1531 1616 huc
1546 1585 1648 1617 Both.
1665 1586 1736 1626 qui,

272 1634 283 1650 ‘
297 1630 374 1671 Ita‚'
388 1631 448 1670 ait,
459 1631 468 1648 ‘
482 1630 548 1662 Gn.
562 1634 634 1662 l.et
653 1630 719 1661 Do.
744 1631 857 1660 Postea
873 1631 916 1669 B,
929 1630 969 1670 C,
986 1631 1064 1662 Hel.
1081 1629 1139 1660 sed
1157 1629 1216 1660 huc
1232 1628 1310 1660 addi
1327 1629 1432 1659 satius
1446 1630 1606 1660 este—111
1622 1627 1698 1659 0.1.
1710 1637 1736 1660 s.

274 1674 397 1709 istanc,·
413 1674 531 1711 sed‚ut
549 1683 663 1704 versus
674 1676 754 1711 stet,
767 1673 876 1713 prima
890 1673 987 1713 liujus
1011 1682 1127 1704 versus
1144 1672 1274 1713 syllaba
1291 1672 1498 1712 praecedenti
1516 1671 1736 1708 attribuetur,

275 1717 329 1747 vel
347 1717 355 1734 ‘
374 1716 460 1747 abeo
472 1716 480 1729 '
495 1716 529 1747 in
547 1716 755 1756 pyrrichium
773 1716 1006 1747 contrahetur.
1031 1716 1092 1746 Fu.
1137 1716 1222 1746 Tres
1238 1725 1281 1746 ex
1297 1715 1419 1745 nostris
1435 1714 1548 1747 istanc.
1593 1715 1603 1732 ‘
1620 1713 1738 1752 Hinc,'

276 1764 314 1791 et
331 1759 463 1798 similia,
486 1759 518 1789 in
537 1769 651 1790 versus
679 1759 778 1790 initio
795 1759 934 1798 corripi,
957 1758 1281 1799 frequentissimum.
1304 1758 1402 1789 Bent.
1448 1758 1522 1789 Non
1537 1757 1677 1789 cont-enit
1694 1757 1735 1788 R.

276 1802 372 1833 Lind.
417 1802 472 1832 Sic
489 1802 548 1832 ΒΓ.
569 1802 672 1832 Istunc
688 1802 789 1833 Rent.
813 1802 852 1833 Z.
869 1802 964 1832 Perl.
992 1806 1028 1832 et
1055 1802 1103 1832 sic
1129 1801 1230 1831 Both.
1252 1801 1310 1840 qni
1327 1801 1418 1831 delet
1438 1801 1606 1840 [iga—42
1627 1799 1739 1830 Amica

277 1855 358 1876 cum.
406 1845 484 1875 Cum
508 1844 608 1875 amica
633 1845 710 1884 lege
737 1854 779 1875 ex
811 1844 880 1875 Do.
907 1849 943 1875 et
970 1854 1002 1875 ο.
1018 1844 1041 1875 l.
1059 1854 1085 1874 s.
1102 1843 1320 1874 Ben1.11abet
1342 1843 1373 1873 in
1396 1843 1489 1874 viam.
1515 1845 1573 1875 Fa.
1618 1843 1738 1874 Nostri

278 1896 394 1919 omnes
419 1897 495 1917 cum
522 1887 611 1918 Edd.
634 1892 717 1918 vett.
743 1897 812 1917 cum
827 1887 937 1917 amica.
960 1887 1061 1917 Bent.
1063 1889 1147 1917 —43
1173 1886 1232 1916 Pr.
1258 1885 1346 1916 Inst.
1374 1885 1526 1916 Gramm.
1551 1885 1608 1917 lib.
1632 1893 1740 1917 xvnr.

281 1931 366 1966 Quzd
382 1929 442 1960 tibi
457 1940 513 1969 ego
534 1931 628 1970 plura
642 1930 763 1960 dzcam?
808 1930 893 1960 Mox
909 1930 1028 1960 eodem
1047 1929 1151 1960 libro:
1183 1929 1266 1964 Quid
1283 1929 1379 1959 multa
1402 1928 1462 1959 tibi
1487 1928 1610 1960 dicam?
1631 1928 1743 1959 West.

277 1973 340 2006 Pr
372 1972 529 2013 agnoscit
554 1972 681 2012 similis,
708 1982 741 2012 p.
766 1974 862 2003 1125.
886 1977 920 2003 et
947 1975 1042 2003 1192.
1086 1972 1231 2010 Scripsit
1257 1970 1402 2002 fortasse
1429 1971 1628 2002 Terentius:
1656 1969 1742 2006 Quia

279 2017 339 2047 tibi
355 2025 410 2055 ego
426 2016 522 2046 multa
538 2015 659 2046 dicam?
682 2014 798 2046 domini
814 2015 927 2045 culcita
943 2025 986 2046 es.
1031 2015 1098 2045 Sed
1118 2013 1209 2045 aliud
1226 2024 1358 2045 succui
1351 2014 1394 2045 it
1411 2015 1538 2044 castius
1554 2013 1742 2044 honestius-

280 2069 346 2100 que
364 2062 399 2089 et
415 2062 565 2098 receptae
582 2058 718 2089 lectioni
736 2057 896 2097 propius3
920 2057 1039 2088 domini
1060 2057 1150 2088 simia
1173 2067 1215 2087 es.
1263 2057 1338 2087 Hoc
1355 2062 1420 2094 est,
1436 2056 1562 2087 domini
1580 2065 1616 2087 es
1634 2055 1741 2086 imita-

279 2106 336 2132 tor
352 2105 388 2132 et
403 2101 569 2131 adulator.
598 2101 691 2131 Bent.
734 2101 802 2131 Sed
820 2100 981 2131 Plautina
1007 2100 1065 2130 illa
1091 2110 1168 2138 vox,
1191 2100 1294 2139 simia,
1312 2099 1448 2129 minime
1464 2099 1626 2130 Terentio
1642 2098 1742 2129 utba-

279 2144 366 2175 niori
383 2143 555 2174 convenit.
580 2143 667 2174 Perl.
715 2141 762 2173 At
778 2152 851 2173 eam
868 2143 1002 2183 recepit
1018 2142 1119 2174 Both.
1123 2144 1207 2172 -44
1231 2143 1295 2173 Hae
1314 2152 1374 2182 pro
1395 2142 1432 2172 Ιιε
1457 2142 1561 2173 Bent.
1585 2146 1620 2173 et
1644 2142 1739 2172 istud.

281 2188 359 2218 Hoc
376 2186 436 2217 dat
452 2186 630 2216 Fert—45
656 2186 752 2216 Bem.
771 2190 806 2216 et
822 2186 862 2217 V.
888 2186 990 2226 post‘
1003 2184 1148 2216 dictum’
1175 2184 1280 2215 habet
1295 2194 1383 2215 cum:
1406 2194 1469 2215 nec
1483 2194 1601 2215 versus
1619 2193 1740 2224 repug—

281 2234 354 2260 nat.
378 2230 437 2260 Fa.
483 2229 576 2269 Lege
605 2238 698 2268 ergo,
722 2228 839 2258 dictum
863 2227 897 2258 in
923 2231 1056 2260 mentem
1070 2238 1138 2259 cum
1154 2228 1258 2264 venit;
1281 2237 1345 2257 non
1363 2232 1399 2257 ut
1416 2227 1567 2259 Faernus
1583 2227 1616 2257 in
1634 2231 1744 2266 textu,

282 2272 398 2303 dictum
413 2281 480 2302 cum
495 2271 529 2301 in
545 2274 679 2302 mentem
693 2271 790 2301 venit.
834 2271 954 2301 Nostri
972 2271 1108 2301 omnino
1125 2272 1282 2300 nesciunt
1308 2270 1391 2301 illud
1407 2280 1489 2301 cum.
1515 2271 1618 2301 Bent.
1642 2279 1741 2308 quem

283 2315 437 2356 sequitur
454 2314 547 2345 Per-1.
592 2313 722 2345 Dictum
736 2323 804 2344 cum
818 2313 851 2344 in
874 2317 1005 2344 mentem
1029 2313 1067 2345 Z.
1111 2314 1166 2344 Sic
1182 2313 1346 2344 Bothius:
1370 2314 1471 2354 modo,
1498 2316 1529 2344 et
1553 2313 1604 2344 De
1621 2312 1742 2343 Rhodio

933 2404 1080 2437 NOTAE

281 2486 332 2516 las
349 2494 410 2526 pro
426 2483 554 2516 inferiis
565 2483 712 2526 (inferiae
726 2487 803 2516 sunt
819 2483 985 2515 sacrificia
1040 2484 1114 2525 ipso
1131 2494 1256 2525 capere
1271 2484 1313 2516 de
1330 2493 1411 2524 rogo
1427 2492 1570 2523 coenam,
1585 2483 1668 2515 Cum
1685 2482 1742 2515 de-

284 2546 359 2578 quae
371 2536 447 2567 Diis
460 2536 574 2567 inferis
583 2540 617 2567 et
628 2536 780 2567 manibus
790 2535 985 2577 solvuntur)
1042 2537 1193 2566 volutum
1209 2535 1343 2576 exigue
1360 2543 1569 2575 prosequens
1582 2533 1743 2574 panemA

282 2587 317 2618 iu
349 2596 466 2627 rogum
495 2587 662 2627 conjicere
688 2587 788 2617 moris
811 2591 884 2617 erat
898 2596 906 2624 3
931 2596 986 2617 cx·
1042 2588 1202 2619 semiraso
1219 2586 1424 2618 tunderetur
1441 2585 1579 2618 ustoreff

284 2643 402 2669 tremae
417 2642 529 2668 autem
545 2637 777 2668 mendicitatis
791 2642 864 2668 erat
880 2641 916 2668 et
928 2638 985 2668 im-
1084 2641 1126 2669 42
1153 2639 1231 2668 Cum
1261 2636 1374 2677 amica]
1399 2636 1520 2667 Amica
1550 2640 1616 2675 est,
1645 2645 1744 2678 quam

284 2688 461 2729 pudentiae
472 2688 550 2719 inde
564 2688 673 2718 cibum
685 2692 816 2728 petere.
834 2689 987 2719 Catullus
1043 2689 1118 2729 quis
1135 2692 1226 2719 amat
1241 2687 1430 2718 inhoneste.
1477 2687 1615 2718 Terent.
1626 2686 1660 2717 in
1675 2686 1746 2718 An-

286 2739 436 2779 explicat
452 2738 696 2769 Proverbium:
739 2739 853 2770 ‘Uxor
869 2739 988 2770 Mene·
1042 2738 1136 2770 dria:
1162 2739 1171 2754 ⁴
1182 2738 1261 2768 Sive
1278 2737 1344 2767 ista
1360 2744 1456 2774 uxor,
1471 2735 1541 2767 sive
1557 2736 1665 2768 amica
1681 2741 1746 2781 est,

286 2789 332 2830 ni,
349 2798 443 2830 saepe
459 2797 559 2831 quam
574 2788 606 2819 in
622 2788 826 2829 sepulcretis
843 2788 986 2820 Vidistis
1042 2787 1181 2830 gravida
1197 2796 1216 2818 e
1230 2785 1410 2826 Pamphilo
1423 2783 1497 2817 est?
