1903 3306
469 230 532 260 DE
565 230 761 260 comicis
798 230 1209 261 nmen-smmum.
1463 225 1547 265 137

102 324 291 362 tissimum
323 336 381 369 ea,
413 323 585 374 inquam,
614 336 700 361 esse
731 324 868 373 potuit,
898 331 941 361 ut
971 323 1020 361 ad
1051 324 1152 362 hanc
1182 326 1545 376 contemplationem

102 388 270 425 studium
291 394 463 424 nostrum
485 386 768 426 adhiberemus,
819 387 956 438 Neque
976 388 1076 426 enim
1099 388 1182 426 sola
1202 401 1261 426 res
1281 390 1450 439 petenda
1463 391 1544 440 jam

96 459 162 488 est
179 451 305 496 nobis,
340 450 409 488 sed
441 450 527 501 ipsa
552 451 801 489 contentione
823 451 870 489 de
892 451 1113 489 clarissimis
1148 452 1367 490 auctoribus
1389 453 1549 491 victoria

81 513 345 564 *reportanda
402 514 545 564 Atque,
564 520 606 551 ut
626 527 756 552 eorum
771 513 921 565 judicia
950 514 1023 552 hac
1044 527 1198 565 quoque
1230 515 1268 552 in
1289 524 1396 566 parte
1418 530 1548 554 emen·

102 576 251 622 demus,
272 577 385 615 simul
415 577 466 615 ad
499 576 598 615 hanc
619 589 771 628 operam
807 577 1011 615 incitemus
1037 578 1196 628 ingenia
1215 578 1476 619 literatorum:
1507 589 1550 618 ut

101 653 180 678 non
198 641 394 678 minimam
414 639 689 692 pronuntiandi
723 641 909 678 rationem
940 654 987 679 ex
1006 641 1080 679 hac
1111 644 1436 680 commentatione
1455 657 1549 682 con-

102 704 210 755 sequi
244 717 330 742 sese
351 717 464 755 posse
485 711 646 755 putent:
676 704 1003 754 quemadmodum
1023 718 1111 742 cum
1144 705 1403 743 intellexerint
1422 718 1548 759 neque

101 767 388 817 aspirationem,
427 780 552 818 neque
583 767 749 814 sibilum,
779 781 903 818 neque
937 775 1081 805 mutarn
1118 768 1216 807 inter
1252 783 1292 807 se
1326 772 1549 821 conspirare

99 830 288 881 potuisse,
307 838 351 868 ut
369 831 490 881 prima
504 831 653 882 syllaba
667 830 705 867 in
725 843 820 868 voce
840 830 928 877 hac,
951 837 961 852 ‘
978 831 1119 877 isthic,'
1145 832 1432 882 produceretur.
1463 834 1550 878 Qua

100 893 139 931 in
159 907 253 932 voce
273 894 410 932 eadem
431 894 495 946 qui
525 901 664 947 putant
685 894 839 932 sibilum
859 894 1011 932 extrudi
1042 895 1079 932 in
1100 896 1402 945 pronuntiando,
1423 910 1550 949 neque

100 970 245 995 morem
276 966 489 1003 servarunt,
518 970 643 1008 neque
663 958 938 1009 etymologiam
960 959 1228 997 observarunt.
1285 961 1384 997 Nam
1404 961 1550 1007 AEoles‚

101 1034 198 1072 quos
219 1021 343 1060 Latini
376 1022 542 1059 maxime
571 1029 662 1059 sunt
695 1022 846 1068 imitati,
867 1022 973 1073 quod
1008 1023 1072 1060 alii
1106 1025 1240 1062 ἐσθλὸν
1261 1024 1446 1070 dicerent,
1477 1027 1552 1076 ipsi

101 1086 214 1124 ἐσλὸν
233 1086 538 1136 pronuntiabant
555 1099 563 1123 ε
604 1086 658 1124 ita
689 1087 728 1124 in
761 1087 889 1133 verbo,
937 1093 946 1108 ‘
961 1087 1102 1132 isthic,’
1144 1087 1265 1125 satius
1298 1089 1371 1126 fuit
1404 1097 1549 1127 mutam

99 1149 290 1199 abjicere:
325 1157 364 1187 et
393 1149 466 1187 fuit
496 1150 617 1187 ratio:
661 1163 751 1187 nam
785 1155 794 1172 ‘
812 1151 866 1188 is’
907 1164 1119 1202 pronomen
1156 1153 1347 1203 integrum
1392 1160 1522 1191 manet
1541 1167 1549 1191 z

100 1212 227 1251 cauda
245 1220 375 1251 autem
396 1213 476 1260 illa,
507 1227 623 1264 quam
643 1222 785 1253 vocant
805 1216 1031 1266 syllabicam
1051 1215 1324 1266 adjectionem,
1346 1217 1453 1255 nullo
1474 1218 1552 1255 dis—

99 1276 244 1328 pendio
264 1285 459 1327 expuncta
479 1276 595 1315 etiam
616 1277 750 1315 leniori
771 1279 953 1330 relinquit
971 1279 1100 1319 locum
1121 1280 1400 1331 conjunctioni.
1444 1282 1551 1319 Prae-

100 1348 206 1379 terea
226 1341 355 1378 multis
376 1341 414 1377 in
444 1340 539 1378 locis
572 1341 874 1389 animadvertas,
907 1344 1121 1392 posituram
1150 1345 1447 1383 consonantium
1469 1359 1547 1383 non

100 1404 314 1455 producere
325 1404 517 1442 vocalem:
539 1404 608 1442 sed
625 1411 762 1455 suapte
777 1412 916 1443 natura
927 1407 996 1444 niti
1011 1408 1217 1446 brevitate:
1238 1416 1300 1446 ut:
1323 1408 1375 1454 in,
1390 1408 1472 1455 sed,
1487 1409 1551 1455 ad,

100 1467 220 1518 quod,
236 1467 356 1512 aliud,
375 1467 512 1505 simul:
533 1467 569 1504 in
585 1468 725 1518 quibus
743 1469 808 1518 qui
822 1476 1007 1518 putarunt
1019 1480 1195 1523 oportere
1209 1478 1446 1522 postremum
1462 1473 1553 1510 elidi

98 1531 345 1575 elementum,
365 1531 612 1569 vehementer
630 1538 816 1570 errarunt.
873 1532 950 1570 Sed
977 1533 1094 1585 longe
1115 1536 1266 1573 facilius
1286 1536 1325 1573 in
1347 1535 1550 1587 disjunctis

99 1595 259 1633 vocibus
275 1602 490 1646 correptam
508 1594 681 1633 vocalem
694 1603 866 1642 tenuere,
879 1609 995 1647 quam
1011 1598 1049 1635 in
1069 1599 1306 1650 conjunctis.
1335 1600 1387 1636 At
1402 1600 1439 1637 in
1457 1612 1552 1638 con-

91 1658 239 1710 junctis
265 1659 318 1697 ita
337 1660 656 1709 pronuntiabant,
676 1668 719 1698 ut
737 1661 910 1711 positura
930 1662 1026 1699 nihil
1047 1662 1201 1701 afferret
1219 1676 1337 1701 morae
1357 1664 1550 1703 brevitati.

99 1723 164 1761 Sic
193 1723 374 1761 ‘insidias
389 1725 398 1739 ’
415 1731 456 1762 et
475 1724 655 1762 ‘inferos'
676 1725 838 1776 primam
854 1726 1068 1776 producere
1086 1727 1268 1765 dixerunt
1284 1740 1293 1765 ;
1324 1731 1334 1748 ‘
1348 1728 1552 1766 indicatio-

97 1787 206 1825 nem’
221 1793 351 1825 autem
370 1793 409 1826 et
428 1787 650 1825 ‘incautum
663 1790 672 1804 '
687 1789 892 1839 corripere.
923 1790 1063 1836 Quare,
1080 1791 1111 1828 si
1124 1790 1198 1828 hoc
1219 1792 1255 1828 in
1273 1804 1349 1829 uno
1361 1799 1488 1830 tractu
1505 1805 1550 1829 ac

96 1855 229 1888 tenore
247 1850 453 1898 faciebant,
474 1851 597 1889 multo
617 1851 859 1890 commodius
890 1852 1121 1904 interposito
1141 1866 1187 1891 eo
1208 1854 1425 1901 intervallo,
1445 1855 1551 1906 quod

97 1914 287 1964 separatis
312 1915 472 1953 vocibus
507 1915 684 1962 debetur,
705 1916 857 1954 efficere
891 1916 1083 1962 debuere3
1126 1931 1228 1964 nam,
1265 1918 1297 1955 si
1332 1917 1455 1965 dicas,
1485 1918 1550 1956 ‘in

97 1977 282 2025 sedibus,'
301 1984 417 2030 atque
435 1979 487 2017 ibi
507 1979 731 2031 praepositio
765 1981 891 2019 brevis
914 1981 977 2028 sit,
1008 1995 1096 2032 quae
1128 1982 1166 2019 in
1194 1995 1240 2019 ea
1270 1982 1550 2032 compositione

96 2039 217 2092 longa
233 2042 396 2086 fuisset;
426 2049 574 2094 quanto
595 2044 722 2094 aptius
743 2045 869 2083 brevis
889 2046 973 2091 erit,
995 2046 1026 2083 si
1047 2046 1169 2092 dicas,
1200 2051 1208 2066 ‘
1226 2045 1264 2082 in
1279 2045 1380 2084 diem
1399 2058 1408 2083 ;
1424 2047 1433 2061 ’
1461 2059 1548 2097 quae

96 2106 128 2142 si
165 2119 390 2158 compones,
436 2107 562 2145 brevis
599 2121 756 2159 quoque
802 2109 903 2147 erit?
950 2109 1145 2147 Praeterea
1185 2109 1549 2156 animadvertemus,

92 2181 211 2220 quam
229 2169 404 2208 celeriter
423 2170 564 2209 multas
586 2173 740 2210 vocales
760 2173 1048 2223 pronuntiando
1069 2173 1351 2224 expediverint‚
1374 2181 1415 2211 ut
1431 2174 1547 2212 etiam

95 2245 182 2271 cum
203 2234 455 2283 sequentibus
476 2235 730 2273 obscurarint.
787 2237 851 2274 Sic
874 2237 974 2274 enim
997 2237 1035 2274 in
1066 2236 1140 2274 illis
1159 2250 1168 2274 z
1204 2238 1319 2281 scias,
1340 2251 1435 2283 suae,
1454 2246 1546 2284 tuae,

95 2295 181 2342 fuit,
201 2295 298 2343 dies,
315 2296 435 2342 Deos,
451 2296 555 2347 prius
571 2310 580 2334 :
601 2310 690 2348 quae
709 2298 931 2337 efficiebant
947 2300 1240 2351 monosyllaba:
1262 2301 1316 2338 ita
1335 2314 1382 2338 ex
1394 2301 1548 2339 duobus

94 2360 380 2409 comparativis,
399 2361 543 2411 potius,
564 2361 718 2408 melius,
734 2362 831 2401 duos
848 2365 1142 2401 constituebant
1161 2363 1416 2415 pyrrhichios.
1447 2365 1548 2403 Nam

95 2423 423 2474 quemadmodum
461 2437 730 2464 mensuremus
761 2440 915 2465 versum
951 2427 1057 2464 illum
1095 2440 1143 2464 ex
1180 2427 1354 2466 Andria?
1401 2432 1411 2450 ‘
1429 2429 1549 2466 Dabit

95 2499 236 2525 nemo:
265 2487 436 2525 inveniet
455 2489 609 2539 inopem
629 2490 774 2540 potius,
794 2503 910 2541 quarn
933 2497 969 2528 te
990 2491 1182 2541 corrumpi
1204 2490 1332 2529 sinat!
1371 2491 1547 2531 Necesse

95 2551 196 2588 enim
214 2559 274 2588 est
306 2563 354 2588 ex
382 2550 533 2589 duabus
567 2554 726 2590 vocibus
759 2553 833 2599 his,
874 2558 883 2575 ‘
901 2554 1044 2605 potius,
1077 2556 1222 2605 quam‚’
1252 2568 1371 2592 unum
1405 2556 1545 2607 pedem

95 2612 175 2650 fieri
193 2627 203 2651 ε
232 2613 337 2664 quod
357 2620 401 2651 ut
420 2615 580 2662 efficias,
599 2615 722 2654 multa
742 2617 846 2668 prius
873 2630 919 2655 ac
939 2617 1102 2654 mirabili
1121 2624 1212 2667 eget
1231 2617 1543 2668 interpolatione.

95 2675 199 2727 Ergo
215 2676 331 2727 vulgo
352 2677 406 2715 ita
423 2690 578 2729 quoque
598 2678 749 2717 locutos
775 2687 883 2731 puto,
915 2692 993 2718 non
1013 2680 1158 2718 laturos
1179 2693 1383 2719 scenarum
1403 2683 1544 2721 barba-

94 2740 201 2786 riem,
221 2753 310 2791 quae
330 2739 378 2777 de
412 2741 538 2780 medio
559 2750 728 2781 sumeret
747 2756 976 2782 sermonem.
1037 2743 1080 2780 In
1101 2743 1174 2781 hac
1194 2750 1324 2782 tamen
1347 2757 1387 2782 re
1409 2752 1448 2783 et
1465 2745 1543 2783 dis-
