1945 3296
301 226 358 266 40
821 236 1061 266 TERENTM
1101 236 1232 265 vl'rA.

301 328 356 365 aT
377 329 524 366 erentio
544 329 714 379 quodam
740 330 897 368 Lucano
918 336 1057 375 emtus,
1086 342 1108 366 a
1127 343 1204 379 quo
1225 336 1264 367 ct
1283 341 1421 367 nomeu
1445 330 1570 380 ipsum
1591 330 1757 371 fortasse

300 392 427 442 potuit
458 393 647 443 accipere,
681 393 791 430 aliter
822 401 937 431 antea
972 393 1100 431 dictus
1132 393 1236 443 apud
1267 405 1373 431 suos.
1432 394 1492 431 De
1521 393 1595 431 hoc
1625 401 1756 433 tamen

299 462 439 505 praeter
457 455 719 506 conjecturam
745 456 872 493 habeo
894 455 1000 494 nihil.
1059 456 1104 493 Id
1124 455 1230 506 quod
1249 462 1420 503 constat,
1446 456 1577 495 literas
1597 458 1756 496 Latinas

300 518 436 556 Romae
459 518 605 565 didicit,
626 519 677 556 ad
693 521 884 569 poeticam
906 532 1064 569 pronuS,
1081 528 1119 556 et
1133 520 1324 569 praecipue
1335 520 1587 564 comoediam3
1618 534 1696 571 quo
1715 522 1755 559 in

301 594 443 632 genere
464 582 593 627 facile,
614 589 657 620 ut
676 583 769 620 mihi
790 582 954 629 videtur,
976 595 1110 620 omnes
1127 590 1217 620 ante
1238 597 1278 620 se
1292 584 1396 621 vicit.
1433 583 1532 622 Nam
1547 591 1757 634 sequentes

298 646 414 683 etiam
435 659 457 683 a
492 646 696 684 scribendo
728 645 925 692 deterruit,
961 660 1032 684 nec
1064 647 1156 691 fere,
1193 660 1307 697 quern
1338 647 1522 693 noverim,
1555 648 1755 686 comoediae

299 709 462 760 scriptor
482 709 610 747 clarus
639 717 729 759 post
760 709 981 747 Terentium
1017 710 1100 747 fuit.
1177 710 1340 760 Scripsit
1374 710 1586 748 comoedias
1622 711 1755 749 forsan

296 772 448 823 plures;
480 772 564 819 sed,
585 786 673 823 quae
693 773 885 810 habentur
904 773 942 809 in
964 773 1158 819 manibus,
1179 785 1248 811 sex
1264 780 1368 819 sunt,
1385 786 1474 824 quae
1490 786 1558 824 per
1577 773 1755 816 ordinem

297 836 372 873 hoc
392 836 588 874 volumine
622 837 895 874 continentur:
937 837 1112 886 quamvis
1147 836 1231 887 ipse
1264 836 1360 874 ordo
1394 850 1471 874 non
1502 837 1541 874 in
1575 837 1755 875 omnibus

298 898 561 937 voluminibus
593 912 695 937 unus
728 899 790 937 sit.
849 899 1069 949 Utcumque
1103 913 1194 938 vero
1226 901 1302 938 sint
1330 900 1430 948 aliae,
1463 900 1605 951 ubique
1634 901 1759 952 prima

297 963 469 1001 omnium
489 970 550 1001 est
568 963 742 1002 Andria:
775 976 893 1014 quam
922 963 1178 1010 Comoediam,
1213 964 1439 1017 priusquam
1460 963 1640 1002 aedilibus
1660 977 1755 1003 ven-

296 1026 418 1074 deret,
437 1035 481 1065 ut
501 1027 691 1066 Eusebius
715 1027 817 1066 idern
838 1028 906 1074 ait,
929 1027 1088 1066 Caecilio
1110 1027 1272 1066 multum
1294 1041 1335 1066 se
1357 1027 1509 1065 miranti
1529 1027 1638 1079 legit.
1692 1028 1754 1066 De

295 1092 456 1129 materia
478 1091 765 1129 Comoediarum
786 1092 891 1142 loqui
911 1092 1103 1142 prolixum
1118 1098 1201 1130 est:
1233 1092 1281 1130 de
1297 1092 1536 1143 expositione
1551 1091 1752 1143 prolixius.

296 1152 375 1191 Sed
396 1154 585 1206 cujusque
606 1155 803 1193 materiam
826 1155 863 1192 in
888 1163 1118 1206 argumento
1144 1156 1226 1207 ejus
1247 1156 1480 1207 perbreviter
1499 1156 1753 1207 comprehen-

295 1231 376 1256 sam
417 1219 539 1256 lector
572 1219 767 1262 inveniet:
813 1219 1096 1270 expositionem
1135 1220 1265 1258 studio
1296 1227 1336 1258 et
1368 1220 1524 1270 ingenio
1558 1219 1751 1258 molietur.

295 1281 431 1319 Genus
468 1283 659 1333 poematis
699 1295 853 1320 carmen
893 1282 1116 1329 iambicum,
1157 1283 1226 1322 sed
1264 1283 1424 1322 varium.
1492 1283 1614 1321 lambi
1649 1285 1752 1322 enim

293 1346 465 1385 materiae
487 1346 644 1383 comicae
667 1346 747 1397 apti
769 1354 873 1384 sunt.
931 1347 976 1384 In
998 1347 1210 1385 Comoediis
1228 1347 1383 1399 quidem
1398 1360 1592 1398 nusquam
1605 1348 1753 1386 Auctor

292 1409 476 1459 loquitur,
499 1409 570 1448 sed
590 1409 823 1449 introductae
855 1422 1062 1460 personae:
1106 1424 1219 1462 quem
1241 1424 1384 1449 morem
1405 1411 1468 1449 hic
1489 1410 1538 1448 ad
1560 1411 1751 1462 Prologos

292 1473 502 1511 transferre
534 1473 691 1517 nititur;
729 1473 870 1525 quibus
903 1475 1118 1513 scribendis
1153 1475 1378 1513 aemulorum
1413 1475 1558 1512 invidia
1590 1487 1751 1512 causam

294 1535 416 1574 dedit.
476 1537 809 1588 Respondendum
830 1538 932 1576 enim
952 1545 1048 1585 erat,
1068 1553 1117 1577 ne
1137 1540 1233 1577 forte
1251 1540 1468 1591 procacitas
1490 1538 1651 1589 gloriam
1670 1551 1751 1579 me-

291 1607 451 1647 reretur,
479 1601 754 1652 infamiamque
784 1602 991 1640 modestia.
1048 1603 1198 1640 Horum
1227 1615 1315 1641 vero
1337 1602 1501 1640 stimulis
1528 1615 1573 1640 ac
1589 1602 1749 1641 vocibus

293 1665 464 1715 agitatus
480 1665 600 1703 fertur
619 1666 795 1704 Athenas
812 1666 984 1718 petiisse,
1005 1673 1048 1704 ut
1069 1667 1297 1705 Graecorum
1318 1667 1474 1718 penitus
1492 1666 1648 1717 ingenia
1666 1679 1750 1705 mo-

292 1741 432 1779 resque
456 1736 706 1780 pernosceret
722 1743 731 1767 :
765 1737 818 1776 et,
834 1743 935 1776 cum,
948 1730 1078 1768 multis
1093 1730 1131 1767 in
1147 1730 1325 1768 Latinam
1343 1730 1515 1781 linguam
1536 1729 1750 1777 translatis,

293 1800 384 1844 post
411 1793 571 1844 aliquod
590 1800 745 1844 tempus
764 1794 844 1831 voti
865 1806 1024 1844 compos
1046 1794 1211 1831 Romam
1231 1800 1417 1832 remearet
1435 1806 1523 1832 curn
1544 1793 1751 1832 sarcinulis

294 1862 334 1893 et
354 1855 581 1903 Comoediis,
601 1870 699 1908 quas
725 1857 777 1895 ibi
798 1857 1020 1908 scripserat,
1040 1857 1078 1894 in
1100 1857 1228 1895 navim
1255 1857 1460 1908 impositis,
1480 1857 1562 1908 ipse
1581 1858 1750 1895 terrestri

290 1912 427 1957 itinere
448 1920 586 1958 Patras
607 1921 847 1971 perrexisse:
878 1920 983 1958 unde
1003 1921 1108 1959 brevi
1129 1921 1293 1958 transitu
1310 1921 1349 1958 in
1370 1920 1518 1959 Italiam
1535 1920 1748 1971 navigaret.

293 1982 369 2020 Ubi
389 1991 625 2035 exspectatae
646 1985 754 2023 navis
775 1985 907 2023 audito
928 1985 1144 2035 naufragio,
1165 1998 1254 2036 quae
1273 1985 1376 2023 circa
1395 1985 1531 2022 Sinum
1551 1984 1748 2035 Illyricum

292 2046 512 2097 periclitata
529 2056 624 2095 erat,
646 2056 766 2087 tantae
781 2049 946 2100 jacturae
961 2049 1094 2087 dolore
1107 2056 1301 2100 permotus
1315 2049 1559 2100 Stimphalim
1576 2048 1749 2087 in—Arca-

293 2110 397 2148 diam
437 2111 681 2152 decessisse:
730 2113 859 2164 ibique
895 2113 1104 2152 defunctus
1138 2127 1183 2152 ac
1216 2114 1391 2164 sepultus
1424 2113 1580 2164 publice
1609 2112 1747 2150 fuisse.

293 2173 463 2214 Periisse
498 2189 584 2214 eum
605 2177 641 2214 in
665 2177 846 2224 Arcadia,
878 2179 963 2229 ipso
994 2178 1131 2217 eodem
1165 2184 1263 2216 teste
1293 2177 1475 2223 Eusebio,
1506 2185 1640 2215 notum
1672 2182 1749 2215 est·

295 2241 347 2278 Et
365 2239 538 2290 inprimis
565 2240 722 2290 quidem
752 2248 919 2291 quatuor
940 2242 1162 2288 Comoediis,
1191 2241 1341 2280 scilicet
1358 2240 1520 2287 Andria,
1541 2241 1747 2288 Eunucho,

294 2303 749 2350 Heautontimorumeno,
770 2303 974 2355 Adelphis,
988 2305 1248 2343 Menandrum
1269 2305 1514 2343 Comicorum
1534 2305 1747 2356 principem

297 2367 525 2404 Graecorum
559 2367 732 2406 imitatus
760 2368 951 2412 creditum
996 2369 1103 2420 quod
1133 2376 1173 2408 et
1204 2370 1366 2407 rubricae
1395 2368 1745 2406 vetustissimorum

294 2430 473 2469 codicum
493 2431 673 2469 innuunt.
731 2431 834 2476 Quin
855 2439 1004 2483 partem
1032 2433 1247 2484 scripturae,
1267 2433 1359 2484 quia
1383 2432 1470 2483 plus
1491 2431 1745 2478 confusionis,

296 2507 413 2544 quam
448 2494 546 2532 lucis
581 2495 722 2532 habere
754 2496 839 2533 visa
872 2505 945 2543 est,
977 2497 1104 2535 sciens
1137 2497 1263 2535 omisi.
1319 2497 1493 2533 Innuunt
1527 2502 1567 2533 et
1587 2495 1744 2547 Prologi

295 2557 454 2608 quidam
474 2558 511 2594 in
533 2557 690 2608 reliquis
710 2559 862 2598 duabus
888 2561 1171 2612 Apollodorum
1195 2560 1451 2598 Corinthium.
1507 2559 1743 2602 Vendidisse

295 2634 382 2657 eum
404 2621 635 2659 Eunuchum
662 2635 788 2669 suum,
820 2624 921 2662 fama
941 2632 1013 2671 est,
1043 2625 1175 2675 viginti
1196 2624 1362 2661 millibus
1384 2635 1604 2661 nummum:
1634 2624 1742 2673 quod

297 2684 461 2734 pretium
487 2692 576 2722 ante
610 2698 697 2723 eum
730 2687 859 2724 nullus
891 2695 1104 2739 acceperat.
1159 2687 1222 2724 Ad
1260 2699 1465 2732 summum,
1497 2698 1567 2724 suo
1601 2699 1741 2737 genere

297 2747 481 2800 po'c'tandi
501 2754 632 2787 tantus
652 2748 707 2786 vir
735 2749 819 2796 suit,
841 2757 884 2788 ut
914 2751 1175 2802 Hieronymus
1211 2751 1309 2788 inter
1329 2756 1494 2801 quatuor
1524 2750 1738 2801 poetarum,
