1903 3306
348 226 431 284 146
746 249 924 282 sumus
957 248 1126 280 CAESAR
1159 247 1402 279 scithicae

350 346 400 384 ris
421 347 561 384 vetusti
591 345 736 396 cupida
769 345 882 382 sum.'
938 345 1068 395 Atque
1098 342 1206 380 initio
1239 341 1394 392 quidem
1428 340 1590 378 arbitror
1607 340 1799 378 vocalium

349 410 566 451 tenuiorum
588 408 747 446 mollitie
778 408 938 454 factum,
970 415 1013 445 ut
1034 407 1208 445 subirent
1227 405 1347 456 pedes
1374 404 1488 442 alieni
1507 418 1516 443 ε
1547 405 1602 442 sic
1623 404 1802 449 dicimus,

350 476 463 525 χρεὼ,
485 470 723 518 Πηληϊάδεω,
743 473 896 516 πόλεως,
923 472 1071 508 πλέωνε
1102 475 1145 506 ut
1176 467 1380 505 bacchium
1409 468 1522 505 etiam
1542 466 1801 517 receperimus

350 536 417 575 illo
438 549 549 574 versu
567 548 575 573 :
619 539 629 556 ‘
648 536 697 572 Et
729 534 861 572 laeveis
895 546 1028 571 ocreas
1061 531 1168 570 lento
1199 530 1348 569 ducunt
1381 531 1567 581 ai·gento.’
1620 530 1673 568 At
1697 530 1802 567 hunc

350 613 501 638 versum
538 598 791 650 spondaicum
824 603 935 647 putat
955 594 1165 633 Diomedes
1198 594 1255 631 vir
1286 593 1425 631 doctus
1443 607 1451 631 ε
1491 606 1570 631 non
1603 593 1702 631 male
1721 606 1730 631 :
1759 601 1804 631 ut

354 663 505 701 mollior
536 662 681 700 vocalis
715 662 852 699 subeat
884 659 1094 698 fortiorem,
1171 659 1234 696 Sic
1267 658 1451 696 creticum
1488 657 1732 707 interposuit,
1762 663 1804 694 ut

353 726 584 777 spondaeum
606 726 750 763 faceret
769 724 807 761 in
827 724 957 769 verbo,
979 735 1108 761 aureo.
1166 721 1282 766 Quod
1310 722 1341 759 si
1373 721 1411 757 in
1437 720 1644 771 Tragoedia
1672 720 1804 759 cretici

354 796 458 835 sunt,
491 789 528 826 in
548 789 714 827 heroicis
734 787 918 826 bacchius
940 794 980 825 et
999 785 1279 830 antibacchius,
1311 792 1355 822 ut
1374 792 1524 823 taceam
1545 790 1802 835 anapaestum,

352 859 434 890 tum
456 852 629 898 Homeri,
649 853 783 901 Βορέης
801 850 964 902 Ζέφυρός
982 866 1022 888 τε
1039 863 1048 887 :
1079 855 1160 887 tum
1182 848 1345 899 Virgilii,
1366 853 1376 869 ⁴
1394 847 1612 885 Fluviorum
1631 860 1699 886 rex
1720 847 1804 884 Eri-

354 915 481 954 danus
496 915 517 953 :'
546 928 624 952 non
644 914 824 952 videntur
844 914 966 952 fuisse
986 920 1045 951 tot
1071 920 1245 951 monstra
1275 911 1510 956 necessaria,
1530 916 1625 962 quot
1643 910 1706 948 isti
1726 911 1807 948 exi-

354 979 506 1017 mendis
522 978 722 1016 elementis
737 984 932 1024 crearunt,
949 978 1002 1023 in,
1019 976 1198 1027 quidem;
1228 975 1282 1021 in,
1299 975 1425 1017 sicut;
1452 974 1506 1020 in,
1527 973 1667 1018 simu13
1689 981 1806 1025 atque

354 1043 460 1080 aliis:
504 1055 629 1092 neque
650 1040 915 1079 excludendas
946 1041 1119 1090 integras
1154 1039 1273 1077 fuisse
1296 1051 1427 1084 voces,
1450 1044 1518 1076 aut
1537 1037 1633 1075 alias
1655 1037 1805 1088 spurias

354 1104 533 1156 ingenuis
551 1105 843 1156 supponendam,
865 1103 970 1155 quod
991 1104 1130 1141 fecisse
1152 1103 1336 1141 Erasmus
1356 1108 1396 1140 et
1415 1114 1532 1152 supra
1550 1100 1806 1147 ostendimus,

354 1176 392 1207 et
411 1182 457 1207 ex
476 1168 536 1206 his
556 1175 675 1219 patet.
717 1168 819 1205 Nam
839 1168 879 1205 in
897 1167 1102 1213 Eunucho,
1116 1166 1354 1217 despectam,
1368 1165 1522 1217 posuit:
1554 1164 1807 1216 despicatarn‚

356 1232 532 1270 sustulit:
555 1236 564 1252 ‘
581 1232 738 1270 Habeat
754 1231 1010 1282 despicatam,
1025 1238 1063 1268 et
1077 1244 1166 1281 quae
1183 1242 1254 1268 nos
1271 1243 1422 1280 semper
1437 1229 1618 1267 omnibus
1634 1229 1810 1267 cruciant

356 1295 512 1334 modis.'
551 1296 670 1334 Auxit
697 1295 811 1333 etiam
832 1307 998 1333 errorem
1018 1294 1093 1331 alia
1113 1292 1243 1344 culpa,
1259 1306 1346 1330 cum
1367 1306 1414 1331 ex
1429 1292 1566 1331 eadem
1580 1292 1712 1330 fabula
1726 1305 1811 1330 ver-

355 1373 441 1398 sum
468 1359 580 1411 fingit
591 1373 637 1398 ex
657 1359 760 1410 putis
779 1358 934 1397 creticis
952 1371 961 1396 :
989 1363 998 1379 ‘
1017 1357 1168 1396 Siccine
1183 1357 1296 1407 agis?
1320 1357 1407 1408 quis
1425 1363 1467 1394 tu
1487 1357 1603 1394 homo
1623 1355 1696 1394 es?
1715 1355 1810 1407 quid

359 1423 428 1461 tibi
458 1423 545 1462 vis?
592 1422 684 1474 quid
715 1436 802 1461 cum
837 1423 904 1460 illa
937 1422 990 1460 rei
1011 1421 1080 1460 tibi
1109 1428 1170 1460 est
1184 1421 1200 1458 ’ἔ
1216 1420 1225 1436 ’
1273 1421 1400 1465 Quem
1440 1428 1568 1458 tamen
1603 1419 1809 1458 iambicum

357 1486 587 1538 quadratum
608 1498 815 1536 agnoscas.
873 1485 963 1523 Pari
991 1484 1221 1523 infelicitate
1241 1491 1280 1522 et
1298 1484 1405 1522 illum
1425 1498 1472 1522 ex
1492 1483 1639 1522 Andria
1658 1482 1811 1521 creticis

356 1549 562 1596 conclusit,
598 1550 664 1600 qui
690 1555 796 1587 esset
826 1549 1003 1586 senarius
1036 1547 1209 1598 integer:
1240 1552 1249 1568 ‘
1268 1547 1312 1584 In
1334 1546 1567 1598 denegando
1589 1546 1706 1584 modo
1726 1546 1811 1597 quis

356 1612 482 1663 pudor
502 1619 563 1651 est
591 1611 822 1663 paululum,’
856 1612 1040 1650 restituta
1060 1624 1230 1662 namque
1263 1624 1331 1662 per
1356 1611 1506 1649 initium
1526 1610 1813 1662 praepositione,

357 1689 473 1727 quam
492 1676 557 1714 ille
577 1676 690 1714 nimis
711 1676 951 1714 confidenter
979 1675 1191 1714 sustulerat
1210 1676 1246 1713 in
1267 1675 1402 1727 prioris
1424 1675 1552 1722 finem,
1579 1675 1692 1714 tolles
1709 1675 1812 1713 illius

358 1747 397 1778 et
415 1753 595 1786 errorem,
615 1746 652 1778 et
672 1739 876 1777 audaciam
894 1753 902 1778 :
925 1739 1039 1777 simul
1060 1739 1330 1790 deprehendes
1350 1752 1523 1777 crassam
1538 1739 1718 1790 culpam:
1748 1739 1814 1790 qui

358 1804 542 1842 creticum
562 1816 609 1841 ex
628 1804 749 1842 tribus
770 1804 930 1842 vocibus
964 1803 1187 1841 confectum
1207 1803 1250 1841 iri
1273 1802 1441 1854 speravit
1459 1802 1550 1850 illis,
1576 1803 1664 1854 quis
1685 1803 1814 1854 pudor

359 1874 431 1905 est.
487 1868 631 1905 Verum
661 1867 725 1905 ille
745 1868 801 1905 vir
830 1868 1018 1906 curiosior
1050 1867 1168 1918 paulo
1196 1867 1269 1905 fuit
1301 1866 1555 1905 emendandis
1577 1866 1812 1905 auctoribus.

362 1931 462 1968 Nam
483 1937 523 1968 et
542 1930 645 1981 apud
668 1931 855 1969 Senecam
874 1944 882 1968 :
912 1936 924 1952 ⁴
941 1932 1086 1968 Arcum
1117 1931 1288 1968 intensio
1306 1930 1464 1982 frangit,
1491 1930 1660 1968 animum
1679 1929 1816 1968 remis-

362 1994 442 2031 sio:
460 1994 469 2009 '
499 2007 584 2032 eum
606 1994 658 2031 ibi
678 1993 776 2031 dixit
794 2006 880 2031 esse
901 1994 1096 2032 inversum
1111 1993 1316 2040 senarium,
1330 2001 1445 2044 atque
1465 1994 1548 2044 ipse
1568 1993 1815 2032 sicinvertit:

361 2062 370 2080 ‘
388 2058 583 2096 Remissio
604 2057 773 2095 animum
793 2057 949 2108 frangit,
971 2070 1102 2095 arcum
1119 2057 1314 2095 intensio!
1372 2057 1546 2095 Dixisset
1564 2057 1817 2104 commodius,

362 2123 467 2175 quod
489 2123 538 2160 ad
569 2122 688 2173 pedes
723 2121 875 2168 attinet,
911 2121 966 2159 sic
985 2121 1063 2172 legi
1097 2134 1214 2172 posse
1232 2134 1241 2157 :
1281 2114 1407 2167 nunc,
1420 2134 1508 2160 cum
1544 2121 1817 2160 necessitatem

363 2187 485 2232 affert,
506 2199 664 2224 causam
684 2198 794 2224 suam
808 2186 903 2224 facit
921 2184 1162 2223 deteriorem.
1211 2185 1313 2223 Nam
1333 2193 1372 2223 et
1392 2186 1447 2224 sic
1468 2186 1643 2224 senarius
1665 2192 1750 2224 est:
1780 2192 1820 2223 et

363 2250 400 2287 in
423 2251 505 2288 aliis
527 2250 630 2302 apud
646 2250 812 2288 eundem
829 2258 1024 2288 auctorem
1047 2249 1207 2287 senariis
1228 2263 1306 2287 non
1327 2250 1552 2288 observatas
1568 2250 1692 2301 magis
1710 2249 1818 2300 leges

364 2315 575 2366 intelligas,
596 2328 712 2365 quam
732 2315 771 2351 in
792 2314 1008 2352 Comoediis
1036 2321 1102 2352 aut
1123 2314 1210 2351 aliis
1232 2314 1405 2361 Fabulis,
1426 2313 1532 2353 unde
1552 2314 1617 2352 ille
1637 2321 1817 2352 sumeret.

366 2378 481 2422 Quod
502 2379 533 2415 si
553 2377 678 2415 acrius
699 2378 976 2427 contemplere,
995 2377 1112 2428 longe
1129 2378 1356 2416 concinnior
1373 2377 1565 2416 sententia
1584 2384 1645 2416 est
1661 2391 1669 2416 :
1700 2390 1818 2430 quam

365 2441 556 2479 deformat
587 2441 651 2478 ille
682 2441 898 2478 inversione
932 2454 1016 2479 sua.
1076 2441 1177 2479 Nam
1200 2442 1406 2488 sententia,
1426 2441 1580 2480 tametsi
1612 2441 1815 2492 aequaliter

367 2504 415 2541 de
436 2516 541 2550 arcu,
562 2511 598 2541 et
620 2503 668 2541 de
689 2505 832 2550 animo,
863 2505 1089 2554 pronuntiat
1118 2517 1184 2555 per
1206 2504 1412 2549 contraria,
1432 2510 1562 2542 tamen
1581 2503 1667 2542 vult
1686 2516 1819 2542 arcum

366 2567 506 2605 referre
526 2565 576 2603 ad
597 2566 780 2612 animum,
808 2567 991 2616 quoniam
1027 2566 1076 2605 de
1110 2567 1239 2605 animo
1272 2567 1411 2618 quaerit
1443 2573 1626 2605 statuere.
1682 2567 1820 2619 Itaque

367 2642 444 2667 non
467 2630 515 2666 ab
534 2642 580 2666 eo
599 2629 782 2678 incipere,
804 2629 873 2667 sed
894 2630 932 2666 in
953 2643 999 2668 eo
1020 2631 1254 2669 sententiam
1273 2631 1478 2669 terminare
1495 2621 1688 2682 oportuit:
1718 2645 1818 2682 prae·

370 2692 497 2730 sertim
532 2705 619 2729 cum
651 2698 790 2741 praeter
810 2693 1119 2742 expectationem
1152 2694 1201 2732 de
1226 2695 1352 2732 animo
1375 2694 1528 2732 sentiat.
1586 2694 1692 2732 Nihil
1719 2695 1822 2732 enim

375 2756 525 2802 mirum,
560 2754 778 2793 intensione
809 2767 952 2801 arcum,
988 2762 1027 2794 at
1055 2757 1192 2795 mirum
1225 2756 1451 2796 remissione
1485 2757 1656 2796 animum
1682 2757 1821 2810 frangi·
