1945 3296
557 234 737 266 morou
776 236 836 266 DE
870 237 1123 269 GOMOEDIA.
1517 233 1569 271 51

221 331 414 375 Attamen„
424 330 621 381 egregium
642 329 734 368 nihil
754 330 941 382 undique,
961 338 1001 369 et
1020 332 1192 384 undique
1208 341 1353 372 tersum
1375 348 1448 373 est.

276 394 391 440 Nam,
411 394 516 445 quod
538 395 702 440 miraris,
723 395 822 433 ridet
841 395 879 432 id
905 395 1001 433 alter
1021 409 1133 446 opus.

118 478 347 516 Emeus
369 490 442 528 ego
462 478 636 515 libellum
657 478 705 516 de
738 479 878 529 triplici
910 479 1198 518 Comoediarum
1230 483 1418 530 sectione,
1451 484 1571 523 Trivi-

116 554 297 580 sanorum
318 541 452 587 decuS‚
474 541 645 587 Andrea,
665 541 747 587 tibi,
768 555 992 592 quanquam
1012 550 1256 593 praetextato,
1276 559 1418 584 munus
1441 547 1571 587 dicare

116 604 283 644 decrevi.
325 605 413 642 Non
436 604 614 655 equidem
634 604 889 643 admiratione
908 607 1098 645 bonorum
1118 608 1289 658 corporis
1310 616 1378 647 aut
1392 611 1571 658 fortunae,

115 681 192 719 qua
212 669 346 706 merito
366 668 540 706 Venetiis
561 675 600 705 et
619 668 656 705 in
678 668 774 706 adeo
796 668 1003 707 excellenti
1025 670 1168 708 familia
1187 685 1479 713 veneraremur:
1503 677 1572 713 sed

115 732 299 782 quoniam
317 732 475 781 ingenio
495 738 533 770 te
556 732 742 783 singulari
777 732 1066 771 adolescentem
1100 735 1231 772 multis
1260 736 1493 787 jampridem
1517 740 1572 776 iu-

115 795 225 832 diciis
245 795 329 846 ipse
350 808 622 846 cognoveram.
680 796 833 833 Etenim
856 809 959 842 vere,
994 797 1099 847 quod
1131 798 1178 836 de
1209 812 1250 836 se
1274 800 1452 850 jactabat
1474 803 1571 839 Her-

115 872 316 910 mogeneS,
347 866 502 897 aetatem
533 860 751 907 virtutibus,
786 860 891 898 haud
926 861 1056 899 indole
1089 864 1322 913 praevenisti.
1381 865 1574 909 Quocirca

116 923 256 961 nemini
277 923 454 961 videatur
474 923 657 969 alienum,
678 925 724 968 si,
745 924 851 974 quod
874 925 921 961 ab
943 925 1100 975 ingenio
1125 928 1394 977 proficiscitur,
1415 930 1573 981 ingenio

112 987 315 1038 praestanti
336 986 630 1025 adolescentulo
650 995 911 1038 nuncupatur.
970 989 1152 1027 Ceterum
1188 992 1348 1029 arbitror
1379 1007 1439 1031 me
1460 997 1571 1040 meis,

115 1057 309 1102 quotquot
326 1057 536 1102 potuerunt
556 1052 718 1097 intendi,
738 1052 881 1090 viribus
899 1061 1213 1100 consecuturum,
1231 1069 1278 1092 ne
1296 1057 1461 1107 amplius
1478 1060 1572 1110 quid

114 1127 258 1152 novum
280 1123 347 1153 aut
368 1121 494 1161 vetus,
514 1114 657 1165 quidve
677 1115 860 1161 medium,
877 1123 915 1153 et
931 1129 999 1153 cur
1016 1117 1053 1153 in
1072 1117 1274 1156 Comoedia
1290 1119 1454 1167 dicatur,
1473 1123 1573 1161 ullus

115 1179 281 1229 ignoret.
339 1178 454 1222 Quod
474 1178 665 1216 hactenus
684 1179 743 1216 vel
767 1179 952 1217 omissum
974 1193 995 1217 a
1016 1181 1178 1227 Latinis,
1210 1183 1270 1220 vel
1301 1184 1487 1222 abolitum
1509 1200 1573 1224 ve-

114 1249 274 1288 tustate,
310 1242 454 1280 saecula
487 1248 621 1279 nostra
651 1242 933 1281 desiderarunt.
992 1245 1120 1282 Multa
1140 1245 1297 1295 quidem
1317 1249 1471 1298 egregie
1493 1251 1573 1287 Do-

116 1313 245 1354 natus,
263 1306 388 1344 multa
408 1306 634 1353 Diomedes,
664 1316 702 1344 et
724 1307 822 1345 adeo
842 1308 955 1345 bonis
976 1309 1158 1359 auspiciis
1181 1310 1438 1360 protulerunt,
1465 1320 1506 1350 ut
1528 1328 1573 1351 ea

118 1371 361 1420 grammatici
381 1371 526 1421 passim
546 1371 584 1407 in
606 1384 677 1408 sua
697 1372 986 1409 transcribant:
1018 1372 1085 1410 sed
1106 1379 1234 1410 tamen
1255 1373 1331 1412 huc
1353 1374 1418 1412 illa
1438 1390 1571 1427 parum

116 1433 308 1479 videntur,
330 1434 445 1471 immo
466 1434 559 1470 nihil
581 1434 783 1484 pertinere.
842 1434 1034 1477 Quaedam
1054 1436 1170 1486 igitur
1191 1449 1213 1474 a
1235 1437 1385 1476 Graecis
1407 1442 1573 1478 auctori—

114 1498 188 1534 bus
210 1503 248 1535 et
269 1497 416 1535 Latinis
436 1496 739 1547 haudquaquam
763 1498 990 1535 nominatim
1017 1506 1264 1549 pertractata,
1299 1515 1430 1540 verum
1452 1505 1575 1542 obiter

117 1560 284 1598 disserta
299 1560 549 1610 collegimus:
572 1561 754 1611 quaedam
774 1561 861 1612 ipsi,
877 1562 1029 1600 collatis
1049 1563 1147 1601 inter
1164 1577 1205 1602 se
1223 1565 1366 1611 multis,
1385 1566 1576 1606 elicienda

118 1636 163 1663 ac
184 1624 348 1662 breviter
367 1624 586 1662 curavimus
607 1625 848 1672 annotanda,
880 1639 968 1677 quae
1000 1628 1064 1664 tibi
1097 1641 1223 1678 pauca
1249 1642 1391 1679 parvus
1413 1644 1484 1681 ego
1506 1632 1574 1669 de-

116 1688 218 1733 vovi,
238 1687 399 1738 perinde
416 1695 532 1739 atque
551 1701 660 1726 suam
675 1689 911 1740 Virgilianus
933 1690 997 1728 ille
1017 1691 1282 1729 Micondianae
1298 1693 1573 1733 venationem.

118 1752 302 1790 Fatemur
321 1753 422 1789 enim
443 1759 483 1790 et
501 1764 648 1799 eorum,
667 1766 755 1803 quae
778 1767 848 1791 nos
870 1754 1026 1791 minime
1046 1755 1315 1806 praeterierint,
1343 1758 1575 1797 subticuisse

117 1815 331 1866 complura.
389 1816 478 1856 Jam
512 1815 643 1866 itaque
670 1824 841 1854 nostram
862 1817 1052 1855 hactenus
1074 1819 1285 1869 obligatam
1307 1819 1423 1858 fidem
1445 1823 1575 1859 absol-

118 1892 268 1918 vamus.
327 1879 541 1918 Comoediae
573 1893 714 1918 nomen
750 1895 772 1918 a
804 1882 993 1919 Daemone
1022 1883 1146 1920 Como
1166 1883 1344 1933 religiose
1365 1883 1575 1924 admodum

119 1945 349 1983 arbitramur
364 1957 450 1982 esse
466 1944 693 1992 deductum,
713 1946 896 1996 quoniam
913 1954 952 1985 et
967 1946 1177 1985 comessari
1195 1947 1242 1984 de
1259 1947 1413 1985 nornine
1431 1947 1573 1986 dictum

119 2006 380 2045 Philostratus
408 2008 587 2055 affirmat,
619 2010 730 2060 cujus
768 2009 916 2047 scilicet
950 2010 1118 2048 numinis
1140 2009 1369 2047 dexteritate
1390 2011 1576 2060 quaelibet

118 2069 336 2108 hominibus
356 2071 487 2109 fausta
505 2072 737 2110 comessatio
760 2072 929 2111 daretur.
987 2073 1090 2117 Quid
1125 2080 1254 2111 autem
1284 2074 1332 2111 sit
1352 2076 1574 2120 comessari,

120 2133 380 2172 Philostratus
400 2134 568 2185 imagine
589 2135 700 2173 Comi
721 2135 870 2173 facilius
892 2136 972 2182 tibi,
993 2149 1109 2187 quam
1136 2148 1210 2186 ego
1230 2135 1391 2186 possim,
1414 2136 1575 2174 demon-

122 2197 271 2244 strabit,
291 2198 357 2235 ubi
378 2198 489 2249 fingit
508 2211 594 2236 eum
615 2198 856 2237 fervescente
876 2213 981 2237 mero
1004 2200 1186 2251 supinum
1208 2199 1429 2247 dormitare,
1456 2201 1574 2239 facie-

121 2276 197 2313 que
216 2275 297 2313 prae
317 2262 435 2300 nimio
455 2269 549 2313 potu
573 2263 824 2309 scintillante,
845 2264 1039 2302 rhonchos
1059 2265 1107 2301 ab
1127 2264 1204 2301 imo
1230 2270 1386 2314 pectore
1417 2271 1574 2303 stertere

122 2325 394 2364 deducentem.
452 2326 660 2377 Utriusque
679 2339 770 2364 vero
790 2340 907 2365 sexus
943 2327 1134 2374 homines,
1164 2326 1205 2363 id
1237 2326 1341 2377 quod
1371 2327 1454 2377 ipse
1474 2328 1577 2366 desi-

121 2389 242 2436 derat,
286 2389 476 2440 gregatim
511 2390 682 2427 vestibus
723 2390 962 2440 permutatis,
1000 2390 1219 2442 plausuque
1254 2390 1459 2437 concinno,
1499 2405 1575 2442 quo

120 2451 286 2490 maxime
304 2459 471 2503 possunt
491 2453 605 2503 genio
626 2453 843 2504 indulgere.
885 2454 1000 2498 Quod
1020 2455 1147 2506 ipsum
1168 2454 1206 2491 in
1227 2454 1300 2491 hac
1321 2456 1413 2492 urbe
1431 2457 1574 2506 saepius

122 2516 266 2562 vidisti,
298 2529 386 2554 cum
404 2516 588 2554 mimariae
608 2519 669 2565 (ut
688 2517 814 2565 aiunt)
845 2518 1073 2555 saltationes
1103 2517 1287 2569 hybernis
1308 2518 1486 2556 noctibus
1509 2519 1577 2557 de-

121 2579 376 2627 bacchantur,
393 2593 480 2631 quae
496 2587 596 2618 teste
614 2580 776 2619 Polluce
797 2581 964 2631 κόρδακες
985 2581 1170 2634 appellari
1189 2588 1440 2619 consuerunt⁴
1485 2582 1576 2619 Noli

123 2643 239 2693 igitur
257 2655 324 2681 eos
344 2644 490 2690 audire,
522 2645 588 2695 qui
608 2646 818 2683 comessari
838 2646 986 2684 dictum
1005 2652 1146 2696 putant
1165 2646 1213 2683 ab
1235 2659 1319 2691 esu,
1353 2645 1535 2695 quoniam
1558 2659 1575 2683 s

125 2705 289 2756 simplici
308 2708 527 2745 necessario
549 2708 790 2755 scriberetur,
822 2722 894 2746 nec
929 2723 1041 2747 secus
1070 2709 1207 2747 eruditi
1229 2715 1399 2746 veterum
1420 2709 1575 2747 codices

124 2769 322 2808 haberent.
381 2770 482 2809 Nam
502 2771 684 2811 Graecum
715 2773 811 2811 illud
844 2775 1015 2824 κωμάέω,
1047 2772 1375 2824 quemadmodum
1406 2786 1424 2808 z
1455 2772 1574 2809 literar
