1903 3306
565 226 628 255 DE
664 225 847 255 marnis
881 224 1091 254 commis.
1478 215 1561 256 221

105 320 329 373 popularem
362 317 548 369 loquendi
582 318 904 356 consuetudinem
941 317 1027 367 ipsa
1060 330 1215 368 quoque
1248 319 1562 367 pronuntiatione

110 385 265 436 propius
293 383 483 421 accedant
502 396 510 420 :
556 396 672 432 quam
718 382 809 419 dum
842 388 1133 427 consectantur,
1172 380 1377 431 longitudo
1415 382 1481 419 illa
1516 396 1563 419 ex

106 448 405 486 consonantium
426 446 619 498 positione
641 453 724 484 orta
754 447 897 483 frustra
916 445 960 482 iis
983 446 1136 487 obstat3
1168 445 1206 481 in
1229 445 1390 496 syllabae
1411 446 1563 495 quanti-

106 518 185 549 tate
207 510 438 549 aestimanda
458 510 509 547 ad
531 509 674 547 vocalis
692 509 936 547 solummodo
959 517 1150 554 naturam,
1170 522 1257 558 quae
1279 508 1437 558 syllabae
1453 510 1564 559 quasi

107 575 238 613 anima
256 581 330 620 est,
349 573 585 624 respiciunt;
617 574 717 611 sica
745 573 872 611 brevis
905 574 968 619 sit,
1000 573 1189 624 syllabam
1210 585 1278 622 pro
1307 572 1418 609 libitu
1449 573 1566 609 corri-

106 637 231 690 piunt.
289 637 412 687 quue
433 649 510 674 non
544 637 583 673 in
605 636 750 673 ultimis
782 636 898 674 modo
921 637 1124 674 verborum
1159 635 1316 683 syllabis
1347 635 1566 672 factitatum

106 706 180 747 est,
202 700 272 739 sed
291 701 330 738 in
357 700 439 738 aliis
460 701 575 738 etiam
597 700 813 750 quibusvis,
843 700 996 746 mediis,
1017 699 1162 750 primis,
1184 699 1257 735 nisi
1277 704 1413 736 contra
1434 700 1564 737 obstet

107 771 320 808 accentus;
352 770 509 802 acutum
529 763 637 801 illum
669 763 846 814 intelligo
876 770 1062 807 tenorem,
1083 763 1148 813 qui
1169 762 1206 799 in
1224 762 1329 800 omni
1350 776 1443 801 voce
1464 777 1563 800 unus

110 833 184 874 est,
206 827 474 879 syllabamque
494 839 612 877 quam
644 826 749 864 acuit
780 840 860 877 prae
881 826 1017 864 ceteris
1050 826 1228 872 intendit,
1256 834 1295 864 et
1325 826 1566 864 intendendo

108 905 210 930 verae
240 890 323 941 ejus
344 889 551 942 quantitati
584 890 756 940 aliquam
788 902 928 927 novam
959 889 1091 933 addit;
1135 903 1223 928 cum
1257 890 1471 928 intentione
1502 891 1568 928 illa

109 953 231 1004 major
261 955 502 1004 aliquantum
534 966 642 991 mora
672 953 714 990 in
745 960 861 990 acuta
892 953 1182 1003 pronuntianda
1201 953 1439 991 insumat-ur:
1471 953 1567 991 alias

107 1018 341 1069 positionem
362 1017 475 1055 facile
495 1016 712 1067 negligunt,
733 1017 928 1068 praecipue
949 1017 1105 1068 quidem
1126 1017 1230 1054 illam
1252 1030 1340 1067 quae
1366 1030 1413 1054 ex
1430 1017 1568 1055 eadem

108 1094 283 1120 consona
320 1081 517 1132 geminata
552 1080 684 1127 oritur,
720 1094 807 1118 cum
839 1081 1051 1131 antiq-uitus
1087 1081 1277 1132 ejusmodi
1310 1094 1427 1120 voces
1459 1082 1570 1120 litera

114 1145 291 1196 simplice
312 1145 466 1196 scriptae
489 1151 646 1187 essent3
677 1144 766 1182 dein
782 1144 888 1182 illam
909 1158 995 1195 quae
1016 1146 1058 1182 fit
1075 1159 1123 1183 ex
1142 1152 1248 1183 muta
1268 1152 1306 1183 et
1326 1145 1486 1197 liquida,
1503 1152 1570 1183 aut

109 1222 158 1246 ex
177 1209 376 1259 quibusvis
398 1208 483 1246 aliis
517 1209 699 1247 consonis
721 1222 809 1259 quae
842 1209 879 1246 in
901 1211 1006 1247 vocis
1040 1210 1148 1248 initio
1177 1210 1357 1248 connecti
1388 1217 1568 1261 possunt,

108 1272 218 1309 nulla
237 1272 360 1310 vocali
381 1273 623 1325 interposita.
682 1272 761 1310 Sed
784 1285 854 1310 nec
872 1273 972 1310 intra
991 1273 1061 1311 hos
1083 1274 1180 1311 fines
1202 1287 1244 1312 se
1265 1274 1539 1312 continuerunt
1557 1288 1567 1317 ;

109 1349 367 1386 quaecumque
401 1350 587 1375 consonae
608 1337 764 1374 brevem
785 1336 958 1374 vocalem
992 1336 1199 1387 excipiant,
1234 1337 1312 1374 sive
1347 1338 1384 1375 in
1417 1337 1569 1385 eadem,

109 1399 247 1438 sivein
268 1399 430 1438 diversis
451 1402 625 1447 vocibus,
648 1400 932 1451 longitudinem
952 1414 1040 1451 quae
1071 1400 1209 1438 exinde
1232 1401 1394 1452 syllabae
1419 1415 1570 1440 accres-

108 1462 175 1508 cit,
209 1476 278 1513 pro
298 1462 420 1501 nihilo
442 1464 601 1510 habent,
622 1471 674 1509 et,
695 1464 727 1501 si
750 1477 882 1502 versus
912 1464 967 1501 ita
998 1465 1183 1515 postulet,
1210 1465 1315 1503 illico
1335 1465 1568 1516 corripiunt:

109 1526 239 1571 immo,
271 1526 376 1576 quod
413 1527 537 1577 magis
569 1526 718 1573 mirere,
756 1527 908 1564 malunt
940 1527 1013 1565 hac
1049 1528 1283 1579 corripiendi
1313 1529 1472 1567 licentia
1502 1530 1570 1575 uti,

110 1588 264 1626 etiamsi
282 1588 398 1627 facile
420 1590 468 1626 ab
489 1602 536 1627 ea
566 1602 704 1628 cavere
738 1590 973 1641 potuissent,
1000 1604 1117 1642 quam
1138 1605 1273 1630 vocem
1305 1592 1569 1644 dissyllabam,

110 1651 221 1702 cujus
240 1652 364 1703 prima
383 1653 510 1690 brevis
533 1659 606 1699 est,
640 1653 679 1690 in
701 1652 875 1691 diversos
909 1653 1030 1705 pedes
1053 1654 1281 1702 distrahere,
1316 1669 1404 1694 cum
1424 1657 1569 1694 crebrae

110 1728 271 1753 caesurae
309 1716 520 1755 orationem
558 1717 669 1755 nimis
703 1717 937 1767 exquisitam
971 1724 1011 1755 et
1038 1718 1287 1767 elaboratam,
1323 1733 1570 1759 numerosam

109 1778 222 1817 nimis
241 1785 280 1817 et
301 1793 323 1817 a
342 1780 513 1832 pedestri
534 1794 711 1819 sermone
732 1788 918 1819 remotam
939 1782 1097 1820 faciant.

165 1843 280 1887 Quod
300 1843 454 1882 videtur
474 1845 591 1883 etiam
611 1845 649 1882 in
671 1858 790 1883 causa
817 1846 951 1893 fuisse,
969 1860 1040 1884 cur
1060 1847 1172 1885 toties
1194 1847 1372 1894 creticos,
1394 1850 1571 1899 quamvis

110 1919 190 1944 uno
210 1908 508 1959 temporejusto
528 1909 740 1960 long-iores,
770 1909 1075 1949 -ditrochaeorum
1108 1918 1237 1963 partes
1260 1912 1433 1950 fecerint.
1484 1914 1571 1952 Hoc

110 1970 210 2008 enim
233 1984 500 2022 saepenumero
521 1973 568 2009 ab
588 1972 634 2010 iis
656 1973 802 2011 factum
823 1974 948 2024 quivis
978 1975 1092 2012 facile
1115 1975 1274 2019 viderit3
1307 1976 1377 2013 sed
1406 1977 1571 2015 creticos

111 2040 305 2084 quatenus
324 2035 488 2073 creticos
509 2049 586 2074 non
608 2045 852 2088 receperunt,
883 2052 971 2076 cum
994 2039 1067 2076 iste
1100 2052 1168 2090 pes
1205 2040 1252 2076 ab
1284 2039 1343 2077 his
1361 2041 1571 2090 »generibus

111 2097 269 2135 omnino
297 2099 525 2138 abhorreat:
554 2100 625 2138 hos
651 2101 766 2152 igitur
786 2101 921 2152 pedes,
955 2103 1046 2140 licet
1063 2116 1198 2141 revera
1217 2104 1395 2151 creticos,
1417 2118 1462 2142 ac
1484 2119 1571 2156 pro-

110 2160 202 2199 inde
223 2162 394 2213 quinque
414 2170 643 2214 temporum,
664 2165 840 2203 versibus
863 2166 942 2204 suis
965 2166 1185 2205 immiscent
1204 2167 1373 2217 quidem,
1406 2168 1475 2206 sed
1497 2171 1569 2207 sub

112 2224 189 2262 alia
208 2226 378 2275 quadam
399 2229 548 2277 specie;
586 2241 690 2266 nunc
724 2230 858 2280 utique
878 2229 1038 2282 dactyli,
1075 2244 1179 2269 nunc
1212 2232 1417 2282 anapaesti,
1449 2234 1570 2282 prima

113 2288 262 2326 scilicet
290 2289 351 2327 vel
384 2290 519 2329 ultima
555 2305 625 2342 pro
664 2301 840 2344 correpta
878 2294 1025 2341 habita,
1060 2308 1165 2332 nunc
1203 2295 1394 2347 spondaei,
1430 2296 1571 2334 extrita

111 2351 239 2390 media
258 2352 398 2400 vocali,
417 2354 541 2392 vicem
563 2355 770 2394 sustinent.
828 2357 1054 2396 Maluerunt
1075 2358 1224 2396 scilicet
1247 2359 1441 2410 prosodiae
1463 2360 1568 2411 leges

113 2414 353 2466 aliquantu-m
372 2416 528 2465 violare,
548 2431 665 2469 quam
688 2433 710 2457 a
744 2421 933 2458 sermonis
954 2429 1095 2460 natura
1113 2428 1152 2460 et
1176 2424 1455 2473 pronuntiandi
1475 2438 1569 2463 con-

113 2479 318 2517 suetudine
339 2480 498 2519 nimium
517 2483 724 2527 recedere3
768 2498 854 2522 cum
877 2485 960 2524 istis
983 2486 1133 2537 legibus
1156 2488 1318 2538 obsequi
1351 2501 1428 2525 non
1457 2496 1571 2540 potu-

114 2542 227 2585 erint,
248 2542 323 2580 nisi
342 2545 485 2582 crebris
507 2547 667 2584 caesuris
694 2555 908 2594 uterentur,
930 2557 969 2587 et
989 2551 1190 2589 verborum
1217 2552 1401 2590 creticum
1430 2553 1569 2603 pedem

113 2605 432 2645 constituentium
453 2609 607 2647 ultimas
630 2610 800 2661 syllabas
822 2625 843 2650 a
862 2613 1051 2663 prioribus
1082 2615 1297 2666 saepissime
1329 2616 1568 2655 divellerent.

114 2669 202 2709 Hoc
223 2676 352 2708 autem
373 2684 450 2709 non
470 2672 588 2711 modo
609 2674 647 2711 in
669 2674 833 2725 singulis
855 2676 994 2723 verbis,
1015 2690 1102 2715 cum
1122 2678 1266 2716 cretico
1291 2691 1402 2729 pares
1423 2689 1567 2725 essent,

113 2731 261 2772 factum
278 2741 350 2781 est,
372 2735 441 2774 sed
463 2749 566 2789 saepe
585 2737 701 2776 etiam
722 2752 809 2778 cum
837 2739 925 2778 duae
946 2752 1060 2780 voces
1081 2741 1130 2779 ad
1152 2742 1291 2793 pedem
1311 2743 1429 2782 istum
1449 2744 1567 2782 effici--
