1903 3306
537 243 761 276 ΕυΝυοΗι
795 242 905 273 Aer.
939 241 992 271 11.
1023 241 1091 272 sc.
1126 241 1198 270 111.
1512 227 1598 269 439

153 341 440 384 Inhonestum
478 339 717 386 hominem,
757 348 885 390 quem
923 338 1148 376 mercatus
1189 336 1256 374 est
1286 332 1394 382 heri,
1432 344 1596 381 senem,

322 408 544 448 mulierem
560 404 579 444 ’Ἰ
1543 400 1601 439 65

153 474 240 515 PA.
271 474 422 515 Istunc
454 475 611 527 ipsum.
672 470 760 511 CH.
793 468 946 509 Homo
983 466 1203 521 quatietur
1224 467 1340 506 certe
1361 477 1459 505 oum
1481 464 1596 505 dono

328 541 464 582 foras.

155 607 243 649 Sed
263 609 392 649 istam
425 604 644 647 Thaidem
676 616 761 644 non
794 603 903 643 scivi
933 601 1062 642 nobis
1083 600 1284 641 vicinam.
1344 599 1433 639 PA.
1466 597 1603 639 Haud

328 675 405 715 diu
426 679 508 715 est.

158 741 246 782 CH.
277 741 421 782 Perii!
463 750 740 793 nunquamne
760 736 892 777 etiam
922 748 991 775 me
1028 734 1149 775 illam
1177 733 1371 774 vidisse?
1416 731 1605 773 ehodum

331 808 404 848 dic
424 807 558 858 mihi3

160 875 313 925 Estne,
333 879 385 915 ut
402 875 549 922 fertur,
570 872 741 913 forma?
804 870 890 911 ΡΑ.
922 869 1051 910 Sane.
1111 866 1200 908 CH.
1230 864 1292 907 At
1306 866 1414 907 nihil
1435 866 1490 907 ad
1507 879 1607 907 nos-

331 946 444 982 tram
464 941 590 982 hanc.
651 938 740 979 PA.
771 936 878 978 Alia
896 949 967 976 res
989 939 1070 975 est.

163 1007 251 1049 CH.
284 1006 484 1048 Obsecro
499 1006 657 1055 hercle,
676 1004 905 1053 Parmeno,
921 1002 993 1043 fac
1015 1006 1066 1042 ut
1081 1001 1242 1054 potiar.
1305 999 1392 1040 ΡΑ.
1427 998 1610 1039 Faciam

336 1074 504 1124 sedulo,
526 1086 579 1114 ac
1554 1066 1611 1106 70

165 1141 295 1182 Dabo
326 1153 522 1193 operam,
556 1138 812 1192 adjuvabo:
857 1134 1068 1188 numquid
1101 1146 1170 1175 me
1204 1132 1326 1174 aliud
1357 1132 1460 1173 vis'l
1521 1131 1610 1173 cn.

337 1206 442 1258 Quo
464 1219 576 1246 nunc
598 1205 669 1245 is'?
730 1203 819 1244 ΡΑ.
853 1203 1061 1250 Domum,

165 1275 230 1317 Ut
251 1275 468 1327 mancipia
480 1273 591 1323 haec,
604 1273 669 1314 ita
680 1276 731 1312 ut
745 1271 882 1325 jussit
902 1270 1052 1318 frater,
1070 1268 1286 1309 deducam
1306 1267 1362 1308 ad
1383 1266 1612 1308 Thaidem„

167 1408 346 1438 Eunuchus.
393 1407 461 1438 Cn.
476 1407 620 1445 Illumne,
636 1415 747 1445 quaeso,
758 1404 835 1435 dicis
850 1403 1013 1442 deformem
1028 1402 1188 1442 hominem,
1203 1400 1425 1442 effoeminatum
1438 1408 1525 1439 quem
1544 1398 1615 1429 emit

166 1450 245 1488 heri,
269 1460 382 1489 senem,
396 1450 572 1482 mulierem?
618 1448 682 1479 ΡΑ.
708 1448 803 1478 Hunc
827 1446 935 1486 ipsum.
983 1446 1051 1476 CH.
1074 1445 1193 1476 Ictibus
1219 1444 1304 1474 homo
1330 1446 1411 1474 certe
1438 1442 1618 1473 extrudetur

165 1502 235 1523 cum
248 1493 325 1523 dono
331 1493 441 1531 foras.-
464 1493 516 1522 sed
530 1492 627 1522 aalma
642 1490 786 1529 ignoravi
800 1489 894 1519 istam
912 1488 1060 1519 Thaidem
1081 1488 1114 1518 in
1130 1486 1244 1517 vicinia
1260 1485 1407 1517 habitare.
1455 1485 1518 1515 ΡΑ.
1544 1484 1580 1514 N
1580 1493 1617 1514 on

165 1535 221 1565 diu
236 1539 293 1575 est,
311 1546 351 1567 ex
374 1545 430 1575 quo
450 1534 580 1565 habitat.
627 1533 695 1564 CH.
723 1532 841 1562 Occidi.
889 1531 1095 1570 Nunquamne
1119 1530 1213 1561 etiam
1238 1539 1285 1559 me
1309 1528 1395 1558 illam
1414 1527 1559 1558 Thaidem
1573 1526 1619 1556 vi-

166 1577 249 1608 disse
261 1578 413 1618 oportuit?
436 1578 547 1615 Estne,
564 1579 596 1607 ut
612 1576 748 1615 tradunt,
753 1575 860 1613 forma
886 1577 949 1604 tam
971 1575 1096 1604 honesta
1118 1575 1149 1603 et
1171 1571 1326 1611 eleganti?
1370 1571 1436 1601 PA.
1455 1570 1546 1600 Certe
1561 1571 1617 1599 est.

169 1619 238 1651 Cn.
261 1620 307 1651 Αἰ
320 1620 400 1651 nihil
414 1623 471 1657 est,
486 1619 513 1650 si
535 1629 602 1649 cum
612 1621 719 1648 nostra
733 1619 932 1657 comparetur.
978 1616 1044 1646 ΡΑ.
1068 1615 1203 1646 Diversa
1217 1624 1267 1645 res
1282 1617 1339 1654 est,
1354 1616 1482 1652 utraque
1493 1612 1621 1652 pulchra

168 1665 227 1700 est,
240 1664 292 1693 sed
307 1663 438 1693 diversae
453 1664 525 1692 sunt
540 1662 713 1700 formarum
737 1660 859 1700 species.
905 1658 974 1690 Cn.
998 1658 1105 1689 Etiam
1119 1661 1209 1697 atque
1224 1656 1318 1688 etiam
1340 1660 1370 1687 te
1391 1665 1441 1685 oro
1453 1664 1509 1695 per
1525 1655 1622 1693 Deos,

170 1704 334 1744 Parmeno,
339 1705 396 1743 few
412 1709 445 1736 ut
459 1714 493 1736 ea
500 1703 605 1742 fluar.
651 1703 717 1734 ΡΑ.
744 1702 884 1733 Conabor
904 1701 986 1732 omni
1008 1700 1121 1738 stadio,
1143 1699 1281 1731 omnibus
1307 1697 1427 1730 viribus
1442 1697 1499 1727 tibi
1512 1697 1621 1727 adero:

169 1748 315 1788 numquid
330 1748 413 1779 aliud
427 1758 474 1778 me
488 1747 671 1785 vissae-ere?
716 1746 784 1777 Cn.
811 1745 879 1780 Quo
900 1754 981 1775 nunc
995 1742 1051 1775 is?
1095 1743 1160 1773 ΡΑ.
1185 1742 1320 1773 Domum
1341 1751 1387 1779 eo,
1414 1744 1449 1770 ut
1471 1739 1621 1779 mancipia

170 1788 247 1830 Itaec,
265 1791 444 1822 Eunuchum
469 1793 500 1821 et
520 1789 756 1829 AEthiopissm,
779 1787 925 1818 deducam
945 1787 985 1817 ad
1003 1785 1162 1826 Thaidem,
1189 1785 1235 1816 ita
1255 1788 1291 1815 ut
1317 1788 1388 1815 tuus
1401 1783 1507 1821 frater
1514 1781 1620 1821 jussit.

781 1894 799 1904 ο
803 1894 818 1905 e
822 1894 913 1905 eroco
919 1893 1013 1905 eaeoeo

173 1967 371 1998 collocatur.
400 1965 542 2006 Antiqui
557 1964 645 1995 enim
662 1964 737 1995 libri
751 1969 786 1995 et
797 1964 955 1995 Donatus
968 1963 1071 1994 verbo
1086 1963 1308 2002 praeponunt;
1326 1968 1442 1990 omnes
1460 1959 1517 1989 alii
1533 1964 1625 1999 post-

174 2009 318 2050 ponunt.
341 2009 414 2048 Ego
430 2008 640 2038 subdititium
658 2007 817 2038 arbitror.
830 2007 890 2037 Fa.
915 2007 1044 2036 Omnes
1062 2006 1167 2035 nostri
1181 2004 1258 2034 Tum
1272 2002 1372 2041 magis
1384 2002 1417 2032 id
1429 2002 1524 2032 dicas.
1551 2001 1624 2032 Nee

175 2061 250 2083 cum
268 2051 328 2082 Fa.
355 2050 526 2081 accedam.
566 2051 636 2088 Ego
652 2054 769 2079 contra
785 2049 863 2080 Tum
880 2048 1086 2079 subditivum
1104 2047 1273 2077 existimo.
1303 2044 1399 2074 Bent.
1439 2043 1515 2074 Tum
1532 2043 1624 2074 delet

176 2094 277 2125 Both.
296 2093 452 2128 Quidnam
468 2091 582 2123 Guelf.
599 2094 716 2122 3.-65
736 2091 830 2122 Here.
856 2091 898 2121 Ο.
915 2092 933 2121 Ι.
954 2101 980 2120 s.
1003 2090 1082 2120 heri.
1107 2090 1164 2119 Fa.
1211 2089 1255 2118 Et
1272 2086 1378 2116 nostri
1395 2095 1529 2126 quoque
1547 2085 1625 2116 heri.

174 2137 271 2167 Pace
284 2134 410 2165 Donati
421 2144 487 2165 non
505 2134 754 2173 subdistingue,
764 2133 822 2163 sed
834 2133 1011 2172 conjungo,
1022 2141 1121 2162 senem
1135 2130 1301 2161 mulierem.
1317 2129 1420 2159 Bent.
1445 2128 1627 2168 Conjungit

175 2178 237 2209 ΒΥ.
251 2177 378 2209 Senium
390 2177 546 2208 mulierem
558 2177 660 2207 Both.
696 2176 807 2207 Senem
823 2179 853 2206 et
866 2175 1025 2205 mulierem
1039 2172 1156 2205 Guelf.
1174 2176 1205 2203 1.
1220 2175 1253 2203 2.
1269 2174 1387 2203 3.-68
1400 2171 1439 2202 C.
1452 2170 1481 2200 Ι.
1494 2170 1627 2210 [forsan

175 2220 285 2251 codex
301 2219 475 2259 Jenensis]
487 2229 579 2259 nimq.
596 2219 690 2250 etiam
699 2218 834 2249 memini.
850 2216 1113 2248 Peri.—69Alia
1127 2224 1177 2246 res
1188 2219 1244 2245 est.
1268 2214 1363 2245 Bem.
1377 2222 1442 2243 non
1455 2213 1557 2243 habet
1571 2216 1627 2244 est.

176 2264 236 2294 Fa.
254 2262 312 2304 qui
327 2262 360 2292 id
377 2262 450 2292 vuit
466 2262 595 2292 abesse.
640 2261 769 2292 Delent
786 2260 823 2290 Z.
839 2260 942 2290 Bent.
956 2259 1037 2299 Bip.
1053 2258 1156 2288 Both.
1174 2257 1354 2288 Perl.-—70
1379 2256 1484 2294 Lego,
1499 2255 1627 2286 Faciam

176 2306 291 2340 sedulo,
314 2304 405 2335 Dabo
428 2314 565 2344 operam,
590 2303 746 2341 adiutabo.
771 2303 873 2333 Bent.
919 2304 966 2333 Ac
990 2301 1104 2331 delent
1128 2300 1204 2339 Bip.
1228 2299 1327 2329 Both.
1372 2298 1529 2336 Adjutaho
1545 2298 1630 2328 dant

177 2348 281 2379 Both.
308 2347 488 2378 Fert—71
516 2347 676 2386 Numquid
699 2355 745 2376 me
771 2345 857 2375 aliud
883 2341 953 2375 vis?
999 2344 1055 2374 lta
1071 2353 1112 2374 ex
1129 2343 1212 2373 Mss.
1230 2340 1431 2382 quibusdam
1447 2340 1629 2370 ediderunt

177 2390 274 2421 Junt.
289 2389 492 2430 Stephanus,
509 2389 576 2420 alii.
621 2389 708 2420 Sunt
735 2393 847 2418 autem
874 2391 909 2417 et
936 2385 1028 2416 Libri
1053 2385 1170 2425 scripti
1199 2389 1234 2414 et
1255 2383 1352 2422 editi,
1379 2383 1576 2414 omittentes
1592 2383 1630 2412 τὸ

178 2434 238 2464 vis.
283 2432 355 2462 Hos
382 2431 441 2462 Fa.
469 2431 632 2471 sequitur.
675 2430 889 2469 Videturque
917 2427 1056 2468 ἔλλειψις
1081 2434 1163 2467 apta
1191 2425 1381 2457 festinanti.
1438 2425 1506 2456 Ms.
1536 2424 1629 2465 Lips.

178 2474 233 2515 [et
249 2473 366 2506 Guelf.
382 2474 430 2513 2.]
456 2474 526 2505 Cn.
552 2473 635 2508 Quid
649 2483 729 2503 nuuc
745 2472 772 2503 is
788 2470 934 2503 domum?
958 2471 1063 2502 West.
1113 2470 1167 2501 Vis
1182 2478 1248 2499 non
1265 2469 1362 2499 estin
1379 2467 1534 2498 Bembini
1550 2476 1631 2498 con-

182 2523 293 2555 textu,
309 2516 422 2547 necin
440 2516 515 2546 aliis
531 2515 700 2556 antiquis:
725 2516 840 2555 itaque
856 2514 1057 2545 delevimus.
1081 2512 1138 2543 Fa.
1183 2512 1262 2542 Duo
1285 2515 1415 2541 tantum
1441 2519 1484 2540 ex
1507 2510 1632 2541 nostris

180 2559 228 2590 vis
244 2559 382 2589 habent.
407 2558 503 2589 Brut.
550 2559 737 2588 Festinanti
762 2556 874 2596 aptior
897 2561 948 2587 est
970 2555 1109 2595 enipsis.
1152 2554 1209 2584 Sic
1226 2559 1262 2584 et
1277 2553 1396 2583 melius
1411 2553 1580 2583 omittitur
1595 2562 1631 2582 ac

183 2606 260 2632 aute
283 2602 292 2618 ‘
312 2600 412 2631 Dabo
428 2600 591 2641 operam!
607 2600 682 2640 Bip.
728 2600 779 2630 Ex
797 2600 897 2630 litura
914 2604 990 2639 post
1004 2600 1013 2614 ‘
1027 2595 1218 2637 Numquid'
1235 2595 1416 2626 verisimile
1430 2594 1469 2625 fit
1483 2605 1502 2625 a
1519 2604 1569 2635 pr.
1588 2604 1630 2624 ni.

182 2645 216 2675 in
234 2648 396 2675 contextu
413 2643 461 2673 ris
477 2641 624 2674 affuisse.
648 2643 767 2673 Bruns.
813 2642 942 2672 Delent
970 2640 1010 2672 Z.
1036 2641 1140 2670 Bent.
1164 2639 1243 2677 Bip.
1268 2638 1371 2669 Both.
1396 2637 1487 2668 Peri.
1532 2636 1631 2667 Num—

183 2687 258 2726 quid
272 2686 320 2716 vis
336 2684 452 2716 Guelf.
469 2688 501 2717 1.
527 2690 562 2715 et
587 2685 743 2725 Numquid
760 2693 807 2714 me
821 2684 867 2714 vis
882 2687 913 2715 3.
941 2683 1055 2722 legere
1083 2685 1182 2712 notat
1206 2681 1384 2712 Peri—72
1408 2680 1503 2710 Bem.
1522 2684 1556 2709 et
1573 2679 1633 2709 aii-

183 2733 267 2768 quot
283 2728 337 2758 aiii
353 2737 394 2758 ex
412 2728 559 2768 antiquis
573 2727 698 2758 habent
709 2728 836 2760 ducam.-
853 2724 940 2766 quod
959 2726 1087 2766 probo:
1106 2728 1141 2756 et
1158 2732 1274 2755 versus
1288 2723 1470 2759 constabit,
1486 2722 1513 2752 si
1530 2722 1582 2751 vel
1600 2721 1633 2750 iu

184 2771 231 2801 ita
242 2774 355 2801 utnon
368 2769 473 2802 facias
483 2769 733 2811 synaloepham:
753 2769 804 2800 vel
819 2769 912 2809 legas
928 2769 973 2800 ica
987 2768 1045 2800 uti.
1062 2768 1120 2798 Fa.
1147 2766 1198 2798 Ita
1213 2770 1246 2797 ut
1258 2766 1290 2796 in
1304 2765 1424 2796 uostris
1436 2771 1500 2795 est.
1527 2764 1632 2795 Recte
