1945 3296
322 221 380 263 62
878 232 940 261 DE
972 230 1226 261 THEATRO.

323 328 468 365 tinctae.
528 326 681 378 Quippe
703 327 873 372 Servius,
895 326 1108 363 Varronem
1135 329 1308 370 secutus,
1340 322 1439 361 duas
1459 323 1625 373 impares
1645 334 1779 360 caver-

324 404 395 428 nas
415 390 685 442 hujuscemodi
707 391 805 428 tibiis
837 389 956 427 fuisse
977 394 1155 433 testatur,
1177 400 1221 424 ac
1237 386 1428 424 foramina
1445 385 1621 424 totidem.
1667 385 1780 424 Unde

325 454 509 505 Virgilius
530 467 662 493 earum
681 454 841 492 biforem
864 459 1022 490 cantum
1054 451 1240 503 appellat,
1274 456 1479 501 propterea
1505 449 1614 500 quod'
1641 461 1781 499 graves

324 525 363 557 et
395 526 531 556 acutas
565 518 785 555 emitterent
817 529 885 566 pro
920 515 1088 553 tibicinis
1122 513 1278 551 arbitrio
1310 513 1587 551 voculationes.
1635 512 1780 551 Alterae

326 588 418 619 sunt
438 583 627 627 Serranae,
649 581 704 618 sic
739 580 932 629 (arbitror)
962 577 1184 629 appellatae,
1219 576 1403 627 quoniam
1436 576 1483 614 iis
1514 576 1722 616 saltatores
1743 585 1783 615 et

325 645 494 695 proferre
529 651 567 682 et
596 645 736 682 referre
767 643 908 694 pedem
942 641 1129 680 continuo
1158 641 1402 692 juberentur,
1421 653 1500 679 non
1520 653 1634 679 secus
1665 647 1783 691 atque

327 717 514 754 sectores,
535 708 601 759 qui
623 720 727 745 serra
747 707 889 744 adacta
908 706 1039 756 partiri
1061 705 1169 756 ligna
1188 712 1391 744 conantur.
1449 704 1649 755 Siquidem
1665 703 1783 741 Pom-

326 773 435 823 peius
465 772 519 809 ait
539 784 680 809 serram
701 770 740 808 id
761 769 937 821 praelium
958 769 1034 806 dici
1055 782 1131 821 quo
1152 769 1370 819 frequenter
1390 768 1492 805 acies
1525 774 1564 805 et
1597 766 1784 806 accedere

328 843 366 873 et
385 835 566 873 recedere
588 835 743 872 soleret.
802 834 876 872 Hae
899 847 1050 884 semper
1067 840 1179 871 erant
1200 832 1381 879 sinistrae,
1416 844 1622 883 paresque,
1651 831 1691 868 id
1711 838 1784 877 est,

328 900 499 950 aequales
520 899 721 937 cavernis:
762 898 1000 949 proindeque
1034 910 1165 948 parem
1186 902 1433 941 concentum,
1454 900 1612 932 acutum
1638 894 1786 933 scilicet

329 963 567 1008 emittebant,
588 961 918 1012 quemadmodum
945 961 1100 999 Servius
1134 960 1240 998 haud
1268 959 1448 1011 perplexe
1479 957 1666 1008 scriptum
1695 957 1785 995 reli-

329 1026 425 1077 quit.
482 1025 760 1064 Verumtamen
784 1025 994 1062 Diomedes
1025 1023 1139 1062 tibias
1160 1037 1273 1075 pares
1295 1030 1334 1060 et
1354 1023 1520 1071 impares
1539 1019 1695 1058 videtur
1713 1032 1786 1056 nu-

328 1101 434 1128 mero
455 1088 638 1127 definire:
668 1089 772 1140 quod
794 1088 976 1140 equidem
1007 1101 1086 1126 non
1106 1088 1218 1125 video
1240 1100 1308 1124 cur
1342 1085 1469 1138 possit
1488 1083 1664 1121 admitti:
1694 1095 1786 1120 nam

329 1166 398 1204 par
428 1159 468 1190 et
496 1154 617 1204 impar
647 1153 835 1203 qualitate
866 1153 944 1190 fere
967 1164 1115 1202 semper
1137 1151 1323 1202 accipitur
1344 1163 1367 1188 a
1388 1147 1550 1187 Latinis.
1595 1145 1785 1196 Exemplo

331 1217 382 1254 sit
399 1216 475 1255 hoc
496 1216 732 1255 Ovidianum
750 1229 758 1254 :

758 1313 834 1350 Par
854 1320 936 1350 erat
954 1312 1108 1350 inferior
1127 1325 1276 1351 versus.

334 1378 383 1417 Et
401 1377 495 1415 illud
515 1377 767 1429 Virgilianurn
786 1390 795 1415 ε

759 1441 987 1479 Formosum
1009 1442 1164 1493 paribus
1186 1440 1314 1480 nodis.

334 1506 392 1544 Ac
412 1504 533 1543 illud:

758 1567 886 1618 Impar
904 1580 1138 1618 congressus
1159 1566 1316 1605 Achilli.

337 1664 415 1703 Sed
434 1676 511 1714 quo
532 1661 689 1700 tandem
713 1676 797 1700 sum
832 1662 1024 1701 incuriose
1056 1661 1287 1713 digressus?
1317 1662 1453 1713 Egone
1484 1670 1528 1700 ut
1555 1674 1700 1713 magna
1719 1675 1790 1700 no-

335 1729 439 1766 mina
459 1726 712 1778 sugillarem?
756 1726 933 1773 Minime,
966 1727 998 1764 si
1019 1740 1146 1764 meum
1167 1726 1258 1764 mihi
1281 1726 1371 1764 vitae
1399 1727 1618 1778 institutum
1639 1739 1795 1777 perma-

336 1792 454 1829 nebit.
513 1790 706 1833 Quocirca
726 1804 774 1828 ne
796 1791 908 1828 nobis
934 1791 1079 1841 aliquid
1103 1790 1305 1841 Eupolidis
1324 1790 1535 1829 infortunio
1555 1790 1678 1829 simile
1697 1803 1791 1828 con-

336 1856 476 1906 tingat,
496 1855 668 1906 perfecto
681 1854 763 1905 jam
783 1855 889 1905 operi
905 1854 1190 1906 paragraphum
1211 1854 1334 1906 stylus
1355 1853 1538 1892 obducat.

340 2114 413 2152 DE
454 2113 801 2160 FABULARUM‚
846 2112 1132 2158 LUDORUM,
1172 2110 1567 2157 THEATRORUM,
1597 2110 1792 2149 SCENA-

385 2179 516 2225 RUM,
545 2179 614 2216 AC
646 2177 1004 2215 SCENICORUM
1034 2175 1278 2219 ANTIQUA
1306 2175 1747 2222 CONSUETUDINE,

929 2240 1204 2283 LIBELLUS;

346 2326 408 2363 Ex
427 2325 584 2376 optimis
604 2326 828 2364 auctoribus
849 2325 1043 2371 collectus,
1063 2324 1116 2362 ad
1141 2324 1485 2374 Comicosfacih'us
1505 2324 1793 2376 intelligendos,

469 2390 671 2440 praecipue
691 2390 932 2439 conscriptus
952 2389 994 2426 in
1012 2389 1187 2441 gratiam
1209 2387 1402 2427 Studiosae
1420 2387 1660 2427 Juventutis.

344 2485 573 2526 NUNQUAM
602 2483 903 2523 existimandum
931 2492 992 2524 est
1017 2486 1200 2536 cuiquam
1229 2485 1393 2536 posthac
1420 2485 1644 2524 familiarem
1675 2485 1793 2524 Plau-

344 2557 425 2587 tum
446 2555 513 2586 aut
541 2549 763 2586 Terentium
793 2550 986 2594 futurum3
1030 2562 1241 2600 eorumque
1269 2549 1443 2587 intimum
1472 2549 1688 2596 artificium,
1710 2562 1795 2588 ora-

345 2612 462 2650 tionis
501 2612 777 2659 characterem,
819 2620 935 2663 atque
973 2619 1229 2659 venustatem,
1259 2612 1409 2663 aliaque
1446 2612 1486 2650 id
1526 2626 1648 2663 genus
1683 2614 1796 2664 plura

347 2687 566 2726 quenquam
587 2676 702 2726 plane
738 2683 1016 2722 assecuturum,
1046 2676 1120 2713 nisi
1147 2675 1335 2713 comicam
1364 2688 1516 2713 omnem
1551 2676 1794 2727 dignitatem,

347 2752 505 2787 morem,
536 2746 575 2779 et
605 2739 747 2791 agendi
766 2740 1102 2785 consuetudinem,
1133 2753 1221 2792 quae
1253 2740 1301 2778 ab
1322 2739 1490 2789 antiquis
1510 2739 1549 2777 in
1572 2740 1728 2778 Fabulis
1749 2753 1794 2779 ac
