1903 3306
439 245 501 275 DE
535 244 731 274 commis
767 242 1178 274 DIMENSIONIBUS.
1433 234 1516 275 155

73 345 209 392 paesto,
230 339 380 377 duobus
402 337 582 389 dactylis,
611 345 650 375 et
682 344 877 388 postremo
898 337 1040 374 iambo.
1097 337 1153 373 Ibi
1173 342 1315 374 temere
1335 339 1516 376 transfert

73 404 261 456 syllabam
296 401 485 439 inferioris
519 401 558 438 in
590 401 850 451 superiorem:
899 407 1035 438 contra
1069 399 1202 436 debuit
1235 401 1441 438 transferre
1476 402 1514 438 in

72 468 240 517 Hecyra,
273 477 397 516 neque
429 464 647 501 transtulit:
692 464 815 507 ‘Quae
847 463 933 500 dico
964 463 1273 514 parvipendent:
1311 477 1423 514 porro
1443 464 1516 502 hoc

64 530 235 582 jurgium
274 529 324 566 ad
363 529 543 573 Uxorem,
593 527 677 565 haec
723 528 833 578 cujus
866 528 963 565 fiunt
995 526 1157 565 consilio
1194 527 1323 565 omnia
1338 527 1359 564 :⁹
1417 528 1518 565 sicut

72 593 376 644 interjectionem
397 604 552 642 quoque
583 591 716 629 debuit
750 592 940 629 ascribere
961 591 1074 642 priori
1096 591 1220 629 versui
1254 591 1289 627 in
1313 591 1518 642 Adelphis,

73 665 117 696 ut
136 658 191 695 sic
210 658 423 705 legeretur:
468 661 477 677 ‘
496 656 606 706 Syre,
631 662 912 705 praeceptorum
942 654 1080 705 plenus
1112 654 1271 691 istorum
1304 654 1395 692 ille:
1424 655 1516 706 phy,

73 722 188 760 Domi
224 721 359 758 habuit
391 719 495 757 unde
525 719 714 757 disceret:
763 719 806 755 fit
841 717 1005 755 sedulo!
1062 717 1314 755 Restituisset
1342 718 1456 755 etiam
1479 721 1516 756 in

74 785 240 836 Hecyrae
261 796 372 821 versu
392 784 564 828 verbum,
584 789 627 819 ut
646 781 696 819 sit
716 781 971 832 septenarius,
991 793 1036 818 ac
1053 794 1122 831 par
1142 781 1279 831 priori:
1311 782 1387 819 sic:
1420 786 1428 803 ‘
1446 783 1518 821 Te-

73 862 160 888 cum
181 849 373 886 serantur:
405 846 506 884 dixi:
539 846 592 883 ita
612 845 782 896 utjubes
800 845 952 891 faciam,
973 845 1108 896 pater.’
1165 845 1252 882 Non
1273 845 1389 883 debet
1406 848 1519 885 errati

74 913 221 952 censeri
249 912 337 950 loco
366 910 462 948 illud
495 910 533 947 in
567 909 716 947 Andria
748 923 793 954 eo
823 922 962 947 versu:
1007 915 1015 930 ‘
1034 909 1091 947 Tu
1123 923 1200 947 rem
1222 909 1460 960 impeditam,
1480 919 1519 949 et

72 975 262 1028 perditam
295 973 508 1012 restituas?
551 972 639 1011 hem
673 985 751 1023 quo
785 973 905 1011 fretus
939 972 1038 1011 sim!
1113 974 1157 1010 In
1191 986 1269 1024 quo
1289 973 1395 1019 dicit,
1415 974 1518 1021 hem,

75 1046 184 1078 extra
202 1051 354 1076 versum
391 1038 438 1074 ab
466 1037 541 1074 alio
576 1036 751 1074 additum
785 1037 940 1087 potius:
983 1049 1098 1088 quam
1125 1037 1290 1088 positum
1317 1051 1339 1075 a
1370 1037 1518 1076 Poeta:

74 1115 163 1142 cum
183 1110 310 1141 tamen
331 1099 467 1138 mutila
494 1101 542 1137 sit
562 1100 643 1137 sine
672 1113 718 1137 eo
739 1100 957 1137 sententia:
991 1107 1029 1137 et
1059 1100 1212 1138 sibilum
1232 1100 1324 1139 elidi
1343 1100 1520 1140 videmus

74 1166 189 1206 etlam
210 1166 246 1203 in
283 1165 412 1203 multis
444 1165 553 1202 locis.
612 1163 675 1201 Sic
696 1163 882 1201 audacter
916 1163 1028 1201 nimis
1057 1163 1180 1202 aufert
1198 1165 1371 1211 verbum,
1391 1166 1520 1216 cupio,

74 1244 121 1269 ex
142 1230 207 1268 illo
239 1228 444 1267 Eunuchi:
486 1233 496 1249 ⁴
514 1227 639 1278 Cupio
673 1227 824 1277 aliquos
852 1239 986 1278 parare
1015 1227 1159 1265 amicos
1189 1228 1376 1265 beneficio
1408 1229 1523 1268 meo.y

75 1295 174 1332 Cum
195 1302 324 1332 tamen
345 1292 583 1331 commodius
604 1292 786 1330 eximeret
806 1303 940 1329 vocem
960 1299 1199 1342 sequentem,
1234 1293 1317 1329 sine
1337 1293 1414 1330 ullo
1435 1306 1520 1331 car-

75 1358 189 1396 minis
208 1358 451 1403 detrimento,
472 1357 586 1395 etiam
608 1356 802 1394 sententia
830 1356 1064 1393 rotundiore.
1121 1355 1198 1394 Sed
1225 1363 1291 1394 aut
1319 1357 1369 1394 sit
1387 1370 1523 1408 proce-

75 1422 325 1461 leusmaticus
359 1421 503 1472 primus
535 1433 618 1472 pes,
650 1426 687 1458 et
716 1420 812 1458 alter
848 1420 1158 1471 amphimacrus:
1204 1428 1270 1459 aut
1308 1435 1520 1472 pronomen

75 1486 366 1538 possessivum:
396 1485 500 1535 quod
534 1492 729 1535 postremo
764 1484 802 1522 in
839 1484 925 1523 loco
957 1491 1030 1531 est,
1058 1485 1283 1523 demittatur
1310 1486 1347 1523 in
1369 1499 1521 1524 versum

77 1549 240 1588 alterum
261 1550 577 1600 subsequentem,
597 1548 663 1598 qui
682 1547 933 1585 nihilominus
964 1548 1014 1586 sit
1033 1549 1206 1586 senarius
1223 1563 1230 1586 :
1261 1550 1315 1587 sic
1334 1563 1342 1587 ε
1375 1554 1383 1571 ‘
1402 1550 1492 1587 Meo
1511 1563 1521 1587 ε

75 1612 114 1650 id
134 1613 284 1658 amabo,
320 1612 454 1663 adjuta
473 1624 546 1656 me,
569 1624 645 1662 quo
679 1610 718 1648 id
739 1611 807 1648 fiat
824 1611 1005 1650 facilius.'
1060 1612 1175 1659 Nam,
1197 1612 1361 1659 facilius,
1383 1613 1519 1651 eodem

76 1675 192 1714 modo
225 1675 468 1727 trisyllabum
502 1682 573 1721 est,
611 1687 703 1725 quo,
733 1675 877 1725 potius,
912 1674 1162 1726 bisyllabum.
1231 1676 1361 1728 Eligat
1393 1684 1522 1715 autem

74 1740 210 1785 lector,
229 1739 335 1790 quod
354 1739 476 1789 magis
497 1738 570 1776 erit
603 1751 650 1775 ex
685 1737 800 1775 animi
829 1738 1040 1776 sententia:
1072 1739 1386 1790 quandoquidem
1407 1739 1523 1778 etiam

77 1803 182 1854 apud
202 1803 434 1848 Lucretium,
456 1802 574 1849 aliud,
594 1802 648 1840 ita
676 1801 909 1853 bisyllabum
938 1801 1141 1853 accipitur,
1170 1810 1212 1841 ut
1232 1803 1359 1841 cauda
1378 1803 1523 1854 dactyli

78 1867 140 1905 sit.
183 1867 353 1918 Iniquior
373 1866 446 1904 fuit
476 1866 531 1904 illi
559 1867 686 1904 versui
719 1879 765 1903 ex
787 1866 955 1918 Hecyra,
977 1879 1023 1904 ex
1044 1879 1136 1917 quo,
1168 1866 1275 1912 dum,
1295 1867 1523 1918 particulam

78 1929 308 1981 expletivam
328 1929 491 1967 exemit:
526 1929 590 1980 qui
623 1936 755 1967 tamen
776 1943 864 1967 cum
893 1930 1158 1981 sequentibus,
1191 1943 1356 1981 cumque
1378 1943 1525 1981 praece-

78 1993 257 2032 dentibus
278 1993 497 2031 octonarius
517 1993 593 2031 sit:
635 1993 778 2031 ‘Mane
800 1992 891 2030 dum
913 1993 1052 2031 sodes:
1083 1993 1213 2039 timeo,
1242 2007 1290 2030 ne
1321 1994 1425 2031 aliud
1442 2007 1525 2031 cre-

79 2057 183 2104 dam,
204 2065 319 2108 atque
339 2057 446 2095 aliud
466 2058 648 2096 nunties.'
691 2057 776 2095 Hoc
797 2057 847 2094 ibi
868 2070 955 2094 cum
976 2057 1125 2102 adimit,
1144 2058 1198 2095 ita
1217 2057 1307 2095 alibi
1323 2070 1434 2108 aeque
1454 2058 1525 2095 im·

78 2128 242 2173 portune
264 2121 375 2159 addit
394 2122 443 2160 de
464 2135 559 2160 suo:
589 2129 632 2159 ut
652 2122 701 2159 ad
722 2135 808 2159 eum
829 2134 982 2159 versum
1010 2135 1057 2159 ex
1078 2121 1293 2160 Eunucho:
1325 2126 1334 2143 ‘
1350 2122 1425 2159 Par
1443 2123 1525 2172 pari

78 2185 232 2232 referto,
265 2185 369 2236 quod
402 2198 485 2223 eam
520 2184 724 2223 mordeat.'
779 2184 901 2222 Modo
933 2185 1056 2230 addit,
1092 2198 1220 2228 nunc;
1252 2185 1380 2231 modo,
1410 2198 1525 2228 mox;

78 2249 210 2293 modo,
231 2249 308 2291 sic;
338 2248 454 2286 modo
475 2248 606 2286 nescio
627 2247 734 2299 quid.
792 2248 876 2298 Ego
896 2261 986 2286 vero
1008 2248 1102 2285 nihil
1131 2249 1414 2287 immutandum
1434 2262 1525 2287 cen-

80 2324 148 2351 seo
167 2311 216 2349 de
245 2311 408 2349 consilio
441 2311 598 2349 Po'etae:
628 2312 693 2362 qui
725 2311 916 2362 integrum
945 2313 1203 2363 proverbium,
1234 2313 1334 2350 sicut
1363 2313 1527 2351 circum-

79 2375 283 2420 ferebatur,
313 2374 366 2412 ita
396 2375 616 2413 interseruit
647 2374 842 2412 trochaico
867 2381 993 2413 tractu
1014 2388 1023 2412 :
1052 2389 1170 2426 quare
1190 2376 1376 2415 audacius
1397 2377 1526 2424 etiam,

79 2439 309 2486 remordeat,
350 2441 594 2490 suppositum
627 2446 700 2476 est.
771 2437 886 2483 Nam,
915 2437 947 2475 si
980 2438 1073 2488 quid
1094 2438 1246 2485 addas,
1282 2453 1413 2478 versus
1448 2454 1526 2479 non

79 2510 257 2541 constet:
288 2503 320 2541 si
351 2503 443 2540 nihil
476 2502 614 2548 addas,
644 2502 694 2539 ad
728 2501 1041 2539 concinnandum
1071 2503 1310 2541 trochaicum
1342 2504 1434 2542 nihil
1467 2513 1528 2543 est

81 2578 192 2618 opus.
250 2567 300 2604 Et
319 2579 394 2604 non
417 2566 540 2604 solum
560 2566 634 2604 hoc
656 2567 832 2616 exemplo
853 2567 892 2603 in
921 2567 1099 2604 omnibus
1133 2567 1274 2618 legitur
1301 2569 1528 2619 exemplari-

80 2629 167 2675 bus,
197 2629 266 2667 sed
298 2629 413 2667 etiam
448 2630 583 2668 eadem
614 2629 689 2668 fide
718 2630 920 2667 recitatum
952 2643 975 2667 a
1005 2630 1192 2668 Cicerone
1222 2632 1260 2668 in
1292 2632 1456 2682 epistola
1476 2632 1526 2669 ad

81 2691 299 2729 Lentulum.
352 2693 507 2741 >Verum
542 2693 719 2743 apposuit
749 2692 829 2742 pari
866 2692 1031 2731 audacia
1066 2693 1302 2740 adverbium,
1338 2708 1454 2740 nunc,
1490 2696 1525 2733 ei

80 2756 228 2794 versui:
251 2757 357 2794 ‘Alio
376 2765 489 2808 pacto
510 2757 672 2795 honeste
688 2770 764 2809 quo
782 2757 897 2795 modo
913 2757 1003 2796 hinc
1020 2759 1167 2805 abeam,
1186 2759 1345 2797 nesciol'
1386 2759 1522 2809 Neque
