1903 3306
578 212 640 241 DE
677 208 864 238 METRis
898 208 1113 237 comicis.
1491 199 1575 238 215

160 306 497 350 Reppe-ristiztibi
513 304 601 347 quod
615 323 628 330 -
641 305 810 346 placeam,
827 312 869 334 an
887 301 1225 333 nondum-etiamz?
1258 300 1320 331 Sic.
1347 301 1398 330 De
1418 299 1576 332 fal-lacia.

204 363 333 394 Heaut.
349 370 407 392 111.
420 363 452 392 3.
468 362 520 390 35.
565 360 633 390 Et:

157 417 211 448 Tu
238 415 396 446 for-tasse
408 422 450 446 Ξ
465 411 546 454 quid
569 421 622 443 me
638 429 648 434 -
665 410 724 442 fiat
738 411 770 452 ΙΙ,
796 409 891 451 parvi
906 428 916 434 -
931 406 1190 450 pendis-:dnm
1216 406 1267 437 ἵΙΙί
1281 425 1291 431 -
1305 408 1472 438 consulas.
1520 417 1572 438 xv.

202 472 235 501 3.
253 471 304 499 37.

273 528 434 568 Iambici
453 527 665 567 tetrametri
684 525 1028 578 hypercatalectici
1048 524 1088 562 hi
1111 533 1224 567 sunt;

156 593 242 636 Ego'
256 593 299 625 de
318 602 372 625 me
384 610 397 616 -
409 591 549 625 facio:
561 592 805 633 conjec-turam
820 590 941 632 {1nem0
967 594 1018 621 est
1033 607 1044 612 -
1056 594 1190 620 meorum
1215 588 1425 621 azmicorum
1439 606 1449 613 ·
1462 588 1574 620 hodie.

203 647 335 678 Heaut.
352 655 408 679 111.
423 649 456 677 3.
473 648 526 678 13.

158 699 261 733 Qnin'
278 699 360 731 mihi
385 700 565 731 mo-lestum
581 702 695 731 estz.
743 698 803 730 Cr..
833 697 956 737 Pergis
970 715 982 721 -
994 696 1109 728 hercle
1122 697 1144 737 Η.
1189 696 1250 727 ΞΥ.
1276 695 1403 727 Verum
1417 713 1429 720 -
1444 694 1519 727 dico
1533 704 1574 727 z

203 753 294 793 quod
311 752 458 784 videtur.
502 756 557 785 21.

159 804 235 838 Cui'
257 811 384 847 quanto
395 824 408 829 -
419 805 587 839 fuerat:
599 809 730 848 praesta
743 824 754 831 -
767 805 866 837 bilius
879 806 904 847 11,
927 804 1037 836 ubivis
1050 822 1060 829 ·
1075 804 1210 845 gentium
1229 811 1270 835 z
1292 806 1386 842 agere
1411 806 1573 833 ae-tatem.

203 859 295 891 Hec.
309 869 367 891 111.
382 862 454 892 1.4.

117 912 185 950 Sin
205 912 278 950 hos
303 912 678 963 hypercatalecticos
715 911 893 949 conferas
926 924 1014 948 cum
1047 910 1247 961 utriusque
1282 909 1434 959 generis
1466 914 1574 945 cata-

114 975 283 1022 lecticis,
298 976 444 1027 priores
466 982 559 1013 sunt
578 975 775 1012 trochaico
792 973 1021 1012 catalectico
1042 986 1121 1010 uno
1142 972 1240 1023 pede
1262 972 1469 1016 auctiores,
1483 983 1575 1022 pose

113 1039 274 1078 teriores
291 1046 418 1077 autem
439 1039 648 1078 iambicum
667 1038 936 1077 catalecticum
957 1051 1036 1076 uno
1056 1036 1156 1088 pede
1176 1035 1393 1074 excedunt:
1425 1034 1495 1072 sed
1525 1034 1574 1071 de

113 1103 175 1141 his
209 1103 319 1150 satis,
351 1115 517 1154 quorum
547 1115 642 1140 usus
663 1109 743 1140 tam
775 1101 999 1152 infrequens
1020 1099 1105 1147 est,¹
1127 1107 1170 1138 ut
1191 1100 1390 1150 utriusque
1423 1099 1574 1150 generis

112 1166 154 1204 in
171 1173 254 1204 toto
273 1167 455 1205 Terentio
475 1166 539 1204 vix
554 1165 781 1217 plusdecem
801 1166 890 1204 sint.

158 1230 286 1280 ,Quod
306 1231 356 1269 ad
375 1232 514 1270 horum
537 1244 629 1270 vero
651 1231 910 1281 bisegmenta,
932 1229 1064 1268 neseio
1085 1241 1134 1266 an
1157 1227 1341 1266 trochaici
1373 1234 1401 1264 t.
1424 1227 1461 1264 h.
1484 1239 1575 1278 pos—

113 1294 252 1333 teriore
272 1308 367 1333 usus
389 1296 440 1333 sit
459 1296 558 1334 Hec.
574 1308 629 1333 1v.
653 1296 687 1333 1.
704 1298 744 1333 4.

385 1364 500 1409 Quod
523 1364 554 1402 si
567 1363 813 1403 -resciezrit
832 1363 1049 1415 pepe-risse
1069 1376 1168 1401 eam.

117 1427 167 1465 Et
185 1426 338 1466 iambici
358 1434 385 1465 t.
405 1427 445 1465 h.
465 1428 607 1478 priore,
630 1428 730 1465 Eun.
750 1440 801 1465 11.
828 1429 861 1465 1.
883 1428 921 1464 6.

384 1491 445 1529 Ne
463 1492 576 1529 i'stuc
592 1495 670 1529 tam
686 1490 840 1540 in-iquo
854 1509 896 1532 ς
911 1489 1052 1541 patiar‘³
1072 1491 1213 1528 animo.

117 1554 223 1592 Licet
241 1560 445 1605 utrumque
465 1554 607 1593 Plauto
628 1555 679 1592 sit
698 1555 793 1593 satis
813 1555 1011 1605 frequens.

171 1617 250 1655 His
264 1617 379 1668 igitur
399 1618 555 1665 relictis,
576 1618 723 1657 accedo
743 1618 793 1656 ad
819 1618 1027 1656 iambicum
1054 1618 1280 1663 trimetrum,
1312 1630 1425 1667 quem
1449 1615 1574 1654 Latini

116 1681 312 1718 senarium
331 1681 476 1728 dixere,
498 1694 649 1720 versum
683 1681 799 1732 longe
829 1681 1126 1726 nobilissimum,
1158 1686 1198 1718 et
1216 1679 1387 1717 omnium
1407 1679 1573 1717 maxime

117 1756 141 1781 a
159 1744 324 1783 scenicis
343 1745 470 1796 po'etis
486 1746 773 1797 frequentatum
793 1758 803 1789 ;
847 1744 959 1795 cnjus
980 1750 1090 1782 tanta
1108 1749 1309 1789 venustas,
1344 1749 1388 1780 ut
1419 1743 1573 1794 Quinti—

114 1808 243 1846 lianus
264 1808 416 1856 dixerit,
445 1809 562 1847 etiam
591 1809 758 1848 Terentii
779 1809 924 1860 scripta
942 1808 1032 1860 plus
1054 1809 1187 1859 gratiae
1206 1807 1398 1852 habitura,
1420 1807 1452 1844 si
1472 1806 1573 1844 intra

117 1884 369 1911 TRIMETROS
401 1874 615 1912 stetissent.
672 1874 736 1911 Ad
767 1887 902 1912 versus
935 1873 1049 1924 hujus
1082 1871 1402 1910 constitutionem
1432 1871 1575 1908 intelli-

117 1936 302 1986 gendam,
322 1937 371 1984 ei,
397 1938 464 1988 qui
493 1938 612 1989 probe
642 1943 752 1976 tenet
770 1951 859 1988 quae
881 1936 929 1974 de
949 1936 1114 1974 lambico
1136 1941 1360 1973 tetrametro
1381 1934 1575 1972 acatalec-

114 1998 194 2037 tico
227 1999 333 2039 dicta
367 2008 471 2048 sunt,
491 2002 650 2040 verbum
671 2002 766 2040 satis
787 2003 882 2046 erit3
914 2001 1025 2039 istius
1045 2001 1148 2038 enim
1173 2013 1308 2038 versus
1338 2011 1513 2036 normam
1535 1998 1573 2035 in

117 2063 287 2101 animum
309 2071 476 2110 revocet,
492 2078 581 2115 quae
598 2065 684 2103 haec
706 2065 801 2103 fuit:

202 2132 306 2165 Proh'
322 2134 575 2165 Phormi-onem
585 2144 627 2167 z
640 2135 896 2166 Phormi-onem
911 2135 923 2176 ΙΙ
938 2134 1192 2166 Phormi-onem
1204 2142 1246 2165 z
1258 2133 1431 2164 Phormio.

117 2197 177 2234 Ex
195 2197 270 2235 hac
290 2211 410 2235 unum
430 2199 605 2248 quemvis
627 2199 883 2238 ditrochaeum
904 2200 1069 2244 eximat3
1100 2199 1250 2249 reliqua
1278 2197 1485 2235 iambicum
1507 2198 1574 2234 tri-

117 2267 282 2298 metrum
302 2261 510 2300 conficient
528 2263 602 2301 hac
626 2264 749 2302 forma
766 2278 775 2302 :

276 2335 389 2372 Proh'
405 2335 699 2375 Phormi-onem
715 2348 759 2372 =
773 2338 1066 2376 Phormi-onem
1081 2353 1124 2376 z
1142 2337 1339 2375 Phormio.

173 2407 227 2445 Ut
246 2408 405 2446 trimetri
425 2409 541 2460 igitur
559 2424 740 2449 numeros
772 2413 904 2450 statim
935 2426 981 2450 ac
1012 2412 1179 2450 audieris
1211 2418 1360 2456 teneam,
1395 2417 1575 2448 constare

119 2483 281 2509 censeas
311 2485 359 2509 ex
388 2473 541 2524 syllaba
568 2487 636 2513 seu
669 2474 879 2527 semipede,
914 2476 1067 2513 duobus
1101 2474 1338 2519 ditrochaeis,
1359 2481 1398 2512 et
1418 2473 1575 2517 cretico,

117 2547 185 2572 seu
204 2536 568 2586 proceleusmatico,
601 2539 668 2588 qui
702 2539 845 2577 cretico
878 2552 974 2590 par:
1020 2539 1052 2576 si
1080 2538 1292 2576 trimetrum
1321 2538 1359 2574 in
1390 2537 1461 2574 has
1488 2549 1576 2588 par—

115 2603 176 2635 tes
204 2599 391 2648 resolvas,
430 2601 548 2653 illico,
568 2601 837 2654 deprehendes
859 2604 1005 2655 absque
1034 2602 1120 2641 aliis
1150 2601 1319 2647 auxiliis,
1348 2601 1499 2651 integer
1526 2601 1576 2637 sit

120 2674 258 2701 necne.

173 2725 300 2777 Hujus
321 2729 474 2779 generis
496 2731 626 2769 omnia
648 2733 790 2784 ubique
812 2732 926 2784 plena
948 2739 1035 2772 sunt
1054 2745 1062 2770 :
1095 2729 1259 2782 exempli
1279 2729 1366 2767 loco
1389 2728 1467 2766 sint
1486 2728 1571 2764 brec

120 2801 168 2826 ex
187 2790 287 2829 Eun.
311 2804 339 2829 1.
367 2795 400 2832 l.
