1903 3306
256 227 340 270 498
753 238 792 267 Ρ.
825 237 1067 267 TERENTH
1102 237 1218 267 ΛΡΜ

255 332 381 375 ΤΗΑ.
412 331 534 383 Quid
555 345 653 374 cum
675 331 753 374 illo
774 333 911 386 agas'i
972 332 1100 375 THR.
1133 332 1187 374 Et
1209 343 1309 374 cum
1331 343 1386 373 eo
1409 329 1525 372 clam
1545 334 1587 372 te
1609 332 1713 374 sub-

427 400 555 441 duxti
576 399 712 440 mihi?
1655 400 1714 440 25

255 468 383 509 ΤΗΑ.
412 467 595 509 Lubuit.
653 467 781 508 THR.
814 466 1096 521 Pamphilam
1129 479 1232 519 ergo
1265 465 1353 506 huc
1385 465 1537 515 reddo,
1558 465 1646 507 nisi
1667 467 1713 507 vi

428 535 574 576 mavis
595 534 719 588 eripi.

256 600 345 644 CH.
375 601 480 643 Tibi
521 601 645 641 illam
680 599 867 642 reddat?
906 602 981 641 aut
1019 604 1069 641 tu
1108 600 1231 642 illam
1271 599 1462 653 tangas?
1493 599 1713 641 omnium!

427 667 521 709 GN.
553 666 641 718 Ah,
664 667 771 721 quid
792 667 919 720 agis?
943 672 1053 709 tace.

253 736 381 778 Tim.
414 735 537 786 Quid
577 738 624 775 tu
664 734 744 775 tibi
785 735 889 776 vis?
932 747 1013 788 ego
1053 747 1140 776 non
1175 737 1352 788 tangam
1392 735 1562 777 meam?
1623 734 1711 777 CH.

424 803 569 844 Tuam
589 802 765 843 autem?
803 802 1027 844 Furcifer!

254 873 348 916 GN.
381 871 502 913 Cave
524 871 586 910 sis
605 883 616 920 3
652 869 814 920 nescis,
837 870 909 910 cui
925 882 1040 911 nunc
1058 868 1304 911 maledicas
1323 869 1431 912 viro.
1491 868 1579 911 CH.
1602 870 1711 912 Non

427 942 472 979 tu
494 938 597 978 hinc
619 937 747 977 abis?

251 1060 419 1088 minatorem
443 1057 612 1098 apposuisti
637 1060 745 1088 tuum?
789 1057 861 1088 ΤΗ.
885 1057 938 1088 An
962 1057 1019 1088 tibi
1044 1056 1160 1097 dignus
1181 1056 1305 1088 videtur
1319 1056 1383 1095 ille,
1409 1056 1532 1098 quicum
1555 1057 1712 1098 loquaris?

251 1100 349 1131 THR.
377 1101 420 1130 Et
435 1110 503 1131 cum
515 1100 670 1138 eofurtim
685 1110 705 1130 α
720 1110 765 1130 me
781 1099 949 1131 discessisti
963 1100 978 1133 ,7
1021 1100 1092 1131 ΤΗ.
1117 1100 1169 1131 lta
1184 1100 1293 1131 lubuit.
1325 1100 1418 1131 THR.
1441 1100 1640 1141 Pamphilam
1653 1101 1711 1131 huc

249 1143 352 1182 igitur
365 1143 475 1183 adduc,
487 1146 517 1173 et
531 1143 636 1180 redde,
651 1141 714 1173 nisi
727 1143 777 1174 vis
793 1152 860 1174 eam
872 1143 931 1174 tihi
942 1154 1001 1184 per
1015 1143 1079 1174 vim
1094 1142 1182 1183 eripi.
1218 1143 1287 1174 CH.
1315 1142 1386 1174 Tibi
1401 1143 1487 1174 illam
1500 1141 1633 1174 reddat?
1654 1146 1707 1174 aul

250 1189 284 1216 tu
299 1196 366 1216 eam
388 1186 540 1225 attingas,
556 1185 689 1216 omnium
704 1185 941 1218 scelestissime?
986 1186 1056 1218 GN.
1080 1185 1133 1216 Ah
1147 1185 1223 1226 quid
1241 1186 1309 1216 ais?
1331 1189 1408 1217 tace.
1452 1186 1547 1217 TER.
1573 1185 1658 1221 Quid
1673 1190 1710 1216 tu

251 1228 308 1259 tibi
334 1229 395 1266 vis,
417 1239 484 1259 cum
501 1232 554 1259 tua
577 1228 657 1259 nihil
671 1229 809 1266 intersit,
828 1229 977 1260 Gnatho?
1024 1230 1150 1267 Ergone
1176 1238 1273 1259 meam
1294 1231 1421 1267 tangere
1436 1229 1504 1268 quis
1525 1229 1709 1269 prohibeat?

253 1271 320 1302 CH.
345 1272 443 1302 Tuam
457 1275 559 1302 autem
574 1272 620 1301 aeis
641 1270 884 1310 esse,furcifer?
929 1271 1000 1302 GN.
1030 1271 1119 1309 Vide,
1134 1271 1190 1310 sis,
1204 1272 1331 1311 ignoras
1354 1272 1405 1302 cui
1417 1271 1485 1302 viro
1500 1281 1579 1302 nunc
1604 1271 1708 1302 convi-

250 1314 331 1345 ciam
345 1314 434 1345 dicis.
479 1315 547 1346 CH.
572 1315 644 1346 Non
661 1318 695 1345 tu
716 1314 787 1345 hinc
811 1314 891 1355 abis,
921 1314 1061 1355 impure?
1081 1314 1193 1355 scisne,
1215 1325 1232 1346 ο
1254 1313 1378 1346 Miles!
1400 1317 1434 1345 ut
1459 1317 1558 1346 tecum
1572 1317 1709 1355 agatur?

864 1427 1099 1441 eeeeeeeeeeee

248 1478 257 1496 ¹
276 1478 418 1519 Rogitas
430 1477 438 1492 '
454 1479 623 1510 collocant
637 1479 764 1519 Delph.
778 1478 856 1519 Bip.
873 1477 907 1509 in
925 1488 974 1510 vs.
992 1481 1131 1510 23.—25
1154 1479 1233 1512 Joh.
1252 1478 1417 1517 Clericus,
1444 1476 1522 1510 Art.
1545 1477 1630 1510 Crit.
1645 1487 1706 1510 111.

251 1531 276 1554 1.
288 1525 319 1553 9.
338 1525 387 1553 13.
433 1522 517 1558 Quin
533 1523 627 1562 legit,
643 1522 702 1552 sed
720 1527 846 1562 praeter
860 1520 961 1552 fidem
979 1521 1154 1554 Codicum.
1199 1523 1342 1563 Integer
1357 1522 1412 1553 hic
1436 1530 1552 1552 versus
1567 1521 1704 1562 Guyeto

251 1565 489 1605 supposititius
514 1566 657 1596 videtur.
682 1564 869 1595 Immerito.
898 1565 994 1595 West.
1041 1564 1125 1599 Quid
1149 1566 1284 1596 camillo
1299 1568 1398 1604 agas?
1419 1565 1547 1595 Etcum
1569 1573 1603 1595 eo
1626 1565 1706 1595 clam.

248 1608 397 1639 subduxti
420 1611 502 1639 tem.
546 1607 648 1638 Hunc
666 1608 818 1638 ordinem
836 1607 1017 1637 verborum
1031 1607 1159 1638 habent
1180 1617 1297 1638 omnes
1317 1607 1388 1638 fere
1404 1607 1425 1637 l.
1440 1616 1467 1639 s.
1483 1611 1518 1638 et
1537 1607 1706 1638 Donatus.

250 1651 411 1682 Ceterum
427 1651 460 1681 in
473 1650 639 1691 aliquibus
653 1656 687 1681 et
701 1650 838 1691 quidem
852 1650 996 1690 antiquis
1009 1651 1262 1690 exemplaribus
1276 1655 1328 1681 est
1340 1660 1407 1681 cum
1417 1650 1497 1681 illoc.
1521 1649 1576 1680 Ita
1585 1650 1704 1681 melius

249 1697 386 1724 constat
397 1694 596 1725 trochaicus.
625 1694 684 1725 Fa.
722 1694 835 1724 Etiam
849 1703 890 1723 ex
903 1692 1027 1723 nostris
1044 1693 1130 1723 bene
1143 1694 1241 1724 multi
1259 1693 1344 1729 Quid
1353 1702 1422 1724 cum
1433 1693 1502 1723 illoc
1515 1696 1614 1732 agas?
1637 1702 1702 1724 non

247 1736 311 1768 ilco.
328 1736 395 1767 Sed
408 1737 527 1767 mirum
541 1740 592 1767 est
604 1746 718 1766 omnes
729 1735 864 1767 codices
872 1736 935 1766 hoc
947 1735 1066 1766 Thaidi
1079 1735 1248 1775 tribuere;
1264 1746 1339 1767 cum
1350 1736 1383 1767 hi
1395 1735 1462 1766 duo
1473 1745 1590 1766 versus
1600 1735 1706 1766 Thra-

248 1779 340 1810 sonis
357 1779 455 1810 ambo
469 1780 545 1810 sint.
561 1779 659 1810 Bent.
686 1779 770 1814 Quid
781 1788 861 1817 cum,
873 1778 940 1818 isa]
966 1778 1053 1809 Haec
1065 1779 1169 1809 verba
1181 1779 1364 1810 Thrasonis
1374 1783 1465 1817 sunt,
1477 1787 1543 1808 non
1554 1778 1703 1810 Thaidis.

249 1822 342 1853 RD.
361 1822 447 1857 Quid
455 1826 491 1852 tu
507 1821 623 1853 Guelf.
637 1824 665 1852 1.
680 1822 762 1860 Agis
773 1824 803 1852 2.
818 1821 904 1852 Perl.
930 1821 1015 1856 Quid
1026 1824 1037 1851 ?
1048 1831 1116 1852 cum
1129 1822 1198 1852 illoc
1208 1831 1285 1860 ogas
1295 1822 1321 1862 ?]
1335 1821 1438 1860 Vulg.
1457 1821 1541 1855 Quid
1551 1830 1620 1850 cum
1631 1820 1701 1851 illoc

247 1863 348 1904 agas?
371 1864 556 1896 Confusum
587 1874 611 1895 s,
630 1865 758 1895 nullum
775 1873 911 1894 sensum
935 1873 1049 1894 verum
1067 1864 1190 1904 gignit.
1234 1863 1334 1894 Unde
1350 1869 1386 1894 et
1401 1863 1485 1903 Arg.
1502 1865 1595 1894 1496.
1610 1863 1702 1904 lege-

248 1907 307 1939 bat
327 1908 412 1943 Quid
427 1918 454 1939 c.
471 1908 493 1938 ἱ.
507 1908 598 1946 agis?
622 1906 677 1937 Al.
692 1907 759 1938 ista
774 1906 879 1938 verba
895 1907 998 1938 etiam
1008 1907 1172 1937 Thrasoni
1189 1906 1359 1944 tribuunt,
1375 1906 1434 1937 sed
1453 1910 1579 1945 praeter
1600 1906 1702 1939 codd.

248 1955 283 1981 et
299 1960 447 1981 sensum.
492 1950 646 1982 Clericus
662 1949 798 1981 volebat
817 1950 923 1986 ῥαίνω
946 1949 1004 1980 sed
1019 1954 1053 1979 et
1076 1949 1123 1980 sic
1146 1954 1305 1988 oporteat
1320 1949 1400 1988 agis.
1425 1949 1503 1988 Bip.
1550 1948 1625 1979 llloc
1640 1949 1701 1981 ΒΓ.

247 1993 350 2024 Both.
381 1999 416 2024 et
440 1993 531 2023 Perl.
555 1993 611 2033 qui
642 1997 751 2023 totum
773 2002 822 2023 vs.
849 1992 907 2023 dat
929 1992 1104 2023 Thrasoni.
1162 1992 1349 2023 Subduxisti
1373 1995 1403 2022 te
1428 1991 1505 2022 mihi
1532 1991 1700 2031 Delph.—

247 2038 289 2066 26
314 2036 398 2067 Mss.
422 2035 564 2075 plusculi
579 2035 641 2066 nisi
657 2035 684 2067 si
699 2035 742 2066 vi.
786 2034 841 2066 Ita
857 2040 892 2066 et
908 2035 979 2065 ΕΡ.
1008 2034 1109 2066 West.
1155 2034 1319 2066 Meliores
1336 2034 1471 2066 codices
1488 2033 1627 2072 habent,
1639 2034 1702 2066 nisi

246 2079 273 2109 εἰ
288 2078 343 2110 vi.-
368 2088 508 2120 quorum
524 2078 667 2109 alterum
684 2087 759 2109 cum
776 2086 1022 2117 supervacuum
1040 2077 1283 2117 sit‚ejecerunt
1297 2077 1343 2108 si.-
1367 2087 1430 2118 ego
1447 2087 1528 2108 vero
1544 2076 1580 2108 vi
1589 2076 1700 2116 ejicio.

246 2121 342 2152 Bene.
385 2120 494 2152 Libuit
517 2121 574 2151 Br.
593 2121 719 2160 Delph.
766 2120 839 2151 Nisi
853 2120 880 2150 εἰ
895 2120 927 2150 vi
943 2120 1002 2150 ΒΓ.
1049 2120 1121 2150 Nisi
1135 2120 1163 2150 si
1176 2121 1279 2151 Both.
1295 2120 1459 2159 Bip.—-27
1483 2119 1551 2150 Aut
1567 2122 1602 2150 tu
1616 2119 1699 2160 eain]

247 2163 377 2194 Omnes
402 2163 475 2194 fere
500 2163 580 2194 libri
600 2164 686 2194 etin
711 2163 750 2193 iis
776 2163 1010 2204 antiquissimi,
1024 2166 1060 2193 et
1075 2163 1243 2201 Donatus,
1259 2166 1313 2194 aut
1329 2166 1364 2193 tu
1378 2163 1474 2193 illam.
1498 2163 1557 2193 Fa.
1603 2161 1701 2193 Inter

246 2205 342 2246 istos,
358 2207 490 2246 opinor,
504 2206 608 2237 libros
625 2205 810 2237 Bembinus
827 2211 924 2243 erat;
957 2205 1086 2236 idcirco
1113 2205 1143 2235 ei
1170 2206 1308 2236 nimium
1325 2205 1480 2236 addictus
1497 2204 1648 2236 Faernus
1665 2208 1700 2236 tu

244 2249 331 2280 illam
356 2249 502 2289 admisit,
523 2249 627 2280 etiam
650 2258 726 2279 cum
750 2258 867 2279 versus
893 2247 1083 2288 dispendio.
1129 2248 1183 2279 Ex
1208 2253 1260 2280 tot
1277 2248 1402 2279 nostris
1419 2247 1595 2279 codicibus
1612 2253 1698 2279 unus

247 2296 379 2322 tantum
395 2292 502 2328 illam‚·
528 2291 636 2322 ceteri
651 2301 767 2322 omnes
781 2300 855 2322 cum
872 2295 957 2321 vett.
975 2290 1063 2322 Edd.
1079 2293 1114 2321 tu
1130 2300 1207 2330 eam,
1222 2290 1326 2332 quod,
1342 2296 1379 2322 ut
1397 2291 1533 2331 passim,
1548 2290 1581 2321 in
1599 2299 1699 2321 unam

245 2334 409 2374 syllabam
427 2334 666 2374 compingitur.
690 2334 786 2365 Bent.
831 2333 882 2364 Ah
899 2333 973 2372 quid
993 2334 1041 2363 ais
1051 2332 1077 2373 ?]
1110 2333 1154 2364 Ο.
1181 2334 1201 2364 l.
1218 2344 1244 2364 s.
1271 2334 1373 2364 etiam
1396 2333 1630 2374 antiquissimi,
1646 2333 1699 2364 Ah

244 2377 321 2416 quid
336 2377 426 2416 agis?
449 2382 484 2408 et
507 2386 546 2407 eo
564 2376 708 2416 amplius
724 2376 813 2407 solus
840 2376 937 2407 Beni.
970 2376 1055 2415 Aha,
1079 2375 1167 2416 quod
1195 2380 1232 2407 et
1258 2376 1384 2416 placet.
1430 2376 1516 2408 Quae
1545 2385 1625 2407 vero
1647 2385 1697 2406 se-

246 2425 395 2459 quuntur
413 2418 516 2450 verba
541 2420 550 2436 ‘
569 2419 659 2452 Quid
677 2424 713 2450 tu
729 2418 792 2449 tibi
809 2418 879 2459 vis,'
895 2427 936 2448 ea
957 2419 1132 2457 Thrasoni,
1148 2422 1186 2449 ut
1208 2418 1356 2457 videtur,
1368 2423 1403 2449 et
1417 2422 1523 2457 recte,
1537 2418 1696 2450 Donatus

245 2466 282 2492 et
299 2462 393 2492 Beni.
410 2462 611 2493 attribuunt.
636 2461 695 2493 Fa.
739 2461 834 2500 Agis,
849 2461 984 2501 plurimi
999 2471 1039 2491 ex
1058 2461 1207 2492 nostris:
1233 2461 1293 2492 sed
1309 2470 1425 2492 omnes
1442 2463 1450 2479 ‘
1467 2461 1557 2493 Quid
1575 2465 1611 2492 tu
1631 2461 1694 2492 tibi

247 2504 295 2534 vis
311 2503 319 2516 ’
336 2504 506 2535 Chremeti
523 2505 610 2535 male
627 2504 808 2543 assignant.
833 2504 928 2535 Bent.
952 2504 1035 2534 Eam
1049 2504 1140 2534 Perl.
1156 2504 1212 2544 qui
1227 2508 1322 2535 notat
1338 2505 1424 2534 illam
1438 2503 1564 2535 habere
1578 2503 1696 2535 Guelf.

244 2549 275 2577 2.
324 2547 394 2577 Tibi
409 2557 474 2578 eam
489 2548 611 2583 reddat,
625 2549 680 2576 aut
702 2550 736 2577 tu
751 2556 818 2577 eam
831 2546 1029 2584 tangas...ais
1044 2546 1104 2576 ΒΓ.
1127 2545 1187 2576 Ais
1203 2547 1240 2577 Z.
1264 2546 1320 2577 Ha
1337 2547 1422 2586 Eug.
1472 2546 1508 2577 T.
1524 2546 1547 2576 i.
1562 2547 1696 2577 reddat?

242 2592 279 2619 tu
295 2589 381 2619 illam
397 2594 519 2628 tangas,
543 2589 677 2619 omnium
695 2610 703 2619 .
720 2611 728 2620 .
746 2612 754 2620 .
774 2592 807 2619 ..⁹
850 2588 920 2619 GN.
944 2588 1008 2627 Ah,
1038 2599 1067 2628 q.
1094 2587 1188 2627 agis?
1236 2589 1331 2620 CHR.
1359 2589 1447 2628 Tace,
1470 2590 1522 2628 &a
1546 2588 1695 2619 Both.—

244 2633 285 2661 28
311 2632 394 2666 Quid
416 2635 451 2662 tu
475 2632 533 2662 tibi
557 2632 624 2661 vis?
662 2631 699 2661 In
717 2631 836 2661 Leidd.
854 2636 1010 2671 quatuor,
1035 2631 1207 2670 Lipsiano,
1232 2632 1318 2667 aliis,
1342 2632 1401 2662 sed
1427 2636 1462 2662 et
1482 2630 1582 2662 editis
1606 2632 1693 2661 anti-

243 2674 413 2713 quissimis
438 2674 510 2704 haec
537 2674 711 2704 Chremeti
739 2673 967 2704 ascribuntur.
1014 2674 1136 2713 Neque
1153 2683 1232 2704 sane
1250 2674 1379 2714 inepte.
1425 2673 1491 2704 Ms.
1511 2673 1606 2713 Lips.
1622 2676 1693 2703 tan-

240 2725 315 2754 gam
331 2719 416 2748 eam?
458 2716 599 2747 Scilicet
627 2717 793 2755 scriptum
819 2716 942 2754 fuerat,
963 2716 1102 2754 tangam
1115 2725 1198 2747 eam:
1219 2716 1307 2757 quod
1327 2716 1427 2755 valet,
1441 2719 1568 2754 tangam
1582 2723 1691 2747 meam.

244 2758 351 2791 west.
396 2757 483 2790 Aliae
499 2762 624 2790 nostrae
642 2758 720 2790 edd.
736 2762 852 2800 autem,
870 2757 1117 2796 sarcilem-29
1139 2759 1313 2791 Maledicas
1335 2768 1416 2790 nunc
1439 2758 1540 2789 Bent.
1565 2758 1690 2799 Delph.
