1903 3306
452 236 513 265 DE
547 234 745 265 comicis
782 235 1194 266 DIMENSIONIBUS-
1469 228 1551 268 157

99 340 214 379 quam
238 327 434 379 sisaxeris
455 334 494 366 et
512 330 733 378 occepseris,
754 341 835 378 pro,
856 329 970 374 saxis,
990 335 1030 366 et
1049 328 1241 378 occepsis,
1262 329 1418 371 malint3
1452 331 1550 367 sicut

98 391 138 428 in
160 391 352 442 Captivis:
375 395 384 412 ‘
404 391 624 441 Numquam
645 393 746 429 istuc
767 391 881 436 dixis,
902 405 1028 442 neque
1050 392 1217 429 animum
1239 392 1394 429 induxis
1414 395 1550 429 tuum.'

98 455 280 505 Accipies
300 455 414 493 etiam
434 468 554 492 unum
572 468 620 493 ex
640 455 775 493 eadem
797 454 952 492 fabula:
983 459 992 474 ‘
1007 454 1100 492 Avis
1132 468 1191 492 me
1212 455 1290 492 fere
1311 456 1550 494 consimilem

97 517 252 563 faciam,
272 524 316 555 ut
334 517 538 568 praedixti.’
594 518 839 556 Adducerem
861 527 900 556 et
919 531 966 556 ex
988 519 1145 556 Casinae
1166 518 1348 568 PrologO,
1371 519 1443 556 nisi
1465 533 1549 558 sus-

97 582 248 633 picarer
267 582 383 619 verba
402 594 489 619 esse
509 583 768 632 transposita:
800 587 809 603 ‘
825 582 1069 619 Clerumenae
1102 582 1188 620 haec
1215 589 1374 620 vocatur
1396 583 1548 621 Comoe-

103 644 168 682 dia
197 645 363 682 Graece.'
419 645 529 683 Sicut
548 659 596 683 ex
625 646 761 684 eodem
790 646 978 684 alterum:
1010 650 1019 666 ‘
1040 646 1203 683 Ratione
1231 654 1418 684 utuntur:
1448 647 1550 685 ludis

98 709 288 746 neminem
309 710 505 758 poscunt.'
562 709 639 746 Sed
659 710 832 760 profecto
853 717 891 747 et
920 710 1010 747 alibi
1042 709 1174 746 multis
1204 709 1313 755 locis,
1343 717 1380 747 et
1404 710 1441 747 in
1463 711 1550 748 Poe-

96 771 213 809 nulo:
245 776 256 793 ‘
270 771 403 809 Gerrae
426 785 620 821 germanae
641 780 756 823 atque
777 772 928 824 aedepol
955 776 1058 822 λῆροι
1079 772 1226 822 λήρων.’
1271 773 1329 810 Ac
1350 786 1398 810 ne
1418 774 1453 810 in
1475 775 1549 812 illis

97 834 253 885 quidem
285 836 449 872 servavit
483 835 728 873 Latinitatem
749 849 756 874 :
788 841 797 857 ‘
816 836 874 873 Ne
895 843 932 873 te
953 836 1073 873 iratus
1094 836 1174 873 suis
1192 837 1307 873 saevis
1328 836 1442 874 dictis
1463 851 1551 888 pro·

95 897 203 943 telet‚
238 898 344 935 scio.'
399 898 607 936 Substituit
636 900 737 936 enim
758 913 826 950 pro
845 901 958 937 soevis
977 900 1108 944 dictis,
1128 900 1321 938 saevidicis
1336 913 1348 937 .·
1377 908 1417 938 at
1438 903 1549 939 saevi-

97 960 241 1008 dicum,
269 962 412 999 mobile
433 974 571 999 nomen
593 969 677 1005 est;
708 963 769 1000 cui
802 963 917 1013 igitur
945 962 1136 1000 haerebit?
1166 976 1212 1000 an
1234 963 1298 1001 ille
1318 964 1464 1002 invenit
1484 979 1548 1003 us-

95 1036 212 1074 quam
248 1026 285 1061 in
318 1031 468 1062 naturae
498 1025 664 1075 legibus,
699 1025 881 1063 accidens
914 1026 997 1063 sine
1033 1026 1281 1064 substantia?
1338 1028 1381 1064 In
1413 1029 1549 1067 eadem

95 1093 225 1126 autem
246 1101 362 1126 scena
382 1088 497 1125 etiam
526 1088 667 1138 pedum
691 1101 873 1126 numerus
895 1102 981 1126 eum
1000 1090 1098 1139 sugit
1117 1103 1125 1127 z
1156 1103 1321 1140 namque
1341 1092 1547 1130 iambicum

96 1151 286 1189 senarium
307 1151 699 1203 hypercatalecticum
721 1151 818 1189 dixit
838 1152 945 1189 illum
965 1165 974 1190 τ
1005 1157 1014 1173 ‘
1034 1153 1122 1190 Non
1144 1166 1304 1203 possum
1325 1154 1477 1200 adesse,
1499 1157 1547 1193 ah

94 1214 188 1265 quid
206 1214 318 1264 agis?
338 1228 415 1266 quo
436 1215 533 1261 abis,
556 1215 758 1266 Antipho?
781 1217 921 1255 mane.'
977 1216 1108 1254 Habet
1127 1218 1228 1254 enim
1249 1217 1347 1255 duos
1369 1218 1546 1270 dactylos

94 1278 255 1316 alterum
277 1277 384 1316 alteri
408 1279 638 1316 subeuntem
660 1286 749 1316 ante
776 1287 1011 1329 postremum
1032 1280 1215 1318 iambum.
1273 1281 1397 1332 AEque
1418 1291 1547 1321 autem

92 1341 336 1380 incommode
355 1354 402 1379 ex
424 1341 863 1380 Heautontimorumeno
898 1343 1314 1395 brachycatalecticum
1336 1346 1549 1384 nominavit

92 1403 214 1450 illum,
242 1404 279 1440 in
313 1416 391 1454 quo
424 1404 634 1454 periculum
666 1405 794 1454 potius
824 1405 1011 1453 imminet,
1041 1421 1087 1445 ne
1108 1407 1202 1458 quid
1225 1408 1442 1447 redundet:
1474 1410 1547 1448 ‘Et

91 1467 196 1505 illam
228 1467 342 1505 simul
373 1481 461 1505 cum
493 1469 629 1506 nuntio
659 1470 727 1506 tibi
759 1469 821 1507 hic
852 1483 926 1520 ego
953 1470 1158 1509 affuturam
1178 1472 1292 1509 hodie
1314 1473 1421 1512 scio!
1478 1473 1548 1511 Est

92 1531 195 1569 enim
211 1531 424 1582 quadratus
445 1532 649 1570 iambicus.
707 1533 818 1571 Sicut
847 1534 954 1572 illum
988 1548 1142 1585 quoque
1173 1536 1300 1573 minus
1321 1538 1419 1575 bene
1439 1547 1548 1575 octo·

92 1594 242 1632 narium
261 1595 652 1647 hypercatalecticum
670 1610 678 1634 :
709 1602 718 1618 ‘
738 1597 889 1636 Probe:
920 1598 1008 1635 huic
1029 1599 1148 1636 filium
1165 1599 1241 1637 scis
1259 1600 1373 1638 esse?
1403 1601 1547 1648 audivi,

92 1658 131 1695 in
153 1658 271 1697 Asia:
300 1672 377 1696 non
399 1666 459 1698 est
477 1660 615 1710 pater.’
670 1661 785 1707 Nam,
815 1663 847 1699 si
877 1663 1045 1700 iambum
1067 1663 1105 1700 in
1126 1664 1248 1714 prima
1269 1663 1360 1702 sede
1381 1671 1546 1712 statuas,

91 1729 132 1759 et
162 1723 345 1761 creticum
375 1723 414 1760 in
449 1724 624 1762 secunda
655 1726 704 1762 ob
740 1726 985 1776 positionem,
1015 1734 1083 1764 aut
1111 1726 1308 1777 dactylum
1339 1741 1386 1765 ex
1407 1735 1547 1767 natura

92 1785 269 1837 syllabae,
291 1787 533 1838 septenarius
555 1796 627 1825 est.
673 1788 765 1835 Sed,
783 1789 901 1835 audii,
924 1789 1253 1840 pronuntiandum
1270 1798 1343 1835 est,
1364 1799 1420 1837 ut,
1440 1792 1546 1838 Asia,

90 1851 142 1889 sit
169 1858 405 1901 anapaestus.
463 1851 532 1888 Sin
566 1852 678 1890 malis
709 1853 962 1899 trochaicum,
997 1866 1074 1891 non
1109 1853 1273 1891 collidas
1306 1854 1545 1903 adverbium,

89 1915 222 1966 probe,
251 1915 381 1952 eterit
401 1922 626 1966 anapaestus
647 1916 771 1967 prima
803 1917 843 1954 in
878 1917 986 1963 sede,
1015 1917 1164 1968 eritque
1196 1919 1435 1964 octonarius,
1468 1927 1547 1957 tro-

89 1979 262 2026 chaicus,
289 1978 556 2025 catalecticus,
577 1986 628 2025 et,
649 1981 758 2027 Asia,
778 1981 1026 2032 bisyllabum.
1086 1981 1129 2018 In
1152 1981 1383 2019 Phormione
1404 1983 1547 2022 frustra

89 2043 241 2081 laborat
260 2042 552 2094 transponendo
572 2045 704 2090 verba,
734 2056 777 2082 ut
796 2046 964 2082 numeris
995 2045 1189 2091 consulat,
1218 2058 1264 2082 eo
1296 2058 1431 2083 versu:
1465 2052 1474 2067 ‘
1494 2047 1546 2084 Ut

89 2106 140 2144 ad
161 2119 286 2156 pauca
307 2106 476 2152 redeam,
498 2119 543 2144 ac
563 2095 715 2144 mittam
735 2107 838 2145 illius
860 2107 1052 2157 ineptias!
1109 2107 1264 2144 Mavult
1282 2108 1335 2145 ita
1354 2109 1454 2159 legi:
1476 2110 1547 2149 Ad

82 2182 210 2220 pauca
229 2175 275 2207 ut
294 2169 455 2208 redeam.
513 2171 566 2207 At
586 2183 674 2207 vero
696 2171 865 2216 verbum,
899 2170 1068 2216 redeam,
1099 2171 1331 2221 bisyllabum
1353 2185 1453 2218 esse,
1483 2174 1543 2211 vel

89 2221 282 2271 sexcentis
302 2233 412 2278 locis,
431 2233 496 2270 ubi
517 2246 615 2283 opus
636 2240 709 2277 est,
731 2241 900 2272 constat.
941 2234 1084 2273 Eximit
1103 2235 1218 2272 etiam
1234 2234 1406 2275 vocalem
1427 2236 1543 2287 hujus

88 2296 389 2347 praepositionis,
420 2308 502 2346 per,
535 2309 580 2333 eo
610 2309 723 2333 versu
743 2296 1038 2347 Adelphorum:
1069 2302 1079 2319 ‘
1097 2298 1172 2335 Per
1192 2299 1480 2349 oppressionem
1504 2308 1543 2337 ut

86 2360 189 2398 hanc
209 2359 301 2397 mihi
321 2360 465 2411 eripere
485 2360 682 2409 postulet.’
726 2361 778 2397 At
794 2373 899 2407 vero,
920 2360 1013 2411 quid
1035 2361 1150 2398 fuerit
1170 2360 1309 2406 dicere,
1331 2361 1542 2413 Proppres-

84 2423 264 2462 sionem?
292 2436 432 2474 nempe
458 2423 641 2474 frigidum
663 2424 873 2461 admodum
893 2431 966 2468 est,
997 2437 1045 2462 ne
1067 2425 1194 2462 dicam
1215 2424 1440 2472 absurdum,
1472 2440 1541 2464 no-

86 2501 176 2526 vum
195 2488 299 2538 fugae
321 2500 457 2538 genus,
488 2501 566 2538 quo
586 2489 702 2526 evitet
722 2488 907 2526 creticum
938 2487 1095 2525 fatalem
1125 2488 1256 2527 illum:
1288 2500 1377 2525 cum
1410 2496 1539 2528 tamen

87 2550 186 2589 adeo
205 2551 368 2589 molliter
392 2552 630 2602 pronuntiari
651 2552 787 2602 possit,
818 2558 860 2590 ut
878 2552 941 2589 vix
963 2552 1128 2589 divertat
1147 2564 1170 2588 a
1189 2558 1328 2589 natura
1349 2553 1539 2603 spondaei.

89 2614 166 2651 Sed
181 2615 262 2666 jam
282 2628 414 2652 vereor
429 2628 477 2652 ne
497 2615 583 2665 quis
604 2629 750 2661 eorum,
772 2629 871 2666 quos
891 2616 954 2653 ille
976 2615 1107 2653 multis
1127 2615 1222 2653 locis
1243 2616 1380 2666 premit
1397 2616 1538 2654 fabulis

88 2685 205 2729 atque
233 2678 375 2724 irridet,
405 2686 567 2730 reponat
601 2679 634 2716 ei
670 2680 858 2730 gratiam:
889 2692 976 2718 cum
1007 2679 1044 2716 in
1067 2680 1195 2724 verbo,
1225 2680 1393 2729 postulo,
1415 2681 1539 2717 sciant

89 2743 136 2780 ab
156 2742 240 2793 ipso
260 2750 450 2780 exemtam
472 2742 636 2781 mediam
661 2743 845 2782 vocalem.
902 2744 1051 2794 Magno
1072 2744 1174 2781 enim
1205 2744 1241 2780 in
1275 2743 1445 2794 periculo
1466 2753 1537 2789 est,
