1903 3306
327 211 415 253 392
831 224 872 253 P.
904 224 1146 255 TEREN‘rn
1181 223 1297 255 ΛΕΜ

329 319 483 346 mentum
500 315 556 346 τοῦ
575 314 684 354 Ἄλφα
698 314 802 347 fuerit
818 315 1031 355 praemissum
1050 315 1156 347 initiis
1182 325 1338 356 operum.
1385 317 1462 349 Qua
1478 316 1521 347 de
1539 325 1574 347 re
1591 316 1790 350 consulendi

328 359 545 398 Interpretes
562 359 604 389 ad
630 358 839 399 Apocalyps.
870 368 894 390 1.
912 361 942 390 8.
971 357 1073 389 W'est.
1107 359 1151 390 G.
1175 361 1202 389 Ω
1231 359 1385 390 Plaudite.
1434 357 1607 399 Calliopius
1636 362 1789 392 recensui.

328 401 411 432 EM.
439 401 466 431 C
502 402 663 432 Plaudite.
688 402 768 433 Call.
784 411 846 432 rec.
880 402 952 432 ET.
984 401 1044 432 Vos
1063 402 1161 432 valete
1173 406 1204 432 et
1218 402 1369 440 plaudite.
1395 403 1477 432 Call.
1492 412 1554 434 rec.
1579 402 1632 433 Id.
1650 403 1683 435 in
1700 403 1791 435 Add.

327 455 397 486 Hie
423 461 504 486 ante
534 455 674 485 verbum
700 454 908 493 ‘Plaudite,’
929 454 961 485 in
987 454 1140 485 omnibus
1169 464 1248 486 vero
1278 455 1351 485 aliis
1369 455 1506 485 Fabulis
1524 459 1604 486 aute
1629 464 1669 486 ea
1687 456 1791 487 verba

329 498 339 514 ‘
355 498 424 528 Vos
440 497 576 535 valete,’
601 498 698 528 Bem.
725 502 761 528 et
782 506 900 527 omnes
925 497 980 527 alii
998 497 1130 538 antiqui
1146 497 1234 528 hanc
1249 506 1362 528 notam
1386 498 1512 528 habent
1527 502 1576 528 n:
1602 508 1706 538 super
1721 508 1790 540 quo

328 540 403 570 loco
421 541 468 572 ita
484 541 724 579 Eugrapbius:
754 540 871 570 Verba
887 545 966 570 suut
984 540 1190 578 recitatoris,
1215 541 1286 581 qui,
1302 540 1378 570 dnm
1402 539 1567 571 Fabulam
1581 541 1791 581 terminaret,

330 584 489 614 elevabat
502 584 611 614 aulaea
626 592 761 622 scaenae,
778 586 813 612 et
826 582 962 614 dicebat
976 583 1016 613 ad
1033 583 1193 623 populum
1209 593 1217 613 :
1235 583 1244 600 ‘
1260 583 1329 613 Vos
1340 583 1451 613 valete
1468 588 1504 614 et
1522 583 1703 622 plaudite.‘
1729 584 1789 616 Pa.

329 626 424 656 Nota
441 627 497 657 illa
514 627 547 656 in
567 625 679 656 Libris
697 624 870 656 veteribus
887 634 954 655 non
967 630 1018 656 est
1034 629 1062 656 Ω
1078 625 1136 656 sed
1153 634 1194 656 w:
1215 625 1258 656 de
1276 636 1353 666 qua,
1371 630 1500 665 praeter
1520 626 1790 666 Eugraphiisen-

329 670 486 708 tentiam,
503 674 573 699 tres
590 668 671 698 alias
688 669 790 708 longa
805 668 1094 699 commentatione
1110 667 1269 708 producit
1288 669 1340 699 vir
1356 668 1498 699 doctus:
1520 678 1662 708 quarum
1674 673 1790 700 tamen

329 711 413 741 nulli
429 711 629 748 assentitur,
651 720 712 741 nec
727 720 821 741 suam
839 709 945 742 addit.
991 712 1063 743 Nos
1082 721 1215 749 novam,
1231 716 1342 742 etant
1366 721 1479 741 veram
1504 715 1562 742 aut
1583 717 1681 743 certe
1709 720 1789 741 vero

330 755 533 794 proximam,
550 754 658 783 tribus
676 753 788 784 verbis
805 751 994 785 afferemus.
1040 754 1164 785 Horat.
1180 754 1226 784 A.
1240 753 1282 784 P.
1298 756 1370 784 154.
1393 755 1402 770 ‘
1420 754 1456 785 Si
1472 753 1615 784 fautoris
1633 763 1713 794 eges
1731 762 1788 785 au-

329 797 396 826 laea
419 797 604 832 manentis,
631 800 665 826 et
690 805 798 837 usque
822 796 968 836 Sessuri,
991 796 1102 828 donec
1119 801 1252 835 cantor,
1265 797 1335 827 Vos
1351 796 1518 837 plaudite,
1533 796 1650 827 dicat?
1696 797 1790 828 Nota

328 838 411 870 illud
436 842 444 857 ‘
461 839 623 870 Plaudite
635 838 644 852 '
669 849 688 869 a
702 839 852 870 Cantore
868 839 939 870 dici
956 840 1077 870 solere.
1125 838 1222 870 Alius
1238 844 1290 870 est
1302 838 1423 877 Actor,
1440 840 1524 870 alins
1538 839 1678 870 Cantor.
1721 838 1791 870 Ac-

331 887 423 912 tores
436 882 470 913 in
488 883 550 913 hac
567 881 700 912 Andria
719 882 911 912 Primarum
924 886 959 913 et
974 882 1206 913 Secundarum
1225 881 1371 922 partium
1401 881 1576 912 Ambivius
1601 887 1638 913 et
1663 881 1790 913 Atilius

330 930 441 956 erant.
487 925 680 956 Tertiarnm
708 925 856 965 partium
891 929 998 964 actor,
1024 930 1144 965 utpote
1172 925 1343 962 ignobilis,
1378 934 1543 965 nusquam
1571 930 1788 956 memoratur.

329 969 459 999 Cantor
476 973 591 999 autem
609 967 764 1007 Flaccus,
781 967 916 998 Claudii
932 967 1032 1006 filius,
1052 968 1106 1009 qui
1133 967 1224 998 tibiis
1249 968 1389 1007 paribus
1412 968 1576 1005 canebat,
1601 967 1732 998 dextris
1755 971 1791 998 et

332 1010 489 1042 sinistris.
536 1011 639 1050 Ergo,
660 1020 735 1041 cum
756 1010 900 1041 Actores
917 1020 1033 1041 omnes
1050 1021 1090 1041 ex
1107 1011 1227 1041 Scaena
1243 1010 1391 1050 exirent,
1409 1010 1565 1041 Cantoris
1580 1014 1669 1047 erat,
1684 1010 1789 1050 depo·

332 1054 406 1084 sitis
423 1064 464 1084 ex
483 1063 542 1084 ore
563 1054 666 1092 tibiis,
681 1054 690 1070 ‘
706 1053 883 1084 Plautlite’
896 1053 1066 1084 insonare.
1095 1053 1143 1084 Ut
1160 1053 1265 1092 igitur
1278 1053 1310 1083 in
1330 1053 1504 1083 veteribus
1518 1052 1612 1083 libris
1631 1061 1789 1093 personae

335 1098 408 1127 alian
426 1100 603 1135 notantur,
621 1104 711 1127 ΡΑΜ.
728 1104 814 1127 οΛν.
830 1104 972 1127 CHREM.
987 1107 995 1135 3
1017 1096 1063 1127 ita
1080 1095 1132 1126 hic
1149 1096 1227 1127 olim
1243 1106 1289 1127 ca.
1304 1105 1365 1136 pro
1383 1096 1530 1126 Cantore
1541 1095 1695 1126 scilicet:
1714 1104 1789 1136 quae

332 1144 415 1171 nota
431 1149 506 1170 cum
524 1148 589 1169 non
616 1139 790 1170 intellecta
810 1144 913 1179 esset,
938 1139 1100 1178 paulatim
1117 1143 1152 1169 et
1168 1139 1359 1179 compendii
1383 1148 1481 1169 cansa
1498 1139 1529 1169 in
1547 1138 1734 1178 proximam
1759 1138 1792 1168 ei

334 1182 476 1213 formam
488 1195 511 1212 ω
527 1181 764 1222 degeneravit.
789 1182 886 1212 Bent.
916 1182 973 1213 Sic
990 1182 1091 1213 Bent.
1105 1191 1267 1222 perquam
1283 1181 1526 1221 probabiliter:
1544 1190 1649 1222 quare
1665 1180 1790 1221 ascrip-

332 1226 436 1255 simus
453 1234 607 1265 personae
623 1234 758 1255 nomen.
772 1225 869 1255 Both.
889 1228 916 1255 Ω
929 1226 961 1255 in
978 1225 1133 1255 omnibus
1148 1228 1230 1255 vett.
1252 1224 1352 1255 codd.
1370 1229 1404 1254 ct
1423 1225 1463 1255 R.
1480 1223 1636 1255 habetur.
1667 1223 1708 1255 In
1719 1223 1793 1265 qui-

334 1268 477 1299 busdam
502 1268 585 1298 libb.
612 1267 779 1307 Calliopus.
809 1268 909 1299 Lind.
955 1268 1043 1298 Post
1064 1268 1074 1285 ‘
1091 1267 1275 1298 Plaudite'
1299 1268 1331 1298 in
1360 1266 1445 1298 GM.
1471 1270 1661 1307 sequuntur
1688 1267 1789 1297 baec:

336 1312 416 1342 Call.
432 1311 652 1349 reinseliciter.
696 1311 780 1340 Tum
798 1310 993 1341 minusculis
1006 1310 1114 1342 literis
1132 1310 1315 1350 separatim
1333 1309 1375 1340 ab
1390 1309 1453 1340 illis
1468 1310 1530 1340 hoc
1547 1309 1665 1340 modo:
1682 1308 1792 1340 Finita

335 1354 456 1385 Fabula
469 1355 500 1384 in
514 1354 633 1384 theatro
648 1352 798 1384 recitator
815 1353 942 1384 Fabulae
958 1353 1060 1384 aiebat
1071 1366 1094 1383 ω
1109 1353 1247 1393 plaudite
1263 1357 1294 1384 et
1309 1353 1418 1384 valete.
1444 1353 1538 1383 Perl.
1573 1352 1686 1383 Restat
1698 1351 1758 1382 ΒΓ.
1771 1361 1792 1382 a

334 1407 388 1436 pr.
407 1407 451 1427 m.
467 1396 526 1427 sed
545 1402 711 1426 mutatum
740 1396 772 1426 in
800 1399 906 1427 restet.
953 1396 992 1426 In
1016 1397 1076 1427 Br.
1106 1397 1184 1426 olim
1211 1397 1337 1427 lectum
1365 1404 1440 1426 esse
1470 1396 1603 1425 videtur
1626 1394 1792 1426 recensuit.

333 1440 456 1470 Bruns.
474 1443 501 1470 Ω
514 1438 629 1469 delent
641 1439 743 1469 Bent.
766 1440 855 1469 Perl.
879 1440 950 1470 Dat
963 1451 985 1469 ω
999 1439 1059 1470 Br.
1088 1440 1200 1470 Restat
1216 1438 1343 1469 liabent
1356 1437 1470 1469 Guelf.
1489 1441 1518 1469 2.
1531 1440 1560 1468 3.
1578 1446 1720 1478 quorum
1738 1437 1792 1468 liic

334 1482 436 1513 habet
450 1494 473 1512 ω
489 1492 540 1512 vos
555 1484 653 1512 valete
666 1486 695 1512 et
707 1482 854 1522 plaudite.
875 1482 1046 1523 Calliopius
1056 1482 1204 1513 recensui.
1229 1483 1301 1513 Dat
1323 1482 1431 1512 Valete
1440 1484 1469 1511 et
1481 1481 1622 1520 plaudite
1635 1478 1789 1512 Guelttl.

335 1526 498 1556 Ceterum
522 1525 564 1555 de
589 1524 754 1563 versibus,
776 1534 916 1566 quorum
940 1525 995 1556 hic
1012 1525 1164 1556 meminit
1179 1525 1242 1555 Do.
1259 1524 1336 1555 audi
1354 1523 1649 1554 westerhovinm:
1675 1523 1684 1539 ‘
1697 1523 1793 1553 citat

335 1569 396 1599 hos
414 1578 531 1599 versus
549 1568 708 1608 Guyetns
724 1577 765 1598 ex
781 1567 984 1609 quibusdam
1002 1568 1255 1608 exemplaribus
1272 1567 1335 1597 sibi
1353 1567 1442 1597 visis.
1480 1566 1521 1597 Iu
1549 1567 1634 1597 Mss.
1659 1565 1791 1604 decem,

338 1621 481 1650 quornm
494 1612 603 1641 varias
619 1611 785 1641 lectiones
795 1610 950 1650 exhibeo,
962 1620 1028 1641 non
1047 1610 1275 1650 reperiuntur,
1293 1619 1404 1650 neque
1421 1610 1452 1639 in
1469 1618 1638 1650 quoquam
1655 1607 1794 1648 impres-

337 1664 450 1685 sorum
468 1654 637 1692 codicum,
654 1653 776 1695 quibus
792 1653 927 1694 quidem
944 1654 1026 1684 mihi
1044 1655 1092 1684 uti
1110 1654 1267 1693 contigit.
1314 1653 1412 1683 Licet
1429 1657 1541 1683 autem
1560 1656 1596 1683 et
1611 1650 1742 1683 Donati
1757 1655 1794 1682 et

336 1696 665 1738 Engrapliiijudicio
682 1697 787 1736 spurii
805 1697 873 1727 sint
889 1697 920 1726 bi
938 1706 1056 1727 versus
1073 1706 1213 1727 numero
1231 1695 1491 1737 septemdecim,
1504 1694 1580 1735 quia
1598 1699 1709 1725 tamen
1720 1694 1792 1734 jam

337 1746 443 1771 tautae
460 1745 537 1770 sunt
554 1740 778 1780 antiquitatis,
798 1739 894 1770 lubet
911 1749 967 1770 eos
981 1739 1162 1778 ascribere,
1180 1744 1231 1777 ut,
1247 1738 1400 1780 quisquis
1418 1737 1557 1768 tandem
1571 1738 1701 1768 illorum
1713 1745 1793 1767 auc-

334 1788 387 1813 tor
403 1783 460 1821 sit,
483 1783 563 1823 quid
581 1782 623 1812 de
638 1782 772 1813 Charini
787 1782 915 1823 nuptiis
931 1782 1122 1823 scripserit,
1148 1782 1284 1814 Lectori
1302 1779 1518 1812 manifestum
1535 1780 1607 1812 fiat.
1654 1779 1715 1811 Ita
1730 1778 1791 1819 igi-

338 1831 394 1856 tur
408 1835 466 1857 eos
480 1825 620 1856 exhibet
637 1824 792 1865 Guyetus
809 1836 817 1856 ε

467 1892 533 1922 ΡΑ.
559 1890 600 1921 Te
614 1890 812 1930 expectabam
824 1900 834 1920 .·
857 1892 904 1919 est
920 1890 957 1919 de
974 1892 1027 1920 tua
1044 1898 1090 1928 re,
1105 1890 1184 1929 quod
1199 1897 1292 1928 agere
1305 1897 1361 1927 ego
1377 1891 1476 1918 lecum
1490 1887 1567 1918 tolo.

465 1933 551 1964 Dedi
568 1943 702 1973 operam,
716 1943 754 1963 ne
769 1943 816 1963 me
832 1942 896 1962 esse
911 1932 1038 1963 oblitum
1054 1933 1139 1962 dicas
1154 1935 1216 1963 tuae
1227 1934 1335 1970 gnatae
1349 1931 1468 1961 alterae.

468 1976 537 2007 Tan·
549 1986 595 2006 me
607 1977 715 2015 opinor
731 1975 877 2015 reperisse
889 1975 1017 2013 aig-num
1033 1978 1063 2005 te
1075 1979 1165 2015 atque
1181 1975 1236 2004 illa
1251 1975 1362 2004 virum.

442 2046 451 2054 ,
465 2020 559 2050 CHA.
583 2019 685 2054 Dave,
697 2018 736 2048 ah
751 2018 849 2058 perii:
864 2019 901 2048 de
918 2028 982 2048 meo
996 2028 1098 2048 amore
1114 2028 1149 2048 ac
1161 2018 1226 2048 vita
1242 2027 1322 2047 nanc
1337 2025 1403 2046 sors
1419 2016 1553 2046 tollitur.

464 2062 559 2093 CHR.
585 2062 657 2091 Non
674 2070 750 2091 nova
765 2061 873 2091 islhoec
887 2060 966 2091 mihi
981 2061 1114 2090 conditio
1131 2063 1190 2098 est,
1207 2060 1234 2090 si
1252 2059 1424 2097 voluissem,
1441 2058 1616 2098 Pamphile.

464 2106 559 2135 CHA.
586 2103 708 2143 Occidi,
725 2104 828 2142 Dave,
850 2104 941 2144 perii.
987 2104 1083 2134 Cure.
1110 2103 1173 2133 Sed
1189 2103 1221 2132 id
1237 2101 1427 2142 quamobrem
1440 2111 1499 2131 non
1512 2101 1607 2140 volui,
1623 2101 1757 2141 eloquar.

464 2148 538 2178 Non
550 2147 678 2184 idcirco,
695 2147 773 2186 quod
786 2156 853 2176 eum
869 2147 991 2188 affinem
1006 2146 1083 2176 mihi
1098 2146 1219 2176 nollem.
1266 2145 1333 2175 ΡΑ.
1367 2144 1462 2181 Hem,
1485 2147 1562 2175 tace.

465 2191 559 2221 CHR.
582 2190 645 2220 Sed
661 2189 801 2220 amicilia
810 2194 930 2229 nostra,
945 2199 1012 2230 quse
1024 2194 1070 2219 est
1085 2200 1104 2219 a
1117 2188 1259 2229 patribus
1274 2187 1388 2218 nostris
1404 2186 1535 2226 tradita,

991 2292 1133 2325 NOTAE

335 2380 411 2403 cum
428 2369 494 2400 illae
509 2368 623 2399 licium
641 2368 781 2399 densius
798 2368 982 2408 inculcant,
1000 2374 1035 2400 et
1091 2370 1172 2400 dere
1198 2372 1250 2399 est
1279 2367 1368 2408 apud
1398 2366 1571 2397 Plautum.
1617 2363 1738 2395 Horat.
1755 2363 1790 2394 in

335 2431 412 2453 cnm
431 2421 549 2460 plausu
577 2419 753 2451 collidunt.
798 2420 877 2450 Hoc
894 2420 1035 2451 verbum
1090 2419 1197 2451 Arte:
1223 2421 1232 2436 ⁴
1250 2419 1370 2449 Donec
1387 2415 1532 2452 cantor‚'
1548 2414 1582 2445 id
1598 2419 1664 2454 est,
1680 2417 1792 2452 actor,

335 2474 437 2504 etiam
455 2472 487 2503 in
501 2472 684 2502 Theatrum
702 2472 867 2512 migravit
894 2478 1034 2513 postea:
1091 2471 1185 2501 ‘Vos
1224 2469 1392 2510 plaudite,
1419 2465 1538 2497 dicat!
1581 2466 1709 2497 Cantor
1739 2469 1791 2495 est

334 2534 441 2565 eoque
459 2522 605 2563 peractis
619 2522 742 2553 fabulis
757 2527 975 2563 spectatores
987 2523 1035 2554 di·
1091 2528 1198 2552 actor.
1244 2518 1409 2559 Apuleius
1436 2517 1616 2557 eleganter
1635 2524 1691 2546 ιιι.
1716 2514 1790 2545 Flo-

334 2573 572 2605 mittcbantur.
644 2574 653 2589 ⁶
679 2573 804 2603 Valere
832 2573 841 2585 '
876 2574 963 2604 enim
1001 2578 1036 2604 et
1093 2572 1155 2602 rid.
1180 2572 1189 2588 ‘
1210 2569 1465 2601 Renuntiavere
1490 2566 1635 2598 Poetam
1662 2564 1790 2595 dixisse

330 2626 341 2644 ⁴
359 2623 543 2665 plandere'
567 2623 802 2663 jubebantur3
826 2634 902 2665 qnoe
932 2624 1036 2655 verba
1093 2623 1195 2654 rebus
1210 2620 1375 2659 humanis,
1401 2619 1527 2657 valere,
1554 2621 1589 2648 et
1605 2615 1791 2656 plaudere;

333 2676 385 2705 vel
405 2685 424 2705 a
441 2674 831 2714 gregehistriomnn,ve1
847 2675 887 2705 ab
903 2684 944 2706 ea
957 2684 1034 2715 per-
1091 2673 1160 2704 suis
1200 2681 1280 2703 vero
1318 2667 1553 2707 familiaribus,
1588 2665 1715 2705 dolere,
1754 2669 1791 2696 et

333 2735 427 2763 sona,
445 2734 520 2764 qnae
537 2728 708 2764 postrema
721 2723 753 2753 in
770 2724 912 2755 Scenam
929 2724 1033 2755 intro-
1091 2721 1277 2765 plangere!

334 2776 537 2814 ducebatur,
566 2773 901 2816 pronuntiabantur:
927 2779 963 2805 ut
986 2776 1033 2805 vi-
