1903 3306
547 242 752 272 ANDRtAE
786 241 893 270 Ac'r.
920 242 960 270 v,
996 242 1064 270 so.
1100 242 1165 269 tt.
1483 233 1566 273 :391

116 350 205 391 ΡΑ.
239 349 450 390 Memini:
483 353 617 403 atque
645 349 756 407 aQo
788 349 967 401 longum
984 352 1051 388 est
1071 361 1149 388 nos
1172 347 1294 406 fflQl
1314 352 1566 402 expectare,

288 416 393 457 dum
413 422 560 458 exeat.

118 483 313 538 Sequere
343 484 425 524 hac
456 497 525 524 me
549 484 666 524 intus
689 483 744 523 ad
765 482 1018 536 Glycerium
1039 495 1168 522 nunc.
1228 482 1313 531 Tu,
1337 481 1475 530 Dave,
1497 483 1569 523 abi

289 551 465 592 domum
483 564 493 592 :

117 619 310 673 Propere
333 631 521 668 arcesse,
542 617 645 658 hinc
667 617 744 670 qui
766 617 963 658 auferant
985 630 1096 657 eam.
1157 615 1280 666 Quid
1303 619 1430 658 stas?
1464 618 1572 672 quid

290 687 476 727 cessas'?
538 685 631 727 DA.
663 685 743 726 Eo.
1517 686 1573 726 15

119 751 192 792 Ne
212 753 471 806 expectetis,
492 752 594 793 dum
613 755 775 792 exeant
791 752 874 792 huc
893 766 902 792 z
923 753 1039 792 intus
1060 750 1402 804 despondebitur
1420 766 1430 803 ;

120 819 244 860 Intus
266 820 540 872 transigetur,
570 820 608 860 si
631 819 738 872 quid
759 826 841 869 est,
863 819 982 873 quod
1005 822 1155 860 restet.
1225 822 1264 858 Ω
1303 819 1526 860 Plaudite.

551 909 851 940 CALLIOPIUS
886 908 1154 938 RECENSUI.

121 1019 212 1052 mini.
255 1021 398 1060 Longum
419 1030 491 1051 cero
516 1023 636 1061 tempus
658 1025 703 1051 est
720 1030 774 1051 nos
789 1023 962 1060 επυεείανε,
978 1021 1071 1050 donec
1086 1020 1138 1050 ille
1160 1022 1250 1050 exeat
1265 1019 1369 1049 domo.-
1397 1021 1433 1049 tu
1455 1027 1578 1058 sequere

121 1062 178 1094 hac
204 1073 252 1094 me
277 1064 374 1095 intus.
421 1064 568 1094 Chremes
591 1073 672 1094 nunc
696 1067 741 1094 est
770 1064 801 1093 in
825 1063 941 1093 aedibus
969 1063 1121 1101 Glycerii.
1170 1062 1227 1098 Tu,
1255 1061 1357 1099 Dure,
1380 1061 1578 1092 abidomum

122 1105 263 1138 Festina.
305 1106 437 1137 Accerse
457 1107 550 1145 viros,
565 1107 617 1146 qui
633 1116 699 1136 eam
715 1105 860 1143 auferunt
885 1116 925 1135 ex
945 1107 1045 1144 dorm,
1069 1105 1122 1136 ubi
1136 1114 1217 1135 nunc
1233 1107 1290 1141 est,
1307 1107 1336 1134 et
1342 1105 1392 1138 ad
1408 1114 1461 1134 nos
1476 1108 1578 1134 trans-

113 1148 236 1184 ferant.
284 1143 369 1184 Quid
395 1151 461 1179 stas
486 1146 655 1180 immotus?
681 1148 766 1183 Quid
792 1147 922 1180 tardas?
968 1149 1037 1178 DA.
1060 1149 1120 1178 Eo.
1167 1148 1218 1178 Ne
1243 1147 1422 1186 expectetis,
1452 1146 1580 1186 Specta-

122 1193 215 1230 tores,
236 1192 307 1222 dum
323 1192 382 1222 huc
397 1190 511 1222 exeant
525 1192 560 1222 in
575 1191 766 1231 proscenium
781 1193 913 1221 1ctores
928 1191 1038 1220 nostri.
1084 1191 1174 1220 Intus
1189 1189 1444 1230 sponsalinfient.
1491 1189 1581 1219 Irtus

121 1234 160 1263 de
174 1236 245 1264 dote
263 1234 467 1275 Philumenae,
482 1235 520 1265 de
539 1234 703 1275 Chrysidis
719 1233 913 1270 hoereditute,
928 1235 1023 1273 deque
1039 1234 1148 1263 ceteris
1163 1233 1253 1264 rebus
1268 1234 1421 1264 comeniet
1437 1235 1465 1262 et
1483 1235 1583 1262 trans-

122 1275 240 1315 igetur.
268 1277 428 1308 Plaudite.

684 1319 855 1359 Colliopius
874 1319 1022 1350 recensui.

732 1413 972 1424 “meaetaeaeee

125 1470 255 1501 omittit
278 1470 463 1502 Boiu—14
500 1470 587 1501 Haec
618 1470 710 1501 varie
741 1471 913 1511 leguntur.
946 1469 1089 1501 Plurimi
1119 1469 1211 1508 libri,
1242 1479 1318 1499 cnm
1346 1469 1481 1510 scripti,
1511 1474 1581 1501 tum

125 1513 302 1552 impressi:
327 1513 460 1553 Sequere
475 1513 532 1544 huc
548 1523 616 1544 me:
638 1514 723 1544 intus
738 1515 818 1553 apud
837 1514 1016 1554 Glycerium
1035 1523 1114 1543 nunc
1129 1516 1185 1543 est.
1217 1511 1298 1551 Alii,
1322 1512 1454 1552 Sequere
1469 1512 1526 1543 hac
1539 1524 1585 1544 me

125 1555 223 1588 incus.
265 1556 361 1595 Apud
379 1556 562 1596 Glycerium
577 1566 658 1587 nunc
674 1560 730 1587 est.
777 1557 962 1587 Potiorest
978 1556 1092 1593 lectio,
1108 1565 1209 1595 qnam
1227 1556 1365 1585 exhibui
1383 1566 1389 1585 :
1415 1564 1525 1595 neque
1543 1566 1584 1587 ea

126 1599 212 1629 Mss.
225 1609 333 1639 neque
353 1599 465 1639 probis
484 1599 562 1630 edd.
577 1604 682 1630 caret.
697 1600 792 1630 West.
818 1599 910 1629 Intus
925 1600 1006 1639 apud
1026 1598 1208 1639 Glycerium
1223 1608 1302 1628 nunc
1318 1602 1363 1629 est
1379 1598 1422 1628 G.
1436 1599 1516 1629 EM.
1531 1599 1582 1630 Id.

125 1641 159 1671 in
175 1642 260 1674 Add.
274 1642 369 1672 Bem.
387 1643 433 1673 ita
451 1641 573 1673 babet:
598 1641 730 1681 Sequere
743 1643 799 1672 hoc
812 1652 859 1672 me
874 1642 959 1672 intus
972 1643 1012 1672 ad
1031 1641 1212 1681 Glycerium
1226 1651 1316 1671 nzmc.
1342 1641 1497 1672 Donatus
1511 1642 1559 1672 sic
1576 1653 1583 1672 :

128 1683 263 1724 Sequere
285 1694 333 1715 me
358 1685 442 1715 intus
457 1685 540 1724 apud
565 1684 758 1726 Glycerium.
775 1686 834 1716 Fa.
867 1685 935 1714 Pro
951 1694 1043 1723 nunc,
1060 1683 1167 1714 nostri
1185 1693 1300 1715 omnes
1317 1694 1397 1714 nunc
1412 1688 1467 1719 est,
1493 1684 1583 1725 quod

127 1736 245 1758 versus
261 1728 334 1768 ipse
348 1727 519 1768 postulat3
537 1732 622 1758 utet
637 1727 720 1758 vidit
734 1727 959 1758 vireruditus.
979 1728 1071 1758 Bent.
1090 1727 1145 1766 qui
1158 1727 1254 1766 legit,
1271 1732 1436 1766 sequente
1447 1727 1586 1766 Bomio,

128 1770 165 1800 S.
191 1770 247 1800 hac
270 1780 318 1800 me
333 1780 344 1800 τ
365 1771 451 1801 inlus
473 1781 524 1808 op.
553 1770 732 1811 Glycerium
748 1781 828 1800 nuuc
843 1774 912 1801 est:
937 1770 1038 1800 etsie
1062 1770 1122 1800 Br.
1152 1770 1217 1799 nisi
1244 1769 1332 1811 qnod
1361 1770 1503 1800 invertit
1528 1770 1584 1800 hac

127 1821 187 1843 me.
230 1812 424 1852 Antepouit
439 1813 532 1843 Peri.
560 1813 784 1844 Westerhovii
801 1813 1069 1843 distinctionem.
1109 1813 1238 1851 Legere
1257 1811 1370 1844 Guelf.
1383 1816 1414 1843 ⁶2.
1433 1814 1514 1853 apud
1531 1813 1585 1843 Gl.

127 1861 244 1886 monet
259 1855 441 1886 Fert—15
466 1856 604 1895 Propere
629 1865 756 1886 arcesse.
802 1856 857 1886 Ita
882 1857 966 1886 Mss.
1001 1854 1248 1894 Lugdunenses
1277 1865 1406 1891 omnes,
1433 1861 1468 1886 et
1485 1856 1585 1886 Bodl.

128 1896 244 1937 Atque
260 1898 309 1928 ita
325 1908 368 1929 ex
384 1903 469 1929 vett.
484 1898 593 1929 Codd.
619 1899 779 1939 legebant
803 1899 976 1939 Guyetus,
994 1899 1033 1928 F.
1049 1898 1239 1937 Fabricius,
1255 1897 1352 1928 Liud.
1382 1899 1479 1928 ll'est.
1504 1899 1585 1929 Pro·

126 1949 203 1980 pera
218 1951 229 1971 .·
251 1951 380 1972 accerse.
425 1941 587 1972 Meum-es
604 1945 640 1972 et
657 1942 770 1982 plnres
792 1941 884 1980 libri,
908 1942 1045 1980 Propere
1061 1950 1190 1971 accerse.
1213 1942 1292 1972 Sine
1311 1940 1412 1971 dubio
1429 1941 1501 1972 haec
1515 1951 1584 1972 me-

128 1983 194 2013 lior
220 1983 333 2015 lectio.
360 1984 458 2014 Bent.
507 1985 658 2024 Propera,
683 1994 800 2015 arcesse
824 1985 863 2015 Z.
901 1984 965 2015 Abi
988 1985 1110 2014 domum
1124 1993 1262 2023 propere.
1295 1983 1424 2014 Accerse
1438 1984 1585 2015 Br.—16

129 2025 212 2056 Mss.
227 2027 364 2066 quidam
387 2029 491 2057 exeat.
537 2027 590 2057 Ita
606 2031 641 2057 et
658 2027 828 2057 nonnullae
847 2026 1017 2058 editorum
1033 2032 1208 2057 veterum:
1235 2025 1370 2067 quando
1386 2026 1585 2066 Pamphilus

130 2068 221 2098 solus
235 2069 461 2108 intelligitur.
496 2069 641 2101 Quidam
659 2070 742 2101 Mss.
766 2076 800 2100 et
817 2070 890 2100 ΕΡ.
917 2069 1163 2109 desponsabitur.
1186 2069 1228 2099 V
1232 2074 1295 2100 est.
1342 2069 1427 2100 Hice
1443 2079 1502 2109 pro
1529 2069 1586 2100 huc

130 2110 382 2152 130111.quihoc
399 2112 508 2142 minus
528 2112 612 2142 bene
626 2122 701 2143 esse.
714 2118 843 2143 censet.
847 2115 929 2143 —17
955 2116 982 2142 Ω
1004 2112 1163 2142 Plaudite.
1197 2112 1275 2142 Non
1292 2121 1358 2142 una
1375 2112 1584 2144 eruditorum

129 2150 298 2184 hominum
316 2154 358 2184 de
375 2154 438 2184 liac
454 2159 535 2185 nota
551 2153 612 2195 (Ω)
628 2161 680 2185 est
697 2154 881 2186 sententia.
913 2155 1052 2186 Petitus
1070 2164 1112 2185 ex
1126 2154 1170 2185 dt
1176 2155 1254 2202 plici
1268 2166 1314 2194 oo,
1330 2154 1363 2185 id
1377 2160 1428 2185 est
1433 2154 1588 2195 ,ὁόχλος,

131 2196 242 2232 turba,
258 2202 412 2236 caterva,
425 2197 514 2238 quod
538 2198 568 2227 in
589 2198 720 2229 Graecis
738 2197 922 2229 Comoediis
946 2196 1051 2228 fuerit
1069 2198 1274 2237 appositum,
1289 2197 1328 2227 τὸ
1343 2210 1365 2227 ω
1381 2203 1498 2228 natum
1512 2207 1586 2230 esse

133 2242 298 2270 autumat.
344 2240 535 2279 Boeclerus‚
548 2241 595 2270 uti
612 2250 679 2271 non
693 2246 811 2280 negat,
832 2239 908 2269 ’τὸι
926 2240 1106 2271 Plaudite'
1129 2250 1149 2270 a
1175 2246 1248 2270 toto
1266 2241 1466 2272 histrionum
1483 2251 1586 2281 grege

129 2280 234 2312 fuisse
249 2282 484 2321 acclamatum,
510 2283 559 2314 ita
576 2283 766 2320 contendit,
784 2283 969 2323 antiquitus
985 2292 1050 2312 non
1067 2286 1105 2318 Ω,
1121 2282 1211 2323 quod
1229 2284 1476 2322 Fa.1··epe1isse
1493 2294 1529 2314 se
1553 2285 1586 2315 in

133 2324 242 2354 Codd.
266 2325 505 2356 vetustissimis
523 2326 656 2364 scribit,
682 2326 740 2356 sed
758 2307 791 2356 G
808 2326 972 2365 scriptum
990 2325 1109 2363 tuisse,
1133 2335 1199 2366 quo
1214 2326 1303 2356 Grex
1318 2325 1423 2356 fuetit
1438 2332 1587 2359 notatus.

131 2366 295 2398 Dacieria
306 2371 334 2398 Ω.
349 2377 368 2399 a
386 2368 547 2399 Librariis
559 2369 713 2400 additum
727 2374 893 2409 autumat,
909 2373 946 2399 ut
962 2373 1053 2400 esset
1070 2369 1202 2409 signum
1219 2368 1326 2406 Finis,
1339 2370 1506 2410 quomodo
1520 2370 1586 2401 ele-

787 2456 818 2488 N
825 2455 929 2488 OTAE

177 2519 217 2548 15
244 2517 309 2552 Qui
335 2517 481 2555 auferunt
505 2518 588 2559 eam]
611 2520 831 2560 Virgo,nup-
888 2518 1024 2550 entibus
1041 2517 1187 2549 feliciter
1214 2518 1385 2549 cessisset.
1433 2519 1508 2551 Quo
1537 2529 1588 2550 re-

133 2567 184 2598 tui
201 2567 294 2607 data,
310 2569 450 2609 antiquo
468 2569 533 2600 ritu
552 2570 775 2601 simulabatur
791 2581 833 2601 ex
889 2570 1035 2610 spic-iens
1051 2570 1208 2600 Catullus
1239 2569 1343 2600 dicit:
1377 2570 1385 2586 ‘
1402 2570 1468 2603 Qui
1497 2571 1588 2610 rapis

133 2619 262 2658 gremio
280 2619 406 2658 matris,
423 2625 494 2660 aut,
518 2620 544 2650 si
569 2630 610 2651 ea
626 2620 775 2661 deesset,
793 2631 833 2651 ex
890 2626 1042 2650 teneram
1085 2620 1127 2650 ad
1159 2620 1267 2649 virum
1300 2620 1476 2659 Virginem
1492 2620 1515 2650 :’
1554 2622 1586 2652 in

133 2670 288 2709 proxima
303 2670 555 2701 necessitudine
571 2671 712 2701 muliere
737 2672 830 2711 rapi;
888 2670 1117 2710 Epithalamio
1133 2670 1252 2700 Manlii
1265 2675 1300 2700 et
1316 2670 1429 2702 Juliae.

134 2719 214 2750 inde
230 2719 272 2750 ad
297 2721 404 2750 virum
424 2719 713 2751 transferebatur:
742 2721 833 2761 quod
932 2724 970 2751 17
988 2720 1168 2761 Plaudite]‘
1182 2720 1368 2751 Plaudere’
1381 2721 1520 2750 verbnm
1539 2727 1589 2752 est

136 2778 176 2800 ea
193 2779 245 2801 res
262 2771 404 2802 Romulo
426 2771 559 2812 suisque
580 2770 725 2801 Sabinas
744 2772 832 2812 rapi-
890 2773 1086 2812 textricum,
1098 2771 1231 2803 Graecis
1247 2772 1368 2811 σπαθᾷν
1385 2772 1436 2801 tel
1452 2773 1585 2811 κροτεῖντ
