1903 3306
306 201 393 242 264

308 304 336 335 G
345 304 394 334 M.

308 409 396 441 Gov.

308 463 376 494 Gu.
394 466 424 494 l.
440 466 473 494 2.

308 569 422 601 Guelf.
442 572 566 601 1.2.3.

310 1792 397 1832 Guy.

308 1845 387 1876 Hel.

310 1897 391 1928 Hui.

308 1949 341 1983 J.

310 2109 406 2142 Junt.

310 2163 406 2196 Leid.
419 2166 447 2195 1.
462 2166 493 2195 2.
509 2166 537 2194 3.
551 2167 581 2195 4.
594 2167 626 2195 5.

311 2217 410 2248 Lind.

311 2271 362 2302 M.

314 2324 405 2355 Mur.

312 2377 388 2408 Pal.
404 2382 440 2408 et
456 2376 541 2408 Pall.

312 2429 394 2460 Par.

316 2482 392 2512 Par.
412 2485 439 2512 l.
457 2485 487 2513 2.
503 2486 533 2513 3.

315 2535 406 2567 Peri,

318 2588 394 2618 Pet.
461 2624 464 2627 Α

316 2641 405 2670 Pict.

316 2692 374 2724 Pr.

318 2746 357 2777 R.

694 213 957 243 ELENCHUS
991 213 1394 244 ALPHABE'rlcUS.

648 305 826 339 Gothanus
851 306 917 337 Ms.
935 306 1239 338 Membranaceus:
1265 307 1321 347 qui
1340 307 1514 339 Friderico
1530 309 1569 340 C.
1585 309 1629 341 G.
1646 310 1770 342 Perlet'

696 358 866 399 antiquior
883 358 1019 390 videtur
1035 359 1232 390 chartaceo.
1277 360 1368 391 Vide
1385 360 1460 392 GC.
1478 371 1595 402 supra.

653 411 848 443 Goveanus.

645 465 701 495 Sic
719 474 797 496 suos
811 464 1107 506 Guelferbytanus
1123 466 1223 497 codd.
1235 467 1387 506 appellat
1402 467 1525 500 Bothe.
1571 468 1766 501 vid.Praef.

693 527 724 557 p.
743 520 793 548 18.

647 571 694 602 Hi
727 574 806 602 sunt
834 575 905 601 tres
932 569 1031 602 codd.
1059 570 1108 602 sic
1140 570 1288 603 ordinati
1319 582 1339 603 a
1363 572 1495 605 Perlet.
1538 573 1594 604 De
1620 578 1766 615 quatuor

693 623 794 654 codd.
821 622 937 656 Guelf.
965 624 1014 655 sic
1043 624 1199 665 loquitur
1226 625 1276 656 vir
1308 625 1451 658 doctus:
1476 626 1500 644 “
1515 625 1608 658 Ante
1635 637 1767 667 omnes,

690 676 968 717 Guelferbytani,
984 677 1328 710 s.Wolfenbuttelani
1341 679 1442 711 codd.
1458 684 1605 721 quatuor
1619 681 1767 713 maximo

691 730 766 760 usui
782 730 863 761 mihi
878 730 1110 771 contigerunt.
1155 732 1250 764 Quos
1266 732 1309 763 ab
1325 733 1492 774 Langero‚
1504 733 1766 765 bibiiothecario

692 783 921 824 meritissimo,
940 784 1039 815 venia
1063 784 1146 816 data
1172 784 1215 816 ab
1239 785 1289 816 his
1306 785 1364 827 qui
1390 796 1433 817 ex
1456 786 1585 818 intimis
1600 786 1766 818 Sereniss.

692 836 799 868 Ducis
828 837 1044 879 Brunswigae
1069 837 1208 879 florent,
1243 844 1282 870 ut
1306 839 1500 880 acciperem
1525 840 1766 881 impetravisse

690 899 743 920 me
760 891 954 931 gratissimo
970 891 1081 923 animo
1098 895 1218 924 testor.
1260 893 1318 923 De
1341 892 1393 923 his
1421 892 1523 924 codd.
1547 892 1688 925 membr.
1712 897 1766 924 est

690 952 789 982 unus,
805 942 914 974 forma
935 944 1128 985 splendida,
1152 944 1184 975 iu
1199 943 1258 976 fol.
1275 944 1319 975 de
1343 954 1431 976 anno
1448 947 1543 976 1433.
1585 945 1766 976 Secundus

691 996 772 1026 mihi
790 995 908 1028 Guelf.
923 996 997 1028 cod.
1013 997 1047 1027 in
1063 1000 1134 1029 4t0.
1149 1001 1214 1037 est,
1229 997 1286 1028 vix
1303 997 1416 1039 aliqua
1431 1006 1466 1028 re
1478 1002 1608 1038 praeter
1623 996 1766 1029 formam

691 1048 884 1089 insignitus.
919 1049 1057 1081 Tertius
1073 1050 1221 1090 scriptus
1237 1055 1291 1081 est
1308 1060 1328 1081 a
1341 1051 1471 1082 duabus
1485 1050 1638 1082 manibus
1653 1050 1766 1082 diver-

690 1101 743 1131 sis.
789 1101 956 1133 Ultimum
974 1111 1201 1133 commemoro
1228 1102 1347 1135 Guelf.
1362 1103 1501 1143 librum,
1528 1113 1628 1145 quem
1654 1103 1766 1136 debeo

691 1154 892 1186 humanitati
916 1153 1065 1196 L'angeri
1091 1156 1183 1187 ultro
1209 1156 1291 1187 mihi
1322 1155 1620 1197 superaddentis.”
1664 1144 1766 1189 Cete-

691 1216 778 1244 rum,
802 1206 893 1248 quod
910 1207 1035 1238 attinet
1058 1207 1100 1238 ad
1129 1212 1198 1239 tres
1217 1209 1348 1249 priores
1365 1209 1482 1241 horum
1499 1208 1598 1240 codd.
1622 1213 1659 1240 et
1680 1219 1765 1251 quos

690 1260 900 1291 nominamus
913 1260 982 1292 Gu.
1000 1262 1029 1292 1.
1045 1263 1077 1292 2.
1101 1261 1174 1293 haec
1187 1261 1598 1302 notandajudicavimus:
1622 1262 1673 1293 Re
1690 1262 1766 1293 dili·

692 1316 814 1352 genter
832 1321 1013 1354 perpensa,
1029 1313 1200 1345 credimus
1217 1314 1284 1346 Gu.
1298 1317 1327 1346 l.
1345 1314 1461 1346 Bothii
1476 1324 1550 1346 esse
1567 1315 1711 1346 eundem
1724 1324 1765 1346 ac

691 1365 808 1397 Guelf.
833 1367 866 1398 3.
912 1365 1074 1398 Perletii:
1098 1365 1171 1409 (Cf.
1198 1367 1273 1398 VV.
1300 1368 1369 1398 LL.
1399 1367 1441 1399 ad
1464 1367 1572 1398 Andr.
1600 1376 1625 1399 1.
1651 1371 1682 1399 1.
1711 1369 1765 1401 72.

693 1419 779 1450 Eun.
809 1419 906 1451 Prol.
930 1429 980 1451 vs.
1007 1422 1039 1451 3.
1061 1419 1209 1462 Adelph.
1226 1430 1251 1452 1.
1270 1424 1366 1452 1.48.
1396 1430 1430 1451 v.
1453 1424 1484 1452 8.
1510 1419 1557 1462 6.)
1580 1427 1615 1452 et
1641 1421 1709 1453 Gu.
1734 1423 1770 1452 2.

692 1470 808 1502 Bothii
824 1471 970 1506 eundem
986 1481 1062 1504 esse
1078 1482 1118 1504 ac
1134 1473 1279 1504 Perletii
1297 1473 1413 1505 Guelf.
1429 1477 1460 1505 2.
1506 1473 1580 1514 (Cf.
1598 1474 1674 1505 VV.
1695 1475 1766 1507 LL.

693 1524 736 1557 ad
765 1524 873 1557 Andr.
889 1535 914 1557 1.
928 1528 960 1557 2.
975 1528 1029 1560 20.
1053 1531 1089 1558 et
1111 1529 1144 1559 3.
1175 1525 1245 1567 13.)
1290 1526 1350 1567 At,
1381 1527 1541 1569 quoniam
1567 1527 1624 1558 vix
1649 1537 1766 1560 omnes

692 1577 811 1619 nodos,
822 1578 879 1619 qui
895 1578 993 1610 nobis
1009 1579 1242 1620 quaerentibus
1258 1586 1356 1612 erant
1373 1580 1632 1621 impedimento,
1648 1591 1766 1622 possu-

692 1641 768 1663 mus
785 1631 964 1673 expedire,
979 1633 1094 1674 potius
1111 1633 1297 1665 eorundem
1314 1633 1469 1666 codicum
1488 1634 1652 1666 lectiones
1668 1643 1767 1675 repe-

693 1689 783 1726 tere,
813 1695 914 1727 quarn
946 1686 980 1718 in
1005 1685 1165 1728 ambages
1193 1691 1228 1717 et
1254 1686 1393 1718 insidias
1418 1687 1567 1720 lectores
1594 1687 1766 1720 adducere

694 1739 801 1770 visum
816 1744 882 1772 est.
927 1741 1018 1782 Ergo
1034 1740 1176 1782 quisque
1194 1750 1256 1782 pro
1273 1750 1308 1772 se
1320 1741 1465 1782 judicet.

654 1791 822 1832 Guyetus.

656 1845 734 1876 Vid.
748 1844 854 1877 Praef.
869 1856 904 1887 p.
917 1849 970 1878 18.

649 1898 778 1930 Donati
795 1900 862 1931 Ms.
878 1900 994 1932 Hulst.

654 1952 663 1967 ‘
678 1951 803 1992 Addo:
834 1953 883 1984 ait
906 1953 1038 1993 Pei-iet,
1058 1954 1067 1970 ⁴
1083 1953 1246 1985 lectiones
1262 1963 1281 1985 e
1297 1954 1416 1985 codice
1431 1954 1587 1995 senensi,
1611 1955 1765 1986 Romano

695 2013 734 2036 ac
749 2005 883 2037 Veneto
899 2006 1087 2046 desumtas‚
1111 2016 1194 2048 quas
1221 2007 1390 2039 variantes
1418 2007 1566 2039 Baebius
1591 2007 1767 2038 familiaris

696 2058 843 2100 benigne
859 2069 991 2091 mecum
1007 2059 1294 2091 communicavit?

660 2112 722 2142 Ed.
738 2113 891 2145 Juntina.

651 2164 794 2196 Codices
816 2166 1009 2198 Leidenses.
1055 2166 1163 2199 Praef.
1180 2177 1215 2208 p.
1233 2171 1263 2198 1.

649 2218 935 2260 Lindenbrogius‚
952 2231 978 2251 s.
996 2221 1298 2252 Lindenbruchins.

652 2271 719 2302 Ms.
737 2272 948 2304 Markianus.
996 2272 1102 2305 Praef.
1121 2283 1153 2315 p.
1168 2276 1200 2305 4.

653 2324 823 2356 Muretus.

650 2377 826 2409 Palatinus
843 2382 879 2410 et
892 2378 1063 2411 Palatini:
1089 2379 1193 2412 Parei
1210 2381 1360 2414 codices.

653 2430 796 2462 Pareus.

657 2483 761 2515 Parei
776 2483 922 2515 codices.

656 2536 749 2566 Frid.
767 2537 804 2568 C.
822 2537 865 2568 G.
878 2537 1007 2569 Perlet.

657 2587 776 2619 Codex
792 2589 981 2622 Petrensis.

657 2640 773 2672 Editio
789 2641 1028 2674 pictaviensis.
1064 2643 1168 2676 Praef.
1185 2654 1217 2685 p.
1234 2649 1266 2675 7.

658 2692 865 2725 Priscianus.

659 2746 726 2778 Ms.
744 2747 776 2778 in
792 2748 880 2779 Bibl.
901 2749 987 2788 Reg.
1006 2750 1113 2781 Paris.
