1945 3296
672 215 735 244 ns
768 214 1044 245 THEATRO.-
1519 203 1577 245 63

120 308 238 346 Ludis
265 308 457 346 observari
491 307 683 353 solebant,
714 315 848 345 exacte
878 314 1023 346 teneat.
1080 306 1138 344 Ita
1159 307 1238 352 fiet,
1258 315 1302 345 ut
1321 316 1458 358 postea
1479 308 1573 346 nihil

119 378 257 422 praeter
271 378 478 410 metrorum
499 371 686 409 rationem
707 384 754 410 ac
770 384 950 409 versuum
969 384 1172 409 mensuras
1189 371 1409 409 desiderare
1426 373 1571 422 possit:

119 449 219 486 quas
238 435 415 472 nimirum
435 448 482 472 ex
500 435 747 481 Terentiano,
772 436 944 473 omnium
978 436 1201 473 Latinorum
1235 436 1574 485 grammaticorum

119 498 349 544 cultissimo,
381 505 421 535 et
449 498 486 534 in
519 498 594 536 hac
627 512 667 536 re
698 499 908 549 plurimum
938 500 1162 545 exercitato,
1197 499 1398 536 desumere
1432 499 1575 537 licebit.

122 562 196 599 Hic
215 562 346 612 itaque
362 561 456 599 libet
483 561 786 600 adolescentulis
807 563 995 600 bonarum
1027 562 1221 600 literarum
1244 561 1430 599 studiosis
1452 562 1576 599 brevi-

119 631 177 663 ter
197 638 434 676 proponere:
465 625 645 675 primum,
676 625 782 662 unde
816 632 909 662 nata
943 625 993 662 sit
1026 625 1242 671 Oomoedia,
1273 637 1429 675 quoque
1460 632 1575 675 pacto

69 689 79 700 “
121 695 211 726 ante
233 688 520 726 Comoediarum
542 702 653 726 usum
675 689 824 738 antiqui
843 689 970 738 po'etae
990 687 1174 726 luserint:
1205 688 1346 725 deinde
1359 701 1463 734 vero,
1481 701 1579 738 quo-

119 751 236 790 modo
258 751 471 789 Comoediae
505 751 569 802 agi
603 764 648 789 ac
681 751 920 802 pronuntiari
956 751 1081 789 solitae
1113 751 1270 797 fuerint,
1303 758 1346 789 ut
1366 751 1457 802 quid
1480 752 1577 789 Ludi

121 815 213 860 sint,
230 815 325 866 quid
360 815 540 861 Theatra,
575 816 727 861 Scenae,
760 816 897 860 Actus,
929 815 1128 862 Personae,
1163 822 1202 853 et
1220 815 1260 853 id
1281 828 1403 865 genus
1435 823 1576 862 cetera,

121 878 235 916 facile
265 878 517 928 intelligatur.
575 877 692 920 Quod
727 891 825 928 opus
860 878 954 916 dum
980 879 1244 928 aggredimur,
1278 879 1430 917 facilem
1460 887 1579 929 atque

122 949 314 980 attentum
345 942 528 979 lectorem
562 954 648 979 esse
683 942 874 992 cupimus,
907 948 951 979 ut
983 941 1142 980 tandem
1175 941 1381 993 intelligat,
1414 943 1508 993 quid
1530 943 1581 981 sit

124 1006 284 1053 Fabula,
305 1006 526 1058 Tragoedia,
547 1005 749 1044 Comoedia
769 1006 908 1052 Vetus,
930 1006 1082 1057 Satyra,
1104 1012 1144 1044 et
1161 1007 1274 1044 Nova
1294 1006 1508 1045 Comoedia.

339 1124 472 1169 Qun)
518 1123 743 1171 FABULA,
788 1124 1100 1171 TRAGOEDIA,
1144 1125 1369 1172 SATYRA,

469 1188 742 1225 COMOEDIA
771 1188 944 1225 VETUS
975 1189 1040 1226 ET
1071 1189 1233 1226 NOVA.

178 1263 327 1302 Fabula
355 1263 537 1314 generale
570 1275 710 1300 nomen
745 1268 817 1308 est,
848 1262 1109 1313 Tragoediam,
1144 1263 1325 1309 Satiram,
1357 1269 1396 1301 et
1427 1263 1582 1302 Comoe-

126 1328 230 1366 diam
249 1328 287 1365 in
309 1341 350 1366 se
367 1327 647 1377 complectens.
691 1327 839 1378 Estque
857 1327 1007 1365 Fabula
1020 1328 1188 1365 narratio
1204 1327 1384 1378 quaedam
1401 1329 1582 1374 conficta,

125 1398 164 1428 et
183 1391 409 1428 demissiore
430 1390 657 1442 plerumque
690 1390 791 1441 stylo
827 1403 873 1428 ac
905 1390 1082 1429 versibus
1117 1392 1341 1441 conscripta
1374 1390 1424 1429 ad
1452 1391 1584 1429 oblec-

125 1455 310 1493 tationem
331 1454 566 1492 auditorum.
625 1453 739 1492 Unde
772 1454 888 1491 etiam
909 1453 1098 1492 Poemata
1131 1454 1230 1492 inter
1252 1454 1422 1492 Fabulas
1444 1467 1467 1492 a
1485 1467 1585 1492 non-

124 1518 242 1556 nullis
263 1524 617 1556 connumerantur:
652 1525 887 1570 quapropter
908 1518 1143 1568 quibusdam
1173 1518 1279 1556 visus
1301 1525 1362 1557 est
1388 1518 1584 1557 Homerus

125 1582 288 1620 Iliadem
334 1583 456 1620 instar
497 1581 732 1633 Tragoediae,
780 1581 1000 1634 Odysseam
1040 1582 1090 1621 ad
1120 1583 1330 1634 imaginem
1369 1581 1582 1620 Comoediae

125 1645 419 1698 conscripsisse.

179 1709 388 1761 Tragoedia
407 1717 536 1748 autem
559 1709 708 1748 Fabula
729 1716 801 1757 est,
823 1723 900 1761 qua
921 1710 1069 1762 antiqui
1094 1709 1446 1762 reprehendebant,
1476 1709 1584 1761 quod

125 1772 164 1810 in
185 1774 299 1811 rebus
320 1785 398 1811 non
419 1773 544 1811 solum
564 1773 724 1824 privatis
747 1786 791 1812 ac
813 1773 1007 1820 civilibus,
1036 1774 1105 1812 sed
1125 1774 1290 1812 maxime
1321 1773 1453 1812 arduis
1473 1782 1512 1812 et
1533 1774 1584 1812 ad

125 1836 318 1888 principes
354 1838 604 1876 attinentibus
637 1837 765 1875 minus
799 1845 964 1876 rectum.
984 1838 1198 1876 videbatur.
1275 1838 1320 1875 In
1356 1851 1403 1876 ea
1441 1838 1585 1876 scenici

128 1914 298 1947 amurca,
315 1909 353 1940 et
368 1902 442 1940 olei
459 1902 620 1941 faecibus
635 1905 752 1954 (quas
768 1902 897 1941 Graeci
917 1903 1054 1954 τρύγας
1069 1903 1231 1950 vocant)
1248 1901 1489 1954 perlinebant
1503 1914 1584 1947 ora,

128 1971 218 2002 ante
250 1978 364 2003 usum
400 1978 683 2017 personarum:
728 1965 832 2003 unde
866 1966 1085 2017 Tragoediae
1117 1978 1274 2004 nomen.
1340 1965 1435 2016 Ejus
1468 1977 1586 2016 grave

130 2035 399 2079 argumentum
430 2029 515 2076 fuit,
548 2030 710 2080 petitum
745 2043 849 2082 saepe
870 2031 918 2068 ab
939 2031 1125 2068 historica
1157 2030 1254 2068 fide:
1285 2029 1404 2067 dictio
1438 2042 1584 2076 severa,

131 2093 321 2140 sublimis,
342 2106 447 2144 saepe
467 2093 638 2132 tumida:
669 2094 882 2144 tranquilla
901 2095 1038 2145 prima,
1059 2094 1186 2131 exitus
1207 2094 1368 2133 funesti.

183 2156 281 2194 Post
311 2156 559 2208 Tragoediam
587 2156 747 2194 inventa
781 2157 998 2204 Comoedia,
1030 2171 1119 2208 quae
1139 2157 1263 2195 Vetus
1298 2157 1404 2196 dicta
1432 2166 1516 2197 est:
1546 2160 1586 2197 in

130 2233 208 2271 qua
225 2223 286 2270 (ut
303 2220 340 2257 in
361 2220 568 2270 Tragoedia
588 2222 761 2271 quoque)
781 2220 945 2271 simplex
978 2233 1133 2259 carmen
1161 2222 1258 2259 fuit:
1301 2222 1408 2272 quod
1429 2236 1586 2261 carmen

130 2284 271 2322 chorus
291 2284 394 2322 circa
413 2296 498 2321 aras
519 2284 715 2321 fumantes
738 2296 841 2322 nunc
863 2284 1068 2335 spatiatus,
1103 2298 1209 2323 nunc
1230 2285 1430 2324 revolvens
1453 2300 1586 2337 gyros,

130 2361 219 2385 cum
254 2347 412 2385 tibicine
439 2348 693 2386 concinebat:
724 2354 884 2398 eratque
918 2349 1040 2399 primo
1073 2361 1153 2386 una
1172 2362 1340 2399 persona
1361 2351 1585 2388 cantoribus

130 2411 355 2457 substituta,
375 2424 477 2462 quae,
497 2408 739 2463 respondens
761 2412 919 2450 alternis
945 2413 1078 2459 choro,
1111 2412 1376 2464 locupletabat
1395 2414 1587 2451 variabat-

132 2488 208 2525 que
236 2488 316 2514 rem
346 2475 548 2513 musicam.
605 2475 757 2513 Chorus
793 2482 923 2514 autem
956 2476 995 2513 in
1026 2476 1246 2527 Tragoedia,
1283 2484 1351 2514 aut
1385 2478 1587 2515 Comoedia

132 2539 286 2586 Vetere,
316 2538 517 2578 dicebatur
551 2539 760 2577 multitudo
785 2553 1005 2578 coaevorum
1027 2540 1230 2591 juvenum,
1251 2547 1319 2579 aut
1337 2541 1528 2580 minorum
1548 2541 1586 2578 in

135 2602 269 2649 sacris,
289 2602 349 2640 vel
371 2615 502 2648 scena,
522 2604 765 2640 cantantium
787 2610 903 2654 atque
925 2603 1162 2643 saltantium.

190 2666 280 2703 Fuit
299 2666 421 2704 Vetus
445 2665 647 2703 Comoedia
666 2666 817 2704 Graecis
838 2666 1006 2704 Archaea
1031 2666 1150 2714 dicta,
1171 2668 1263 2719 quia
1281 2675 1386 2706 esset
1405 2668 1453 2706 de
1475 2668 1585 2705 nobis

135 2741 272 2780 parum
300 2729 466 2780 cognitis
497 2729 627 2768 vitiis:
657 2730 750 2768 item
780 2729 897 2769 etiam
919 2731 1173 2782 Eteonymos,
1200 2731 1294 2783 quia
1312 2732 1459 2771 inesset
1479 2732 1516 2768 in
1540 2744 1585 2768 ea
