1903 3306
314 223 398 266 228

424 331 481 369 ais
850 344 896 368 eo

424 396 478 432 ait
849 395 902 432 rei

421 471 530 495 meus
849 457 932 507 spei

424 527 514 559 tuus
586 534 652 571 per
671 533 805 558 omnes
849 520 939 558 fidei

425 597 518 622 suus
640 597 754 622 casus
845 583 922 621 diei

423 648 531 685 Deus
850 647 913 686 die

424 711 521 748 Deae
850 711 914 748 via

427 773 516 811 duae
852 774 945 824 quia

854 837 969 875 trium

424 911 561 950 mulier
572 911 585 933 ⁸
747 911 902 950 eveniat

425 975 562 1012 melius
746 975 945 1026 perveniat

429 1038 586 1076 suavius
749 1039 902 1077 divitias

428 1102 583 1152 probior
751 1102 865 1140 etiam

428 1166 590 1216 nequior
748 1165 913 1216 ineptias

431 1229 646 1267 sexcenties
749 1229 951 1267 certiorem

426 1293 491 1331 via
749 1294 993 1331 occasionem

428 1356 520 1406 quia
749 1357 989 1395 tumultuosa

802 233 1108 266 FRANCISGUS
1144 235 1279 265 HARE

1114 329 1252 367 eodem
1432 330 1602 368 fuissent

1117 393 1254 431 eadem
1434 394 1564 431 'sciunt

1114 469 1247 494 eamus
1435 456 1567 494 videat

1114 520 1182 557 filii
1433 526 1545 557 taceo

1111 582 1208 634 perii
1434 582 1569 620 docuit

1116 646 1245 684 aiebat
1434 658 1659 685 commoveo

1118 710 1172 747 fui
1434 717 1698 748 transeuntem

1118 773 1191 810 fuit
1437 773 1569 825 gaudii

1121 836 1229 875 fuisti
1432 837 1605 888 jurgium

1093 909 1372 961 grandiuscula
1495 909 1666 961 potuerit

1093 974 1357 1012 tardiusculus
1493 973 1642 1024 rejiciat

1092 1036 1386 1088 comprehendit
1493 1036 1638 1074 introiit

1094 1101 1278 1152 reprehen
1285 1101 1340 1140 dit
1456 1142 1462 1143 ἶ
1495 1100 1663 1138 abieram

1095 1164 1302 1202 deosculor
1496 1163 1625 1201 abiero

1096 1228 1323 1267 dehortatus
1494 1225 1653 1265 redierit

1093 1293 1316 1344 aperiuntur
1491 1289 1669 1341 perierim

1091 1356 1218 1407 ejiciat
1229 1355 1246 1376 ⁹
1490 1352 1688 1404 periimus.

377 1441 507 1488 Nono,
526 1441 642 1479 verba
677 1454 780 1492 saepe
810 1442 985 1479 breviant
1017 1439 1229 1479 exterendo
1248 1438 1425 1478 vocalem
1444 1437 1505 1476 vel
1541 1436 1730 1488 syllabam
1749 1449 1772 1474 e

322 1505 452 1543 media
470 1518 579 1550 voce,
599 1505 659 1542 vel
680 1506 891 1543 resecando
912 1519 935 1544 a
955 1507 1029 1544 fine
1046 1519 1054 1544 :
1085 1517 1247 1557 quorum
1267 1504 1371 1555 prius
1392 1514 1562 1554 syncope
1575 1500 1682 1539 dicta
1696 1506 1775 1548 est,

325 1570 487 1607 alterum
507 1581 693 1619 apocope.

325 1649 514 1699 Exempla
535 1661 728 1700 syncopes
751 1648 828 1686 sint
847 1648 933 1686 haec
951 1661 959 1685 ι

411 1750 531 1800 erpite
687 1749 783 1787 dixti

412 1813 564 1864 surpuit
681 1813 779 1864 justi

412 1891 581 1928 exporge
689 1878 810 1916 sensti

412 1941 540 1978 amisti
689 1940 856 1978 audistin

414 2003 604 2042 commisti
688 2003 777 2040 dixe

411 2066 587 2117 promisti
687 2066 848 2104 decesse

413 2129 649 2181 praescripsti
689 2129 860 2167 excessis

414 2193 576 2232 exclusti
689 2194 862 2231 scissem.

370 2307 390 2335 7
414 2303 514 2343 Mihi]
541 2303 626 2334 Mihi
642 2307 677 2334 et
701 2302 782 2334 nihil
798 2305 875 2333 sunt
893 2310 1027 2341 semper

329 2353 402 2385 fere
418 2354 665 2393 monosyllaba,
682 2354 735 2384 vel
750 2357 843 2384 certe
860 2351 1027 2382 rarissime

329 2403 364 2434 in
377 2403 457 2434 duos
474 2403 578 2443 pedes
595 2403 837 2434 distrahuntur.

373 2457 392 2484 8
416 2452 549 2492 Mulier]
572 2453 614 2484 In
630 2454 692 2484 hac
711 2462 792 2484 voce
810 2451 1028 2492 plurimisque

331 2504 417 2542 aliis,
433 2503 466 2533 in
481 2503 597 2543 quibus
612 2502 738 2533 vocalis
754 2502 843 2543 prior
857 2507 906 2533 est
922 2501 1029 2541 i,con-

332 2552 456 2584 tractio
486 2552 525 2583 fit
549 2552 711 2582 mutando
740 2552 749 2582 i
777 2552 809 2582 iu
835 2561 1029 2590 consonam,

331 2612 419 2643 quae,
435 2606 472 2632 ut
489 2605 567 2632 ante
585 2600 712 2631 dictum
727 2606 790 2639 est,
808 2601 1031 2640 pronuntian-

332 2653 376 2682 ‹la
393 2656 444 2682 est
465 2656 501 2682 ut
528 2655 678 2681 nostrum
695 2660 737 2689 y:
764 2655 865 2690 atquc
893 2651 953 2681 liac
979 2660 1029 2680 ra-

335 2703 426 2733 tione
455 2700 559 2741 pcdcs
585 2700 879 2740 proceleusmatici
908 2701 939 2730 iu
957 2710 1030 2731 vcr-

336 2761 430 2783 suum
463 2750 584 2782 finibus
612 2759 704 2790 saepe
733 2750 766 2780 in
795 2750 948 2788 dactylos
977 2751 1028 2780 vel

1016 1621 1164 1660 Eodem
1182 1620 1299 1658 modo
1318 1619 1357 1656 in
1377 1616 1520 1669 dissyl-

1071 1685 1161 1722 laba
1179 1681 1460 1721 contrahuntur

1061 1750 1224 1787 alterum
1339 1749 1362 1800 Ἰ,

1062 1812 1193 1850 militis

1061 1875 1228 1914 nominis
1391 1887 1469 1926 quo
1488 1880 1603 1926 pacto

1060 1939 1270 1990 virginem¹
1391 1939 1452 1976 hae
1471 1951 1587 1977 voces

1061 2002 1263 2040 clamitans
1355 1973 1414 2042 >ε
1434 2001 1590 2049 (πιεῐίοἰεΔ

1062 2065 1263 2116 paululum
1393 2064 1492 2103 fiunt
1509 2064 1700 2116 spondaei.

1064 2129 1194 2166 liberae
1206 2129 1223 2146 ²

1060 2191 1197 2230 liberet
1214 2205 1222 2230 :
1344 2188 1366 2242 j

1081 2301 1228 2332 creticos
1253 2301 1511 2342 contrahuntur,
1537 2305 1574 2333 ut
1598 2301 1646 2339 iu,
1662 2299 1777 2332 mulie-

1083 2360 1166 2389 rem,
1187 2351 1358 2390 mulieres,
1383 2351 1510 2391 abiero,
1533 2349 1702 2391 perierim,
1726 2359 1778 2380 re-

1082 2401 1198 2440 dierit,
1239 2401 1448 2442 praeterieris
1473 2411 1482 2432 :
1518 2409 1594 2442 quae
1631 2409 1780 2441 pronun·

1082 2450 1210 2491 tianda,
1240 2452 1454 2491 mul-yerem,
1483 2451 1681 2490 mul-yeres,
1719 2448 1777 2480 ab-

1081 2510 1177 2541 yem,
1205 2501 1401 2541 per—yerim‚
1427 2500 1605 2541 red-yerit‚
1635 2503 1778 2540 praeter-

1083 2551 1171 2591 yerit
1186 2561 1193 2581 :
1211 2560 1322 2592 neque
1339 2551 1480 2592 syllaba,
1496 2560 1570 2591 quae
1587 2550 1596 2580 i
1613 2549 1647 2579 in
1662 2557 1778 2579 conso·

1084 2610 1159 2631 nam
1178 2610 1307 2631 versam
1323 2600 1500 2641 praecedit,
1511 2598 1697 2629 mutatione
1713 2597 1779 2628 ista

1086 2659 1220 2690 semper
1237 2649 1447 2689 producitur.
1496 2647 1607 2687 Hujus
1623 2646 1778 2686 exempla

1084 2700 1184 2740 plura
1210 2704 1289 2730 sunt
1315 2699 1403 2739 apud
1432 2698 1606 2736 Plautum,
1621 2695 1690 2735 ubi,
1707 2705 1778 2725 mu-

1084 2750 1157 2790 lier,
1174 2750 1298 2791 potius,
1314 2749 1462 2790 probior,
1478 2752 1513 2780 et
1532 2746 1654 2778 similes
1677 2755 1777 2777 voces
