1903 3306
304 217 389 258 410
804 227 843 256 P.
877 224 1118 257 'rEREN'ru
1152 224 1268 255 ΛΡΜ

303 323 375 364 Ex
411 322 566 364 Attica
604 322 705 364 hinc
747 319 993 374 abreptam.
1053 320 1143 361 PH.
1188 319 1436 361 Civemne‘!
1494 317 1588 361 TH.
1630 317 1761 361 Arbi-

479 395 592 430 tror:
1705 387 1762 428 30

305 456 487 498 Certum
506 471 591 498 non
612 456 804 497 scimus:
834 454 987 495 matris
1008 467 1169 494 nomen
1191 456 1235 494 et
1254 454 1392 506 patris

306 526 500 566 Dicebat
519 525 644 578 ipsa:
676 524 867 578 patriam
890 527 935 563 et
955 523 1080 575 signa
1101 529 1251 562 cetera

305 594 466 646 Neque
489 593 687 633 sciebat:
719 603 860 643 neque
882 603 958 643 per
979 594 1159 630 aetatem
1181 589 1314 630 etiam
1334 592 1557 642 potuerat.

307 661 534 702 Mercator
553 661 639 700 hoc
663 659 865 707 addebat,
887 671 910 698 e
933 657 1235 710 praedonibus,

306 728 435 769 Unde
458 732 641 776 emerat,
663 739 712 766 se
733 725 924 774 audisse,
947 726 1176 777 abreptam
1197 736 1220 764 e
1242 724 1396 765 Sunio.
1703 724 1760 766 35

307 796 455 837 Mater
476 795 553 835 ubi
575 793 765 846 accepit,
787 793 924 845 coepit
945 791 1148 832 studiose
1166 791 1313 833 omnia

306 865 497 913 Docere,
519 862 724 909 educare,
749 860 813 900 ita
833 859 899 900 uti
920 859 959 899 si
982 862 1103 899 esset
1124 857 1227 898 filia.

306 933 513 973 Sororem
535 931 732 984 plerique
752 941 852 969 esse
875 927 1114 968 credebant
1135 939 1294 968 meam.

306 1000 402 1053 Ego
425 1012 525 1041 cum
545 999 635 1047 illo,
658 1010 746 1052 quo
770 1009 871 1037 cum
889 1001 980 1036 tum
1000 1008 1088 1036 uno
1110 1008 1201 1035 rem
1221 995 1443 1036 habebam
1462 995 1657 1049 hospite,

305 1067 412 1109 Abii
433 1069 542 1109 huc:
575 1067 652 1120 qui
674 1065 781 1106 mihi
803 1064 983 1117 reliquit
1007 1064 1121 1114 haec,
1145 1076 1245 1116 quae
1267 1063 1425 1113 habeo,
1448 1064 1605 1104 omnia.
1707 1064 1764 1104 40

306 1136 396 1177 PA.
428 1135 674 1187 Utrumque
706 1133 790 1174 hoc
822 1132 984 1173 falsum
1017 1136 1112 1172 est:
1152 1129 1313 1171 effluet.
1372 1131 1463 1171 ΤΗ.
1496 1130 1587 1181 Qui
1614 1129 1763 1172 istuc?

480 1202 568 1244 PA.
601 1201 723 1252 Quia

308 1328 379 1360 ΡΗ.
407 1328 552 1358 Civemne
579 1324 744 1356 Atticam?
787 1324 856 1355 ΤΗ.
885 1324 1024 1364 opinor.-
1058 1324 1092 1354 z'd
1116 1326 1302 1364 compertum
1325 1321 1416 1354 nobis·
1434 1322 1569 1353 nondum
1591 1324 1649 1353 est.
1692 1321 1767 1362 Ipsa

308 1371 412 1411 puella
432 1370 536 1410 patris
559 1372 589 1400 et
611 1368 722 1399 matris
736 1377 843 1398 nomen
858 1367 990 1398 dicebat.
1035 1367 1184 1398 Patriam
1207 1369 1237 1397 et
1261 1366 1350 1405 signu
1376 1369 1488 1404 cetera,
1514 1363 1622 1405 quibus
1643 1364 1768 1404 agnosci

307 1417 421 1455 posset,
447 1412 634 1451 ignorabam
655 1421 749 1451 neque
773 1413 899 1450 propter
922 1413 1046 1441 oetatem
1067 1410 1201 1450 primam
1225 1409 1305 1440 scire
1333 1411 1488 1448 potuerat.
1534 1407 1704 1443 Mercator,
1727 1408 1768 1438 ad

308 1457 411 1497 patris
427 1459 457 1487 et
473 1455 584 1485 matris
598 1464 706 1485 nomen
722 1455 799 1494 quod
814 1454 915 1493 puella
930 1453 1063 1492 dicebat,
1080 1452 1134 1482 hoc
1147 1452 1343 1491 adjungebat,
1358 1461 1389 1482 se
1404 1450 1554 1491 accepisse
1569 1461 1587 1482 a
1606 1450 1732 1490 piratis,
1747 1460 1768 1480 α

310 1500 418 1540 quibus
442 1502 572 1537 emerat,
594 1507 661 1528 eam
684 1500 808 1536 raptam
819 1497 923 1534 fuisse
944 1505 959 1526 e
982 1496 1093 1533 Sunio,
1108 1495 1227 1526 Atticae
1247 1494 1464 1536 promontorio.
1507 1494 1627 1530 Mater,
1647 1492 1699 1524 uhi
1714 1492 1770 1523 lwc

310 1542 479 1581 inaudivit,
493 1551 610 1572 summa
625 1540 794 1578 diligentia
810 1543 838 1569 et
851 1549 924 1569 cura
941 1539 1042 1569 omniu
1057 1538 1159 1568 docuit
1176 1548 1244 1578 quae
1259 1539 1427 1576 ingenuam
1442 1538 1561 1576 decent,
1583 1540 1613 1567 et
1627 1535 1770 1567 educavit

312 1585 400 1625 quusi
414 1584 627 1625 suamfiham,
643 1584 717 1613 adeo
732 1585 767 1612 ut
783 1583 873 1620 vulgo
886 1592 972 1612 soror
986 1591 1053 1612 mea
1075 1591 1137 1612 esse
1151 1583 1339 1612 crederetur.
1383 1580 1453 1618 Ego
1468 1589 1536 1610 cum
1555 1579 1619 1615 illo,
1642 1587 1770 1619 quocum

312 1629 375 1659 solo
401 1626 649 1658 consuetudinem
673 1625 831 1663 habebam,
852 1628 917 1654 tum
942 1625 1059 1655 adt-ena
1084 1623 1205 1663 Attico,
1230 1625 1288 1654 huc
1302 1623 1443 1654 Athenas
1468 1622 1577 1652 Rhodo
1602 1621 1695 1652 veni:
1717 1621 1770 1651 ille

312 1671 391 1702 mihi
414 1672 516 1701 omnia
532 1670 597 1700 hoec
613 1669 702 1707 bona,
718 1678 787 1708 quoe
801 1668 953 1707 possideo,
969 1667 1102 1697 moriens
1124 1666 1265 1706 reliquit.
1312 1666 1377 1696 ΡΛ.
1406 1665 1577 1704 Utrumque
1590 1663 1770 1701 hocsalsum

313 1717 371 1754 est,
388 1715 514 1754 ideoque
530 1711 708 1753 effundetur
719 1722 729 1742 .·
752 1711 807 1741 hoc
822 1714 923 1742 tacere
938 1720 995 1740 non
1009 1714 1127 1750 potero.
1170 1709 1243 1740 ΤΗ.
1267 1709 1423 1744 Quomodo
1437 1705 1547 1739 istud?
1594 1708 1658 1739 ΡΑ.
1688 1706 1771 1742 Quia

921 1818 1137 1829 eeeeeeeeeee

316 1892 357 1920 30
382 1888 432 1918 M.
450 1889 626 1927 arreptam.-
651 1884 740 1926 quod
759 1888 792 1915 et
810 1884 842 1915 in
859 1885 953 1925 Lips.
970 1889 1005 1915 et
1027 1883 1189 1924 plusculis
1214 1883 1383 1914 aliha—31
1410 1880 1500 1922 Lips.
1525 1881 1625 1919 alter,
1643 1881 1772 1910 Certum

315 1932 565 1963 nescimus.—-32
584 1929 656 1959 ΕΡ.
673 1928 764 1967 signa
779 1930 959 1958 cerm-33
975 1928 1118 1958 Vari-ant
1136 1926 1235 1958 codd.
1247 1926 1332 1956 Mss.
1346 1931 1380 1955 et
1399 1923 1566 1964 impressi.
1600 1922 1712 1954 Cerda
1729 1922 1772 1953 ad

317 1975 415 2013 Vin-g.
432 1973 506 2004 AEn.
524 1981 576 2003 xr.
592 1974 666 2002 572.
685 1971 783 2001 scibat
801 1975 924 2001 tuetur.
968 1970 1138 2009 Potuerat]
1164 1971 1265 2000 Forte
1284 1967 1447 2003 Latinius,
1460 1969 1596 2007 poterat,
1612 1964 1700 2007 quod
1717 1965 1776 1996 ali-i

315 2018 399 2048 libb.
418 2014 619 2055 praeferunt,
643 2014 722 2054 quia
740 2014 874 2044 scilicet
888 2012 1005 2044 sciebat
1023 2013 1210 2053 praecessit.
1255 2011 1370 2052 Atque
1392 2011 1441 2041 ita
1465 2015 1519 2040 est
1542 2009 1575 2040 in
1592 2017 1657 2039 uno
1675 2006 1772 2039 Leid.

316 2060 407 2101 [Bru]
419 2060 473 2090 Tr.
486 2068 577 2093 vero,
588 2056 683 2088 etiam
693 2057 772 2087 scire
780 2059 935 2096 potuerat.
960 2056 1065 2096 Lipsii
1078 2056 1152 2087 cod.
1169 2054 1283 2094 dubie,
1294 2057 1447 2093 potuerat.
1461 2052 1571 2083 west.
1591 2051 1654 2082 Fa.
1668 2050 1772 2082 Both.

318 2104 356 2135 Z.
367 2105 523 2143 potuerat.
558 2099 709 2139 Corrigit
722 2099 825 2131 Bent.
841 2100 885 2129 N.
897 2098 1006 2138 scibat,
1016 2109 1050 2130 η.
1060 2109 1091 2138 p.
1103 2109 1141 2130 α’.
1155 2098 1249 2129 etiam
1259 2098 1343 2137 potis
1355 2099 1433 2127 erat.
1460 2095 1517 2126 Ita
1529 2103 1663 2136 quoque
1675 2093 1772 2125 Perl.

316 2147 402 2177 Tunc
427 2147 568 2184 potuerat
584 2142 706 2174 omisso
732 2143 829 2172 etium
852 2141 968 2173 Guelf.
999 2144 1114 2173 3.—-35
1140 2142 1225 2172 Mss.
1252 2139 1410 2180 quidam:
1441 2138 1531 2169 Unde
1554 2147 1621 2168 eam
1645 2139 1773 2168 emerat.

315 2189 408 2228 Lips.
426 2188 503 2218 Inde
514 2189 640 2217 emerat.
657 2185 700 2217 G.
715 2189 749 2215 et
764 2185 845 2215 EM.
858 2194 874 2215 e
887 2185 992 2215 Samo.
1007 2186 1016 2201 ‘
1031 2184 1151 2216 Cicero
1160 2184 1202 2214 ad
1217 2182 1292 2214 Att.
1305 2185 1334 2213 7.
1346 2185 1377 2213 3.
1389 2181 1486 2217 citat,
1499 2184 1621 2220 captam
1632 2189 1648 2210 e
1658 2179 1776 2211 Sunio.-

315 2232 379 2262 nisi
396 2231 499 2269 forte,
516 2234 554 2260 ut
570 2228 679 2260 Boecl.
697 2228 882 2267 existimat,
900 2227 1051 2258 Terentii
1072 2227 1214 2258 verbum
1240 2225 1417 2256 exciderat
1434 2222 1618 2255 memoria!
1640 2223 1776 2253 Perh—

316 2277 358 2305 36
371 2274 473 2313 Vulg.
489 2283 518 2304 α.
531 2272 623 2312 coepz't
638 2270 777 2302 studiose
791 2281 819 2302 ο.
835 2280 876 2301 ex
889 2271 950 2302 int.
967 2276 1001 2301 et
1013 2269 1368 2310 xanooaeuaes‚maleque
1384 2267 1492 2307 posito
1508 2266 1612 2297 verbo
1626 2265 1776 2304 studiose,

317 2317 428 2358 inquit
445 2315 544 2347 Both.
560 2316 617 2356 qui
635 2314 738 2354 legit:
763 2315 892 2354 accepit,
906 2313 1008 2344 studio
1022 2314 1114 2353 caepit
1130 2315 1244 2344 o.—-37
1264 2311 1332 2342 Alii
1349 2311 1474 2341 educere
1485 2320 1495 2340 .·
1513 2308 1601 2350 quod
1618 2307 1777 2348 frequen-

319 2361 385 2391 tius
403 2359 492 2399 apud
512 2359 692 2394 Nostrum,
708 2360 744 2387 et
759 2356 915 2387 defendit
931 2356 1009 2386 Riv.
1026 2356 1243 2396 postulatque
1257 2359 1415 2384 metrum.
1436 2352 1535 2384 West.
1582 2352 1623 2382 D.
1638 2351 1776 2389 educere,

319 2403 365 2433 ita
380 2406 415 2433 ut
430 2412 454 2432 s.
471 2412 496 2432 e.
510 2400 558 2440 f.]
581 2400 727 2430 Videtur
740 2400 813 2430 haec
832 2400 910 2430 lect.
924 2399 1004 2430 inde
1021 2403 1143 2437 sumta,
1155 2397 1244 2439 quod
1262 2395 1351 2427 infra
1366 2396 1494 2426 dicitur
1508 2395 1517 2412 ‘
1531 2394 1649 2425 eduxit
1665 2397 1775 2424 mater

321 2455 382 2485 pro
407 2443 487 2475 sua!
532 2442 601 2474 Sed
626 2442 735 2473 nullus
760 2442 847 2473 liber
871 2446 925 2473 est
948 2442 980 2472 in
1005 2451 1071 2482 quo
1088 2442 1144 2480 sit,
1171 2442 1317 2472 educere.-
1338 2448 1436 2480 quam
1454 2438 1533 2469 lect.
1548 2437 1574 2467 si
1591 2436 1776 2467 admittere

321 2488 536 2525 voluerimus,
558 2495 625 2516 non
641 2485 815 2525 oportebit
831 2485 1050 2525 synaloephen
1067 2483 1184 2515 facere
1204 2484 1251 2522 in,
1274 2483 1320 2513 ita
1335 2485 1382 2512 ut.
1403 2481 1464 2512 Fa.
1509 2479 1628 2512 Nostri
1643 2487 1776 2519 quoque

320 2540 435 2562 omnes
452 2531 581 2560 educare
596 2529 643 2558 ita
658 2531 703 2558 ut.
749 2528 816 2558 Sed
833 2527 908 2558 vide
925 2527 1124 2567 superstitio
1141 2526 1221 2567 quid
1238 2525 1333 2556 facit.
1373 2523 1499 2555 Maluit
1513 2522 1676 2563 ignoratae
1691 2521 1776 2552 artis

320 2574 446 2603 crimen
475 2571 607 2602 auctori
631 2570 822 2611 impingere
838 2581 845 2601 ε
871 2580 969 2611 quam
987 2569 1030 2600 ab
1057 2570 1185 2609 ignaris
1204 2567 1349 2599 librariis
1365 2567 1418 2597 vel
1435 2566 1569 2596 literam
1585 2563 1776 2595 discedere.

320 2617 412 2655 Lege
431 2619 467 2644 ut
488 2614 559 2653 jam
577 2623 596 2642 a
612 2619 750 2643 centum
769 2613 863 2643 annis
880 2613 955 2644 edd.
973 2612 1151 2643 meliores:
1177 2612 1222 2642 D.
1247 2613 1383 2645 educere,
1409 2609 1456 2639 ita
1476 2608 1524 2638 uti
1546 2608 1615 2638 sie.
1631 2606 1665 2643 s.
1713 2607 1777 2637 Vir

321 2659 442 2690 doetus
461 2662 552 2687 recte
569 2656 623 2685 hic
637 2657 781 2686 educere:
807 2655 867 2686 sed
884 2665 958 2686 cum
975 2655 1022 2686 ita
1036 2659 1084 2694 ut,
1109 2659 1266 2695 gemente
1283 2653 1395 2690 uersu,
1419 2650 1602 2689 retinebat,
1625 2649 1779 2690 corrupit

321 2700 535 2732 beneficium.
559 2699 656 2729 Beut.
704 2698 796 2728 Perl.
824 2699 928 2729 Both.
955 2699 1094 2737 educere,
1121 2698 1168 2728 ita
1196 2697 1256 2727 uti.
1301 2696 1360 2726 Br.
1385 2694 1425 2726 Z.
1448 2695 1588 2731 educare,
1613 2692 1662 2723 ita
1686 2695 1777 2724 ut.—

324 2747 366 2775 39
392 2744 459 2779 Quo
475 2751 617 2772 cumano
633 2750 697 2770 rem
713 2740 857 2771 habebam
873 2744 938 2771 tum
954 2740 985 2771 h.
1009 2741 1099 2780 vulg.
1144 2741 1247 2771 Bent.
1266 2738 1358 2769 Perl.
1377 2737 1474 2767 Both.
1501 2745 1562 2776 pro
1588 2744 1714 2775 quocum
1730 2735 1776 2765 le-

327 2787 471 2828 gendum
487 2789 627 2816 monent
642 2782 783 2823 quicum:
808 2784 906 2814 aliter
921 2788 959 2815 ut
975 2793 1034 2815 uos
1050 2782 1186 2815 habent.
1243 2781 1386 2813 Amorem
1410 2788 1472 2820 pro
1494 2787 1552 2809 uno
1574 2787 1638 2809 rem
1663 2776 1778 2810 Guelf.
