1903 3306
484 254 534 284 IN
575 253 810 285 ANDmAM
849 252 1120 283 PROLOGUS
1446 242 1531 282 275

86 349 284 399 Faciunt,
304 362 390 399 nae,
412 349 710 414 intelligendo,
732 352 779 389 ut
799 347 907 389 nihil
927 347 1199 400 intelligant3

85 415 176 466 Qui
197 430 295 458 cum
312 416 425 458 hunc
445 422 678 466 accusant,
672 415 685 445 >s
696 416 739 457 N
746 416 923 465 aevium,
945 414 1168 463 Plautum,
1191 413 1377 454 Ennium
1436 430 1440 431 ⁷
1460 407 1465 432 ἶ

83 483 340 525 Accusant·
330 515 341 535 ,
372 497 487 537 quos
506 485 577 525 hic
595 489 741 525 noster
761 488 961 524 auctores
981 482 1141 523 habet.

84 549 279 600 Quorum
303 552 496 592 aemulari
517 555 703 605 exoptat
724 550 1029 607 negligentiam
1089 556 1101 583 ἱ
1122 564 1140 575 ⁴*

85 617 240 658 Potius
262 631 395 671 quam
414 618 597 679 istorum
619 606 852 658 obscuram
874 615 1159 668 diligentiam.

85 683 255 725 Dehinc
274 688 322 725 ut
341 684 585 738 quiescant,
606 696 735 741 porro
755 695 930 732 moneo,
951 688 996 723 et
1015 682 1216 723 desinant

86 751 366 801 Maledicere,
386 752 625 793 malefacta
643 740 696 793 ne
717 756 903 792 noscant
925 763 1022 791 sua.

962 813 1017 822 Q<-

86 882 190 920 Certe,
205 884 277 914 dum
293 883 422 913 nimium
438 883 649 923 intelligentes
664 884 760 915 videri
776 884 892 920 volant,
907 884 1067 914 ostendunt
1090 893 1122 914 se
1146 884 1209 914 nili
1206 884 1224 913 l
1239 883 1437 921 intelligeiwe
1454 891 1535 918 nam,

82 934 150 955 cum
162 926 241 956 hunc
257 926 386 956 Ροέεαιη
402 929 540 956 nostrum
555 926 792 972 reprehendunt,
814 927 910 957 etiam.
934 926 1158 966 vwepiehendunt
1179 925 1320 963 insignes
1343 925 1459 956 Poeaus
1473 925 1536 954 La-

83 967 176 1007 tinas,
192 968 352 1006 Noecium,
369 968 530 1007 Plautum,
550 961 710 1004 Εηηίαιης
732 979 858 1008 qaorum
874 969 1091 999 auctoritatem
1110 969 1271 999 Terentius
1285 969 1449 1008 sequitur-3
1464 976 1535 1005 quo-

83 1019 152 1040 rum
173 1011 294 1041 imitari
319 1013 445 1050 exoptat
468 1011 595 1041 liberam
617 1015 646 1041 et
673 1012 846 1050 negligenti
862 1012 992 1041 similem
1008 1011 1040 1042 in
1057 1010 1269 1049 transferendo
1284 1021 1401 1048 caram,
1424 1009 1537 1047 potius,

84 1062 174 1091 quam
188 1053 315 1083 istorum
329 1053 471 1084 servilem
494 1057 525 1084 et
548 1052 725 1093 affectatam
750 1054 780 1084 in
803 1054 967 1084 reddendis
989 1053 1090 1084 verbis
1116 1064 1250 1093 operam,
1273 1063 1339 1093 proe
1353 1052 1451 1083 nimia
1467 1052 1539 1081 dili-

82 1095 189 1133 genti«
207 1095 373 1126 obscuram.
423 1095 536 1126 Verum
551 1097 600 1126 his
614 1097 771 1135 denuntio,
785 1100 819 1126 ut
836 1097 869 1126 in
883 1100 1037 1136 posterum
1061 1099 1183 1127 taceant
1209 1096 1318 1136 quieti,
1341 1099 1368 1126 et
1394 1096 1536 1125 desinant

81 1138 274 1179 maledicere,
287 1148 323 1169 ne
338 1138 501 1177 malefacta
514 1148 569 1169 sua
580 1139 706 1170 videant
722 1138 889 1176 manifesta
904 1139 1042 1170 omnibus
1054 1139 1144 1180 fieri.
1195 1139 1255 1170 Vos
1271 1139 1403 1179 quidem,
1417 1140 1536 1178 specta·

680 1232 919 1245 ‘ae‘eaeN‘e⁴00

83 1300 123 1328 17
146 1297 313 1338 josephus
329 1297 484 1339 Scaliger
508 1298 550 1329 ad
577 1300 738 1339 Propert.
755 1309 806 1330 1v.
823 1301 855 1330 2.
870 1301 922 1330 68.
945 1298 1092 1338 legebat,
1119 1298 1266 1336 Faciunt,
1282 1307 1320 1328 ne
1336 1297 1535 1336 intelligendo

82 1343 117 1370 ut
131 1341 208 1372 nihil
222 1341 414 1381 intelligant.
460 1341 566 1374 Quasi
584 1342 659 1372 duae
687 1343 855 1379 negativae
884 1341 982 1372 unius
1009 1342 1118 1372 vicem
1145 1341 1346 1371 sustineant.
1392 1340 1536 1370 Durius-

81 1383 169 1421 cule,
183 1384 211 1414 si
229 1383 309 1424 quid
325 1383 437 1415 video.
481 1384 662 1416 Turnebus
679 1385 795 1415 mallet
811 1384 1066 1422 interrogative,
1086 1384 1259 1414 Faciuntne
1273 1383 1486 1421 intelligendo,
1499 1386 1535 1413 at

80 1425 162 1456 avril
183 1424 391 1466 intelligant?
436 1427 513 1459 Quo
539 1426 637 1457 niodo
657 1432 770 1457 tamen
802 1428 917 1467 plures
940 1427 1011 1467 jam
1040 1427 1164 1457 dudum
1193 1430 1272 1457 ante
1298 1435 1374 1456 eum
1401 1425 1536 1465 legisse,

81 1468 195 1499 Guido
208 1468 384 1500 Juvenalis
401 1474 521 1501 auctor
538 1475 601 1500 est.
647 1470 739 1502 Quin
762 1469 835 1509 jam
864 1470 992 1500 Donati
1011 1474 1114 1500 aetate
1131 1468 1180 1499 ita
1203 1479 1222 1499 a
1245 1467 1445 1509 quibusdam
1467 1468 1537 1498 lec-

81 1516 164 1547 tum,
180 1512 345 1551 palmario
360 1516 559 1551 argumento
576 1511 683 1543 utitur
695 1512 889 1549 'lui-,nebus
907 1513 996 1553 quod
1011 1511 1049 1542 τὸ
1064 1515 1155 1550 NAE,
1173 1510 1357 1542 formatum
1374 1520 1391 1541 e
1409 1510 1537 1541 Graeco

81 1552 153 1591 Ναὶ,
169 1554 212 1584 sit
227 1553 300 1585 fere
317 1555 456 1586 initiale.
502 1554 717 1585 Contrarium
733 1559 845 1585 autem
861 1560 912 1585 est
932 1555 984 1585 vel
1003 1554 1128 1585 Heaut.
1145 1563 1179 1585 v.
1196 1557 1226 1585 l.
1244 1557 1299 1584 45.
1319 1553 1402 1592 ‘At‚
1418 1563 1484 1591 noe,
1498 1552 1539 1583 il-

79 1596 138 1627 lud
155 1596 243 1627 haud
260 1597 414 1635 inultum,
442 1597 470 1628 si
499 1597 586 1636 vivo,
611 1596 747 1628 ferent)
792 1597 877 1628 Cum
903 1596 1065 1628 Turnebo
1093 1602 1205 1627 tamen
1232 1596 1393 1627 videntur
1422 1595 1537 1626 facere

79 1639 210 1680 Tanaq.
227 1639 340 1671 Faber
351 1645 388 1671 et
404 1639 579 1671 Dacieria.
625 1639 772 1671 Gravior
789 1644 900 1671 autem
915 1639 982 1671 erit
999 1639 1180 1674 sententia,
1197 1639 1223 1669 si
1241 1640 1344 1678 legas,
1370 1643 1407 1669 ut
1429 1638 1535 1677 edidi,

80 1686 187 1722 utque
203 1683 306 1713 estin
337 1682 508 1723 vulgatis.'
535 1683 636 1714 lVest.
681 1682 749 1713 Sed
777 1688 813 1713 et
839 1682 894 1713 Fr.
917 1683 1074 1713 Sanctius
1102 1681 1238 1712 videtur
1258 1682 1379 1722 legisse
1405 1691 1455 1712 ne.
1501 1681 1537 1711 Is

81 1725 170 1755 enim
187 1724 275 1756 hunc
290 1725 313 1757 1.
332 1725 517 1764 respiciens
534 1725 653 1756 scribit
677 1726 827 1756 Minerv.
845 1734 883 1756 11.
901 1727 951 1755 19.
975 1725 1049 1756 init.
1090 1724 1254 1764 ‘Rogabo
1278 1734 1339 1764 ego
1366 1725 1452 1761 illos,
1477 1734 1538 1755 cur

83 1767 190 1798 velint
205 1771 297 1798 artes
314 1767 538 1808 confundere,
553 1772 590 1799 et
605 1767 720 1799 facere
737 1772 774 1798 ut
790 1778 832 1799 ne
849 1767 1072 1808 intelligendo
1088 1768 1170 1798 nihil
1189 1767 1383 1806 intelligant
1394 1766 1415 1796 ?’
1436 1767 1488 1798 Id.
1504 1767 1537 1797 in

81 1810 167 1841 Add.
213 1810 274 1841 Nae
289 1809 371 1841 ferri
398 1815 525 1851 potest.
573 1810 691 1842 Nostri
716 1810 800 1842 libb.
819 1820 934 1841 omnes
958 1810 1021 1850 [sc.
1039 1809 1070 1841 A
1086 1811 1114 1840 B
1133 1810 1160 1840 C
1177 1809 1243 1841 Gu.
1261 1812 1290 1840 1.
1307 1813 1338 1841 2.
1365 1809 1443 1840 Hel.
1489 1810 1537 1840 Et

79 1851 129 1882 sic
146 1861 280 1892 semper
294 1853 478 1894 intellige]
493 1863 541 1891 ne,
561 1854 657 1885 etsie
672 1853 774 1884 Bent.
791 1853 889 1885 Both.
936 1853 997 1884 Nae
1012 1851 1163 1884 mutand.
1177 1852 1212 1882 in
1227 1861 1276 1890 ne,
1295 1857 1329 1883 et
1345 1862 1420 1883 cum
1433 1852 1537 1882 inter-

81 1903 154 1935 rog.
170 1894 422 1934 proferendum.
449 1896 661 1936 Eugraphius.
705 1896 749 1927 Et
765 1896 813 1927 sic
828 1896 932 1927 habet
946 1896 1006 1926 ΒΓ.
1051 1896 1112 1927 Nae
1140 1899 1354 1935 anteponunt
1382 1895 1425 1926 R.
1445 1895 1535 1924 D.-

84 1938 125 1968 19
148 1937 272 1970 Habuit
286 1938 432 1972 Br.-20
457 1938 484 1970 C
498 1942 630 1979 spectat,
646 1939 735 1970 haud
751 1939 850 1971 male.
874 1938 1057 1971 Both—25
1084 1938 1162 1970 Par.
1176 1941 1337 1978 pernoscat
1354 1938 1393 1969 is.
1432 1937 1536 1968 Dama

735 2030 875 2062 NOTAE

80 2090 333 2134 fundiquejura
349 2093 499 2134 gentium
517 2092 702 2124 rebantur!
724 2093 782 2124 Sic

81 2142 241 2173 Lavinius
273 2143 355 2174 vitio
383 2143 500 2184 dabat,
536 2143 626 2184 quod
656 2144 783 2175 Teren·

82 2192 148 2223 tius
187 2193 408 2224 mutuabatur
439 2203 483 2224 ex
518 2193 708 2224 Menandro
742 2203 783 2224 ea

79 2254 155 2286 quae
180 2245 214 2276 in
242 2255 312 2276 rem
340 2255 435 2277 suam
462 2245 650 2287 faciebant,
677 2251 714 2278 et
739 2257 782 2278 ex

81 2295 194 2326 multis
212 2295 394 2327 Comoediis
409 2305 508 2328 unam
524 2295 667 2328 faceret.

124 2348 166 2377 20
192 2347 331 2382 Quorum
359 2347 501 2378 <emulari
528 2351 655 2388 exoptat
684 2348 782 2387 negli-

79 2396 234 2437 gentiam]
272 2397 435 2429 Imitandi
464 2397 582 2429 modus
614 2398 697 2429 alius
730 2403 783 2430 est

81 2447 226 2487 servilis,
248 2446 332 2478 alius
354 2457 434 2479 vero
455 2447 632 2487 ingenuus.
670 2448 783 2479 Servi-

82 2496 123 2527 lis
150 2495 208 2527 ille
231 2500 297 2536 est,
319 2506 395 2528 cum
421 2497 516 2538 quasi
541 2497 782 2538 superstitione

83 2546 228 2587 quadam
246 2547 287 2578 ab
304 2556 357 2586 eo,
381 2556 481 2588 quem
506 2547 705 2578 imitandum
723 2556 782 2578 no-

83 2595 134 2628 bis
172 2598 421 2638 proposuimus,
466 2607 508 2628 ne
550 2601 781 2629 transversum

82 2645 218 2687 quidem
235 2647 377 2687 digitum
400 2647 578 2679 discedere
597 2648 780 2680 audemus:

81 2695 211 2728 idcirco
226 2697 391 2729 Horatius
408 2698 478 2730 ait:
501 2699 509 2715 ‘
527 2698 558 2729 O
577 2697 782 2737 imitatores,

82 2755 217 2778 nervum
240 2749 360 2787 pecus!
386 2752 424 2779 ut
447 2748 527 2779 milii
552 2758 643 2788 saepe
660 2749 782 2786 Bilem,

82 2806 173 2840 saepe
185 2797 304 2838 jocum
320 2798 426 2831 vestri
438 2808 574 2831 movere
589 2800 751 2831 tumultus
763 2799 782 2830 !'

839 2094 995 2134 Ingenua
1029 2093 1173 2125 imitatio
1204 2098 1269 2133 est,
1304 2092 1439 2134 quando
1470 2102 1536 2123 non

837 2144 978 2175 verbum
1012 2144 1118 2175 verbo
1155 2143 1347 2183 reddiinus5
1387 2143 1447 2174 sed
1487 2144 1536 2174 sic

837 2194 949 2225 aliena
964 2199 1164 2233 tractamus,
1190 2198 1228 2225 ut
1250 2204 1316 2225 non
1333 2204 1394 2234 pro
1421 2194 1538 2225 alienis

835 2244 1037 2284 habeantur,
1053 2245 1112 2275 sed
1134 2248 1360 2285 agnoscantur
1379 2254 1437 2285 pro
1461 2254 1539 2275 nos-

837 2295 915 2326 tris:
941 2295 1030 2326 unde
1053 2295 1216 2326 Horatius
1246 2295 1280 2326 in
1306 2295 1412 2326 Arte:
1435 2297 1444 2314 ⁴
1460 2296 1537 2327 Nec

835 2344 974 2376 verbum
999 2345 1104 2376 verbo
1128 2345 1261 2377 curabis
1283 2345 1427 2376 reddere
1452 2345 1538 2376 fidus

837 2394 1037 2435 Interpres.’
1081 2394 1373 2434 Subaudiendum,
1389 2399 1437 2426 ut.
1460 2397 1538 2429 Quo

837 2445 912 2475 loco
928 2454 994 2476 non
1019 2450 1125 2486 negat
1150 2445 1209 2476 fidi
1233 2455 1308 2477 esse
1331 2446 1538 2487 Interpretis

838 2494 976 2526 verbum
1009 2496 1112 2527 verbo
1138 2496 1304 2527 reddere:
1344 2496 1403 2528 sed
1434 2502 1538 2538 negat

836 2545 914 2576 boni
930 2545 1118 2577 Iinitatoris
1136 2556 1209 2577 esse
1224 2547 1257 2577 id
1271 2546 1398 2587 facere,
1412 2553 1449 2578 ut
1467 2548 1539 2578 vult

835 2607 971 2638 quoque
989 2597 1121 2628 Seneca
1138 2598 1248 2638 Epist.
1265 2607 1408 2630 Lxxxv.
1439 2599 1538 2630 Simi-

835 2647 875 2678 ils
902 2647 1006 2679 debet
1031 2657 1103 2679 esse
1127 2648 1290 2688 imitator,
1309 2648 1479 2690 quomodo
1503 2648 1542 2679 fi·

835 2698 917 2737 lius;
960 2707 1027 2729 non
1063 2700 1226 2740 quomodo
1266 2700 1390 2739 imago.
1432 2699 1535 2730 Certe

837 2758 953 2789 operae
980 2748 1127 2788 pretium
1155 2749 1220 2779 erit
1243 2749 1327 2780 lianc
1358 2749 1537 2788 epistolam

837 2798 1028 2840 perlegere.
1069 2799 1196 2830 Eadem
1211 2799 1315 2831 sentit
1328 2798 1521 2830 Terentius.
