1945 3296
300 210 357 250 3,)
898 219 1168 251 PRAEFArio,

302 328 402 370 quae
424 328 653 357 assensum
673 315 744 356 vel
765 314 1013 356 dissensum
1034 314 1226 356 Bentleii
1245 316 1446 367 respectu
1469 313 1524 355 ad
1546 315 1660 356 hunc
1682 328 1755 357 co-

303 383 443 424 dicem
460 383 607 424 habito
628 383 835 432 indicant,
859 382 1038 435 patebit.
1080 381 1377 435 Interpunctio
1400 383 1638 423 verborum
1659 395 1762 436 pas-

304 452 390 492 sim
409 451 639 503 singularis
661 455 745 499 est,
773 462 910 503 neque
943 450 1059 498 talis,
1091 453 1140 490 ut
1168 450 1354 502 vulgari,
1385 462 1517 503 quam
1540 449 1760 491 editiones

304 531 397 572 prae
420 531 467 558 se
489 517 644 567 ferunt,
669 517 915 558 antecellat.
977 516 1111 557 Haud
1135 530 1277 570 pauca
1298 517 1430 557 etiarn
1452 516 1627 558 laudari
1658 530 1761 571 pos-

305 590 407 626 sunt
438 586 551 634 loca,
583 586 656 626 ubi
690 584 833 625 codex
865 584 1000 625 verba
1029 583 1187 625 melius
1217 583 1434 633 distinxit,
1470 597 1523 625 ac
1552 584 1598 624 in
1631 585 1762 626 editis

306 654 472 694 factum
491 658 572 693 est.

365 720 635 773 Priusquam
665 721 814 760 autem
849 717 904 759 ad
942 717 1155 758 edendum
1187 718 1304 758 hunc
1326 718 1579 760 thesaurum
1600 731 1667 759 me
1688 732 1763 760 ac-

309 789 542 841 cingerem,
573 787 626 827 de
657 787 836 827 invento
866 784 1038 834 codice,
1069 797 1255 838 meoque
1276 785 1477 835 consilio,
1507 786 1615 826 bene
1635 785 1688 826 de
1707 799 1763 826 eo

309 855 520 904 merendi,
553 854 782 895 certiorem
805 852 891 893 feci
912 852 1053 893 virum
1074 852 1201 904 longe
1223 852 1570 893 eruditissimum
1592 858 1637 894 et
1655 853 1765 893 cele-

309 924 556 972 berrimum,
589 922 896 974 Boettigerum,
927 933 1059 974 quem
1097 919 1204 960 olim
1241 933 1399 961 novam
1439 920 1636 961 Terentii
1674 919 1766 960 edi-

310 992 472 1032 tionem
512 989 766 1031 meditatum
806 1000 908 1028 esse
946 1000 1182 1039 noveram3
1214 987 1408 1042 mihique
1447 992 1497 1028 ut
1532 987 1767 1028 consilium

312 1071 440 1099 suum
461 1070 542 1112 pro
563 1070 631 1106 ea,
662 1069 748 1110 qua
770 1069 839 1096 me
867 1055 963 1109 jam
985 1055 1150 1096 dudum
1171 1056 1405 1110 amplexus
1427 1060 1535 1104 erat,
1567 1055 1768 1096 amicitia

310 1125 491 1178 benigne
511 1125 766 1178 impertiret,
787 1123 958 1177 rogavi.
1018 1122 1242 1164 Laudavit
1262 1123 1328 1164 vir
1350 1135 1542 1164 summus
1562 1123 1768 1176 proposi-

311 1196 403 1233 tum
424 1205 584 1241 meum,
605 1195 647 1232 et
664 1191 904 1244 instigavit,
925 1193 987 1241 ut,
1009 1203 1108 1244 quae
1122 1190 1251 1231 bonis
1271 1190 1409 1231 literis
1430 1190 1643 1244 prodesse
1663 1203 1768 1244 pos-

312 1263 420 1309 sent,
450 1259 621 1300 interire
653 1271 737 1299 non
759 1259 960 1299 sinerem.
1020 1257 1158 1309 Quin,
1193 1257 1250 1300 ad
1282 1257 1578 1299 adornandam
1611 1258 1768 1299 editio-

311 1341 422 1377 nem,
453 1327 567 1367 ultro
603 1325 767 1366 obtulit
804 1325 986 1366 Dictata
1019 1325 1104 1366 viri
1137 1325 1408 1367 celeberrimi
1442 1323 1692 1367 Ruhnkenii
1724 1325 1770 1366 in

310 1394 564 1435 Terentium
596 1392 905 1446 manuscripta,
938 1405 1040 1446 quae
1071 1393 1138 1434 vir
1169 1392 1459 1434 doctissimus
1495 1391 1769 1433 Christianus

313 1460 571 1503 Ludovicus
602 1460 735 1509 Lenz,
774 1459 964 1500 director
998 1458 1234 1513 Gymnasii
1269 1459 1547 1500 Vinariensis
1582 1459 1771 1500 meritis-

313 1530 466 1579 simus,
497 1541 553 1569 ex
584 1527 859 1569 bibliotheca
891 1526 1039 1568 fratris
1072 1528 1156 1578 sui,
1191 1527 1345 1569 Caroli
1368 1526 1621 1576 Gottholdi,
1658 1526 1769 1568 Pro-

312 1596 496 1638 fessoris
518 1595 713 1637 Gothani
744 1595 906 1636 mortui
942 1608 981 1636 a.
1014 1595 1141 1636 1809.
1171 1595 1272 1649 jure
1302 1594 1582 1636 haereditario
1616 1593 1770 1648 acqui-

314 1665 401 1705 sita
437 1663 542 1704 olim
583 1662 824 1714 Boettigero
861 1666 1015 1703 mutua
1050 1662 1249 1714 dederat,
1279 1665 1322 1704 et
1355 1676 1471 1704 nunc
1507 1663 1690 1712 Halam,
1721 1665 1771 1702 ut

313 1744 413 1772 mea
430 1743 536 1771 cura
556 1729 803 1779 ederentur,
836 1729 1068 1770 transmitti
1090 1735 1384 1772 concesserat.

372 1798 493 1839 Inter
515 1800 716 1838 auctores
738 1797 937 1845 Latinos,
968 1809 1082 1851 quos
1103 1797 1148 1838 in
1170 1797 1335 1839 scholis
1360 1798 1452 1840 suis
1476 1797 1772 1839 Ruhnkenius

314 1866 535 1916 tractavit,
584 1865 724 1918 primo
760 1865 861 1906 loco
897 1866 952 1906 ab
990 1866 1320 1918 elegantissimo
1357 1866 1479 1908 Vitae
1520 1864 1773 1906 Ruhnkenii

315 1935 525 1987 scriptore
563 1932 908 1986 Wyttenbachio
941 1935 1000 1984 (v.
1032 1933 1153 1974 Vitae
1183 1933 1237 1974 T.
1275 1933 1598 1975 Hemsterhusii
1629 1938 1674 1973 et
1717 1933 1771 1973 D,

317 2000 570 2041 Ruhnkenii
609 2000 732 2053 Lips.
766 1999 895 2042 1801.
929 2013 973 2054 p.
1008 2001 1126 2050 127.)
1157 2000 1390 2042 adducitur
1420 2000 1685 2051 Terentius;
1728 2004 1773 2040 et

316 2071 328 2088 ‘
350 2068 637 2109 Terentianas
674 2068 850 2108 scholas
886 2081 933 2109 se
953 2081 1111 2121 magno
1131 2081 1232 2109 cum
1254 2068 1466 2109 doctrinae
1486 2067 1629 2108 fructu
1649 2066 1773 2108 audi-

316 2136 438 2176 visse
454 2134 464 2150 '
495 2138 698 2185 testatur,
730 2138 743 2156 ‘
763 2139 813 2176 ut
843 2139 935 2176 tum
963 2135 1138 2177 demum
1159 2137 1204 2177 in
1225 2137 1306 2177 hoc
1327 2148 1478 2189 genere
1499 2135 1670 2176 discere
1688 2134 1773 2175 sibi

315 2201 549 2252 videretur,
579 2206 793 2255 quantum
815 2215 905 2244 aera
926 2202 1142 2244 distarent
1163 2202 1360 2257 lupinis,’
1380 2204 1461 2244 διο.
1524 2202 1673 2253 Quam
1695 2214 1773 2242 au-

317 2272 407 2309 tem
436 2269 651 2309 rationem
682 2268 726 2308 in
762 2268 846 2318 his,
877 2283 976 2323 quae
1008 2283 1121 2311 nunc
1156 2270 1386 2324 prodeunt,
1418 2269 1774 2311 annotationibus

319 2335 609 2376 Ruhnkenius
639 2335 799 2385 inierit,
830 2336 950 2377 idem
970 2336 1342 2391 Wyttenbachius
1371 2337 1586 2378 indicavit
1608 2350 1654 2390 p.
1677 2337 1774 2378 126.

318 2405 330 2422 ‘
345 2401 417 2442 Ad
439 2404 560 2443 locos
582 2403 653 2444 vel
673 2401 877 2443 difficiles
898 2404 967 2444 vel
985 2405 1295 2446 memorabiles
1311 2403 1320 2419 ’
1353 2408 1577 2445 auctorum
1598 2403 1775 2444 Latino-

318 2482 415 2510 rum
432 2482 459 2510 a
479 2469 745 2511 Ruhnkenio
762 2470 805 2510 in
826 2470 1188 2523 praelectionibus
1210 2470 1525 2511 illustratorum
1547 2473 1559 2491 ‘
1573 2469 1775 2511 dictabat

320 2537 632 2577 annotationes
653 2537 812 2577 breves
835 2537 1010 2589 quidem
1031 2537 1150 2588 illas,
1181 2536 1257 2578 sed
1278 2538 1410 2577 bonae
1432 2537 1566 2589 frugis
1587 2536 1774 2590 plenas.'

319 2603 467 2656 Atque
487 2603 557 2644 hae
591 2603 899 2643 annotationes
930 2605 943 2624 ‘
962 2603 1127 2645 dictata
1145 2603 1155 2620 ’
1185 2609 1404 2644 vocantur
1425 2604 1480 2644 ab
1500 2603 1601 2656 ipso
1624 2602 1774 2643 Ruhn-

319 2670 455 2711 kenio
486 2671 542 2711 ad
574 2670 736 2712 Heaut.
761 2681 836 2710 111.
856 2670 900 2711 3.
920 2670 991 2711 23.
1023 2670 1140 2713 Hec.
1174 2681 1204 2710 1.
1224 2671 1266 2712 2.
1287 2670 1357 2712 73.
1419 2669 1611 2711 Multum
1642 2670 1776 2722 igitur

322 2737 523 2779 differunt
544 2751 570 2780 a
590 2738 716 2788 notis,
748 2749 858 2791 quas
881 2737 1107 2779 auditores
1127 2751 1183 2778 ex
1206 2751 1280 2778 ore
1311 2736 1572 2791 professoris
1604 2738 1773 2779 calamo
