1903 3306
278 211 364 253 450
774 219 816 248 P.
849 215 1092 246 TERENTH
1128 214 1245 245 Amr

282 315 419 368 Quod
441 314 617 365 doleat;
638 313 796 354 metuit
816 324 1002 365 semper,
1023 322 1150 364 quem
1172 309 1276 361 ipsa
1296 319 1412 348 nunc
1432 307 1555 360 capit

285 386 516 432 Fructum,
537 395 591 422 ne
614 380 788 435 quando
811 380 947 420 iratus
968 382 1014 419 tu
1037 377 1127 418 alio
1150 375 1363 417 conferas.
1682 372 1739 414 60

282 454 375 496 ΤΗ.
407 452 528 493 Bene
552 449 667 490 dixti
685 461 694 489 ε
718 454 764 488 at
784 446 891 487 mihi
912 446 1026 486 istuc
1047 457 1135 484 non
1156 444 1202 484 in
1224 446 1413 483 mentem
1432 444 1624 482 venerat.

285 521 379 563 GN.
411 518 698 560 Ridiculum:
721 528 807 555 non
830 515 945 555 enim
967 513 1210 565 cogitaras:
1234 515 1430 551 ceterum

285 588 409 630 Idem
429 586 514 627 hoc
536 589 626 626 tute
648 583 806 624 melius
830 585 998 635 quanto
1020 579 1282 627 invenisses,
1303 576 1477 618 Thraso
1497 576 1507 617 !

283 718 412 750 semper,
428 718 465 739 ne
480 709 608 744 lucmm,
623 705 702 746 quod
717 703 744 735 ei
759 703 870 745 qffers,
891 702 1053 743 aliquanao
1078 702 1178 732 iratus
1202 701 1242 731 ad
1264 698 1358 729 aliam
1372 696 1551 735 transferam
1595 695 1662 726 ΤΗ.
1686 694 1746 725 Sa-

283 753 404 794 pienter
419 752 536 782 locutus
555 759 597 786 es,
612 753 645 779 at
661 748 745 778 istud
760 757 820 777 non
832 749 1005 776 occurrerat
1019 745 1130 776 [ocimo.
1178 744 1247 775 GN.
1273 740 1451 772 Ridiculum
1465 750 1475 775 ‚·
1496 749 1551 771 nec
1566 738 1648 770 enim
1661 748 1745 768 men-

287 799 348 826 tem
363 796 403 825 ad
417 794 482 824 hcec
497 793 688 824 adverteras.
731 790 855 826 Quanto
878 799 947 820 vero
971 788 1049 819 illud
1073 789 1172 828 ‘ipsum
1194 784 1303 817 melius
1327 783 1506 824 invenisses,
1522 782 1551 815 si
1565 781 1745 821 cogitasses,

292 838 431 869 Thraso?

902 883 1115 895 emmo:
1120 883 1138 894 e

289 958 360 987 dum
377 955 410 985 in
427 957 571 994 utroque
587 953 671 983 loco.
718 951 814 981 ‘Jam
830 950 944 980 dudum
970 950 1056 978 amat
1080 947 1125 987 te]
1144 947 1195 977 Ex
1212 955 1242 977 ο.
1268 946 1290 977 1.
1316 955 1344 976 s.
1369 945 1416 976 ita
1443 944 1586 981 colloca,
1613 942 1748 973 Jamdu-

289 1001 399 1029 dunzte
414 996 521 1028 amnt?
545 996 600 1026 Fa.
630 995 639 1011 ‘
655 995 763 1025 Recte
781 994 856 1024 hoc.
890 991 1018 1022 Omnes
1035 990 1144 1021 nostri
1161 990 1194 1019 in
1210 989 1274 1020 hac
1291 989 1370 1019 lect.
1385 984 1625 1018 consentiunt!
1649 984 1748 1015 Bene.

288 1043 375 1072 -—59
402 1040 534 1070 Metuet.
558 1039 655 1069 Beni.
679 1042 714 1068 et
730 1036 835 1076 aliqui
853 1035 922 1073 alii,
940 1034 1063 1065 metuit.
1111 1032 1304 1072 Utrumque
1323 1035 1414 1062 stare
1436 1033 1561 1070 potest.
1578 1028 1637 1059 Fa.
1662 1027 1749 1058 Mss.

290 1089 326 1115 et
350 1082 433 1114 editi
459 1081 593 1122 quidam
623 1078 857 1118 vetustissimi,
882 1080 1012 1108 metuat.
1058 1075 1160 1108 Quod
1190 1075 1412 1115 praelaturum
1442 1071 1547 1103 fuisse
1582 1069 1751 1101 Fa'ernum

290 1125 406 1163 credo,
438 1125 466 1155 si
491 1123 688 1155 invenisset.
731 1122 815 1152 Tum
848 1125 962 1151 autem
990 1118 1245 1150 distinctionem
1275 1117 1438 1157 majorem
1470 1118 1548 1145 ante
1575 1113 1613 1144 τὸ
1635 1115 1753 1143 metuat

292 1168 472 1209 posuerim.
519 1167 593 1197 Duo
612 1164 732 1196 Leidd.
758 1165 849 1204 Lips.
866 1169 901 1194 et
913 1163 969 1193 Tr.
995 1164 1120 1192 metuet.
1168 1160 1225 1192 Ita
1249 1164 1283 1190 et
1312 1158 1447 1190 Fabi-ini
1464 1156 1586 1196 edidit,
1611 1156 1750 1196 aliique.

294 1213 367 1244 ΕΡ.
397 1220 458 1242 mm
481 1210 575 1249 capit.
608 1209 716 1239 West.
764 1207 883 1238 Nostri
917 1214 1033 1236 ornnes
1061 1206 1188 1234 metuet.
1232 1202 1410 1234 Utrumvis
1434 1210 1470 1231 se
1498 1200 1580 1230 satis
1606 1198 1752 1237 probat3

294 1259 409 1286 tamen
436 1253 545 1283 metuit
576 1252 687 1289 malo;
712 1250 792 1291 quia
809 1248 942 1289 jamdiu
969 1249 1079 1278 locum
1106 1247 1139 1277 in
1161 1246 1277 1276 Textu
1304 1243 1463 1275 obtinuit.
1491 1243 1586 1273 Bent.
1630 1241 1753 1272 Metuet

293 1297 415 1329 melius
444 1306 543 1336 quani
571 1294 681 1324 metuit
705 1298 739 1323 et
763 1291 975 1330 metuat.Bip.
1022 1291 1145 1320 Metuet
1177 1286 1296 1320 Guelf.
1312 1291 1344 1319 3.
1371 1287 1430 1318 Br.
1451 1285 1642 1316 Both.-6·2
1667 1284 1752 1314 Non.

296 1340 390 1371 Alias
403 1348 468 1369 neo.
485 1338 543 1368 Er.
568 1337 694 1367 Vocem
721 1336 728 1352 ‘
744 1335 935 1366 Ridiculum
951 1333 959 1346 '
986 1333 1154 1364 Thrasoni
1173 1331 1297 1362 tribuit
1315 1331 1404 1361 Dae.
1420 1329 1557 1360 Praeter
1570 1327 1755 1358 necessita-

295 1380 718 1422 tem‚opin01·.West.—63
738 1379 881 1418 Repono
906 1376 994 1407 Idem
1015 1375 1070 1405 hoc
1093 1378 1147 1406 aut
1171 1374 1280 1405 melius
1304 1376 1371 1404 tute
1386 1371 1567 1410 invenisses,
1587 1371 1624 1401 Τ.
1650 1370 1754 1401 Bent.

301 1426 338 1456 Id
354 1428 420 1456 tute
431 1424 538 1454 melius
551 1425 665 1462 quanto
679 1421 781 1452 Both.
828 1421 916 1450 Post
937 1420 945 1435 ‘
961 1419 1091 1449 Thraso
1103 1417 1110 1431 ¹
1126 1418 1318 1458 interrogat
1336 1415 1416 1457 Bip.
1433 1418 1470 1446 et
1499 1415 1548 1445 sic
1567 1413 1628 1444 Br.
1645 1412 1756 1444 Notat

298 1469 431 1499 Bruns:
465 1468 473 1484 ‘
495 1466 656 1497 Deietnln
670 1469 723 1496 est
739 1465 873 1505 signum
891 1460 1068 1501 interrog.’

690 1768 892 1811 ACTUS
925 1767 1017 1809 III.
1078 1765 1285 1808 SCENA
1317 1765 1381 1808 ΙΙ.

421 1904 587 1935 THAIS.
619 1903 833 1934 THRASO.
865 1900 1124 1931 PARMENO.
1157 1899 1378 1932 GNATHO.
1412 1897 1648 1929 PYTHIAS.

306 1985 397 2026 ΤΗ.
429 1983 637 2026 AUDIRE
659 1994 813 2023 vocem
835 1980 936 2020 visa
958 1992 1055 2019 sum
1076 1979 1210 2020 modo
1233 1978 1407 2019 Militis.

308 2054 456 2106 Atque
476 2051 656 2094 eccum!
696 2049 845 2098 Salve,
866 2049 926 2089 mi
947 2047 1133 2088 Thraso.
1193 2047 1322 2087 THR.
1354 2045 1393 2086 O
1414 2045 1555 2087 Thais
1576 2058 1688 2096 mea,

311 2119 468 2161 Meum
489 2119 704 2167 suavium,
727 2116 831 2170 quid
853 2116 1026 2169 agitur?
1051 2115 1212 2169 ecquid
1234 2127 1316 2155 nos
1339 2126 1462 2155 amas

355 2248 423 2279 ΤΗ.
452 2246 527 2279 Visa
540 2256 608 2278 sum
622 2246 698 2276 mihi
712 2246 798 2276 modo
810 2244 915 2275 audire
930 2254 1032 2275 vocem
1048 2243 1164 2274 Militis
1177 2254 1187 2279 ;
1213 2243 1267 2274 sed
1281 2252 1346 2273 ecce
1361 2252 1446 2273 eum.-
1468 2242 1563 2278 salve,
1579 2241 1622 2271 mi
1642 2240 1769 2272 Thraso.

312 2290 409 2322 Tim.
437 2291 466 2321 Ο
485 2290 580 2321 Thais
604 2299 683 2330 mea,
704 2299 770 2320 mea
791 2288 943 2327 suavium,
964 2288 1115 2328 voluptas,
1134 2286 1208 2327 qaid
1230 2285 1323 2325 agis?
1355 2285 1568 2325 ecquantulmn
1596 2294 1651 2314 uos
1672 2293 1769 2322 amas,

924 2372 1159 2384 mmeeveoe

359 2433 375 2461 1
402 2429 532 2461 Militis.
560 2428 644 2460 GM.
668 2427 745 2460 add.
770 2428 911 2469 Pythias.
959 2427 1058 2459 Quod
1088 2430 1263 2457 exaratum
1281 2425 1418 2456 videtur
1441 2433 1542 2455 manu
1569 2422 1770 2463 posteriore.

315 2473 399 2513 Sup.
425 2473 546 2512 script.
570 2482 586 2502 o
609 2482 676 2502 mea
702 2471 827 2502 ancilla.
851 2470 944 2502 Peri.
996 2470 1073 2501 Visa
1099 2480 1200 2500 vocem
1222 2470 1308 2499 modo
1333 2478 1400 2498 sum
1423 2467 1590 2498 Boin—3
1615 2464 1775 2498 Gifauius

316 2516 392 2548 Ind.
409 2516 547 2547 Lucret.
564 2525 594 2546 v.
623 2515 758 2554 Suavis,
786 2518 902 2548 tuetur
915 2513 1055 2544 savium:
1079 2517 1183 2553 atque
1211 2512 1259 2542 ita
1290 2516 1342 2542 cst
1367 2510 1400 2541 in
1425 2510 1469 2541 G.
1491 2510 1587 2541 West.
1636 2509 1676 2539 [2¹1
1695 2508 1771 2548 quid

977 2600 1118 2632 NOTAE

362 2671 380 2699 8
405 2668 512 2698 Meum
527 2667 681 2707 suavium]
706 2667 865 2698 Suavinm
882 2671 917 2697 et
933 2666 1020 2697 savi-
1076 2665 1228 2696 amantis.
1273 2665 1321 2696 Ut
1348 2663 1439 2705 apud
1466 2663 1645 2695 Plautum:
1669 2663 1677 2679 ‘
1693 2663 1776 2704 Spes

319 2729 373 2750 um
392 2723 444 2749 est
460 2718 622 2756 osculum,
634 2718 822 2757 voluptatis
839 2717 891 2748 vel
905 2716 1020 2756 gaudii
1075 2726 1162 2757 mea,
1179 2716 1245 2748 mel
1261 2724 1384 2755 meum,
1399 2712 1576 2746 suavitudo
1591 2713 1691 2744 mea.’

321 2779 423 2801 causa
439 2769 566 2801 datum.
604 2768 670 2800 Hic
685 2767 950 2799 blandimentum
967 2772 1021 2798 est
