1976 3296
430 526 1363 604 PRAEFATIO.

721 846 976 880 EXCERPTA
999 847 1064 879 EX

251 965 318 1010 A.
369 965 444 1013 H.
484 964 985 1014 WESTERHOVII
1034 965 1528 1016 PRAEFATIONE.

515 1247 540 1272 vit<
661 1249 688 1273 ※
806 1248 835 1275 *
951 1248 978 1275 ἐξ
1094 1247 1120 1273 ἠὲ
1237 1249 1264 1276 ³}

160 1318 369 1376 Accmss
390 1346 519 1384 nunc,
553 1333 716 1374 Lector
737 1331 931 1382 Erudite,
954 1333 1115 1386 quibus
1136 1334 1357 1387 praesidiis
1377 1335 1619 1376 instructus

163 1401 219 1442 ad
238 1400 516 1442 Comicorum
543 1399 800 1440 Latinorum
822 1399 1078 1452 Principem
1109 1401 1322 1442 edendum
1345 1405 1621 1443 accesserim.

164 1469 363 1510 Primum
384 1468 437 1509 de
460 1467 703 1509 Codicibus
726 1466 838 1508 Mss.
861 1480 972 1520 quos
993 1481 1154 1520 magno
1177 1482 1359 1510 numero
1383 1483 1410 1510 a
1430 1484 1497 1510 me
1527 1471 1622 1512 lau—

163 1538 293 1578 datos
314 1537 456 1586 vides,
479 1548 730 1589 exponam:
763 1538 865 1589 post
888 1535 1065 1586 Editos,
1102 1538 1261 1590 quibus
1293 1538 1488 1578 maxime
1519 1552 1624 1579 usus

162 1617 278 1655 sum,
299 1604 682 1654 commemorabo;
716 1607 823 1653 tum,
846 1618 871 1645 a
893 1605 1056 1657 quibus
1085 1604 1408 1659 Interpretibus
1438 1607 1623 1646 multum

162 1672 439 1725 profecerim,
462 1671 725 1725 profitebor:
757 1672 948 1722 demum,
980 1685 1096 1725 quos
1117 1672 1264 1723 vivos,
1286 1673 1428 1714 sicubi
1447 1673 1625 1714 haesita-

162 1741 283 1790 bam,
311 1740 619 1790 consuluerim,
641 1741 871 1782 enarrabo.
933 1740 1111 1791 Quibus
1133 1740 1284 1781 ordine
1305 1741 1540 1794 expositis,
1572 1741 1625 1782 de

164 1808 362 1857 Donato,
389 1806 676 1860 Calphurnio,
712 1812 757 1848 et
788 1807 1041 1862 Eugraphio
1073 1808 1250 1849 addam.
1311 1808 1510 1848 Primum
1542 1822 1623 1849 suc

163 1875 249 1920 sibi
265 1875 364 1930 jure
385 1875 611 1917 vindicant
631 1875 779 1916 locum
801 1877 998 1929 quinque
1022 1874 1213 1916 Codices
1231 1875 1346 1916 Mss.
1368 1874 1624 1923 Lefflenses,

164 1957 352 2000 quorum
390 1943 719 1985 lustrandorum
758 1943 866 1983 mihi
910 1942 1043 1996 copia
1079 1942 1202 1983 sacta
1243 1943 1326 1983 abs
1367 1941 1624 1983 Illustribus

162 2011 423 2053 Academiae
444 2010 565 2051 illius
584 2010 886 2060 CuratoribuS,
912 2023 1149 2064 eorumque
1170 2008 1365 2061 Collegis
1392 2008 1626 2063 Amplissi-

163 2080 266 2129 mis,
288 2078 427 2120 Urbis
449 2077 879 2131 Lugduno-Batavae
903 2077 1032 2118 Coss.
1093 2077 1270 2117 Horum
1298 2077 1473 2130 quidem
1493 2076 1626 2118 Codi-

165 2161 266 2189 cum
284 2146 443 2199 incipit
463 2146 632 2200 primus
654 2158 680 2186 a
702 2159 770 2187 vs.
793 2145 892 2185 540.
915 2144 1017 2187 Act.
1043 2156 1073 2185 1.
1094 2145 1171 2186 Sc.
1193 2145 1232 2185 1.
1264 2143 1471 2196 Andriae3
1504 2145 1625 2186 vide·

166 2220 327 2268 turque
346 2226 478 2254 manu
511 2217 736 2267 pervetere
771 2215 995 2262 exaratus,
1026 2212 1071 2252 in
1092 2213 1359 2253 membrana.
1421 2212 1624 2253 Creditur

166 2287 314 2324 autem
338 2282 444 2322 olim
468 2281 608 2322 fuisse
628 2281 696 2323 Cl.
712 2280 825 2331 Viri,
847 2279 1036 2321 Antonii
1059 2280 1236 2322 Oiselii.
1298 2280 1467 2321 Paucae
1493 2281 1538 2320 in
1570 2293 1622 2320 eo

165 2355 267 2392 sunt
305 2362 469 2390 vocum
510 2349 831 2397 distinctiones,
876 2361 1025 2401 pauca
1075 2347 1293 2389 scribendi
1339 2348 1624 2401 compendia,

164 2418 382 2472 plusculae
406 2421 553 2458 autem
575 2417 766 2458 initiales
796 2417 934 2458 literae
965 2417 1159 2458 omissae.
1220 2415 1468 2464 Secundus,
1490 2416 1625 2457 variis

165 2485 317 2539 figuris
337 2488 577 2526 exornatus
605 2497 749 2537 usque
781 2484 837 2525 ad
860 2484 1052 2525 mediam
1075 2483 1624 2531 Heautontimorumenon‚

165 2554 211 2594 in
230 2552 316 2594 fine
337 2553 578 2606 ascriptum
598 2552 732 2592 habet
751 2565 761 2595 z
796 2556 808 2572 ‘
828 2551 1078 2605 Calliopius
1106 2551 1325 2591 recensui.
1385 2550 1439 2591 P.
1459 2551 1625 2591 Teren-

167 2621 218 2662 tii
242 2620 338 2661 Afri
355 2619 587 2661 Comoedia
604 2618 885 2660 Phormionis
906 2618 1118 2672 Explicit.
1155 2616 1327 2659 Amen.'
1387 2618 1444 2659 Et
1464 2618 1533 2658 hic
1551 2618 1626 2658 Li-

165 2689 243 2729 ber
259 2690 302 2730 in
324 2688 574 2729 membrana
594 2691 806 2728 exaratus
822 2691 902 2736 est,
916 2687 1133 2740 habetque
1150 2686 1456 2727 distinctiones
1474 2699 1624 2739 quam-

166 2755 391 2809 plurimas.
452 2754 624 2795 Tertius
646 2761 715 2796 est
733 2756 935 2796 versibus
951 2755 1132 2808 junctis,
1156 2759 1201 2794 et
1219 2767 1337 2794 more
1360 2766 1506 2807 prosae
1529 2765 1623 2794 ora-
