1903 3306
359 225 444 268 176
766 231 1053 264 αοΑοΗιΜυε
1088 228 1416 261 cAMERARms

363 327 442 365 Sed
472 328 510 364 in
545 326 631 366 aliis
663 339 844 364 versuum
878 325 1083 376 generibus
1117 329 1241 360 metra
1265 321 1474 372 duplicatis
1496 319 1662 372 pedibus
1682 333 1816 372 proce-

363 392 474 438 dunt,
494 397 538 429 ut
557 391 594 428 in
616 391 780 428 iambico
811 396 872 427 est
900 389 975 426 hoc
1003 390 1231 440 μονόμενρον
1250 386 1520 431 ἀκατάληκτον,
1545 384 1585 422 id
1605 391 1679 434 est,
1699 384 1817 422 habet

364 455 462 493 duos
484 454 604 506 pedes
623 455 820 504 integros:

735 535 928 581 Pessima,
949 547 1075 572 mane.

737 599 920 650 Optume,
942 597 1032 635 odio
1055 610 1112 635 es.

364 680 542 728 Δίμετρον
561 675 635 714 hoc
652 687 661 712 t

630 759 799 798 Verebar
819 770 1007 810 quorsum
1027 756 1221 796 evaderet.

366 844 595 894 Τρίμετρον;

634 911 876 964 Obsequium
897 909 1058 957 amicos,
1078 910 1220 948 veritas
1242 908 1373 948 odium
1394 909 1508 960 parit.

367 1002 620 1052 Τετράμερτον
638 1000 714 1038 hoc
731 1012 740 1036 Ξ

471 1085 577 1130 Quid
597 1085 737 1123 faciam
758 1082 892 1121 nunc?
923 1083 954 1121 si
976 1089 1054 1121 tres
1076 1081 1146 1120 viri
1164 1094 1225 1119 me
1245 1081 1284 1118 in
1317 1092 1510 1119 carcerem
1541 1079 1819 1129 compegerint.

367 1178 495 1228 Atque
521 1176 713 1214 hactenus
745 1173 926 1226 producti
960 1173 1112 1212 iambici
1133 1186 1267 1211 versus
1294 1171 1473 1222 exempla
1492 1170 1704 1208 adduxisse
1726 1169 1821 1206 satis

366 1241 495 1287 fuerit,
528 1240 600 1278 etsi
635 1238 902 1290 grammatici:
946 1240 1197 1287 πενταμέτρου
1233 1249 1388 1287 quoque
1421 1235 1584 1273 formam
1621 1233 1822 1284 adjiciunt.

367 1305 481 1343 Illum
503 1311 630 1342 autem
652 1308 915 1340 tetrametrum
935 1300 1124 1351 reperisse
1146 1299 1330 1337 Boiscum
1350 1297 1546 1350 quendam
1574 1296 1822 1347 Cyzicenum,

369 1371 589 1418 ἐπίγραμμα
622 1365 781 1411 indicat,
815 1365 1028 1403 tetrametri
1063 1367 1317 1410 ἁκαταλήκτου
1345 1368 1385 1400 et
1415 1364 1687 1407 καταληκτικοῦ,
1718 1355 1824 1410 quod

368 1433 507 1484 legitur
528 1432 565 1469 in
588 1430 877 1469 Commentario
898 1429 1030 1467 Rufini
1051 1428 1099 1467 de
1121 1427 1258 1466 Metris
1277 1426 1431 1465 Terent.

474 1519 626 1556 Βόῖσκος
647 1517 732 1554 ὡ’πὸ
751 1517 929 1561 Κυέικοῦ,
950 1515 1087 1553 παντὸς
1107 1514 1266 1565 γραφεὺς
1285 1516 1498 1563 ποίηματοε,

476 1582 552 1620 Τὸν
569 1583 752 1619 ὀκτάπουν
772 1581 888 1629 εὑρὼν
909 1583 1039 1630 στίχον
1058 1578 1184 1630 Φοίβῳ
1203 1580 1326 1624 τίθησι
1345 1576 1471 1626 δῶρον.

477 1646 642 1683 Boiscus
663 1644 726 1682 ille
746 1643 962 1695 Cyzicenus
984 1642 1148 1693 scriptor
1169 1641 1293 1679 omnis
1313 1640 1493 1678 carminis

475 1709 621 1748 Versus
641 1707 784 1760 pedum
806 1715 895 1745 octo
915 1707 1096 1758 repperit,
1117 1706 1344 1756 Phoeboque
1364 1703 1571 1743 dedicavit.

370 1796 514 1833 Verum
550 1793 600 1831 ad
633 1796 845 1839 καταλήξεις
878 1799 1126 1830 revertamur.
1197 1793 1268 1829 Est
1295 1791 1411 1842 igitur
1440 1789 1709 1837 καταληκτικὸς,
1737 1799 1826 1825 cum

372 1859 496 1905 deest,
518 1870 595 1908 quo
616 1856 744 1894 minus
765 1869 898 1894 versus
918 1855 1173 1906 compleatur,
1194 1854 1346 1906 syllaba
1364 1866 1469 1892 una:

642 1936 758 1981 Date,
779 1948 868 1973 mox
889 1948 962 1986 ego
978 1935 1053 1972 huc
1073 1940 1255 1972 revertar.

371 2023 565 2062 Iambicus
588 2021 753 2071 δίμετρος
774 2022 1043 2066 καταληκτικός.
1103 2020 1162 2057 Sit
1179 2020 1280 2058 enim
1314 2023 1324 2040 ‘
1340 2017 1559 2063 reverter0‚’
1586 2027 1676 2053 nam
1698 2020 1736 2053 et
1755 2014 1828 2052 hac

373 2088 496 2125 forma
515 2086 575 2124 usi
595 2086 709 2122 verbo
730 2085 897 2130 fuerunt,
919 2085 987 2122 erit
1001 2084 1081 2135 jam
1102 2084 1361 2129 ἀκατάληκτος.

482 2166 522 2202 Si
541 2165 633 2202 mihi
654 2171 790 2215 perget
808 2177 895 2214 quae
915 2164 999 2202 vult
1019 2163 1162 2209 dicere,
1191 2176 1238 2200 ea
1253 2175 1340 2212 quae
1360 2174 1438 2199 non
1460 2160 1545 2198 vult
1563 2159 1721 2198 audiet:

375 2256 594 2295 trochaicus
618 2255 902 2299 Archilochius,
937 2253 975 2291 id
998 2260 1072 2295 est,
1107 2254 1344 2303 τετράμετρος
1377 2265 1444 2290 seu
1473 2250 1688 2302 quadratus
1719 2265 1830 2287 κατα-

375 2322 552 2366 ληκτικός.
611 2320 669 2357 Sit
687 2319 788 2356 enim
809 2322 818 2339 ‘
836 2316 1069 2364 audientur:
1100 2317 1172 2355 erit
1191 2316 1411 2354 trochaicus
1441 2318 1679 2365 τετράμετρος
1707 2312 1831 2349 omni-

375 2384 448 2422 bus
469 2383 638 2420 numeris
663 2382 878 2420 absolutus,

430 2445 816 2497 Hypcrcatalecticus
838 2457 972 2482 versus
993 2444 1115 2489 est,in
1131 2455 1208 2494 quo
1222 2442 1373 2494 syllaba
1388 2454 1467 2480 una
1486 2439 1662 2478 abundat
1678 2452 1686 2477 ε
1714 2437 1830 2488 hujus

377 2509 596 2559 exemplum
617 2509 665 2547 de
685 2508 888 2559 dactylicis
913 2508 1140 2546 adducunt:

485 2591 706 2641 Alloquitur
725 2591 873 2630 Venus.
934 2592 967 2628 O
989 2592 1055 2642 qui
1074 2604 1133 2629 res
1163 2590 1440 2640 hominumque
1460 2589 1721 2638 Deorumque.

485 2654 685 2692 jactemur
705 2653 863 2700 doceas,
882 2655 1005 2705 ignari
1025 2655 1298 2704 hominumque
1318 2653 1581 2702 locorumque.

381 2745 525 2783 Verum
546 2742 813 2794 diligentiores
837 2743 876 2780 in
897 2743 1091 2794 dactylico
1112 2756 1251 2794 genere
1271 2743 1561 2792 ὓπερκατάληξιν
1584 2748 1623 2779 et
1640 2740 1831 2792 βραχυκα-
