1903 3306
313 226 398 267 5384
807 234 847 263 P.
879 230 1116 262 'PERENTH
1154 229 1270 260 Anat

314 331 433 373 Nam
454 331 609 383 gnatus
630 328 750 383 quod
771 327 996 382 pollicitus
1018 329 1097 373 est,
1120 324 1235 365 haud
1258 323 1438 364 dubium
1461 327 1532 364 est
1552 323 1673 373 mihi,
1709 322 1765 363 50

315 400 364 440 Si
385 399 513 448 nolit,
536 398 641 451 quin
661 410 760 437 eum
780 395 930 436 merito
953 394 1126 447 possim
1148 404 1319 445 cogere.

314 467 463 521 Atque
482 467 592 507 adeo
612 466 656 506 in
678 466 778 519 ipso
799 468 992 516 tempore
1012 473 1165 518 eccum
1186 461 1331 514 ipsum
1353 459 1545 500 obviam.

306 583 412 625 filium
426 583 536 622 possim
550 591 605 622 pro
619 581 723 620 patria
736 582 887 620 potestate
903 588 1021 616 cogere,
1045 577 1074 607 si
1089 576 1177 615 nolit,
1187 579 1351 616 praestare,
1365 576 1443 615 quod
1454 574 1531 605 mihi
1544 574 1700 615 pollicitus
1711 577 1768 606 est.

314 628 415 667 Atque
430 627 522 656 etium
537 627 704 665 opportune
719 633 784 653 ecce
801 622 945 652 Chremes
961 620 1037 651 mz'hz'
1054 619 1174 651 obviam
1188 620 1282 649 veuit.

927 714 1162 728 eeeeeeeeeeee

314 788 437 820 omisit.
465 787 566 819 West.
615 786 699 821 Quid
719 785 808 820 alias,
843 785 875 815 h.
901 793 930 814 e.
960 793 1021 814 cur
1047 782 1113 813 alio
1140 786 1308 821 tempore,
1333 782 1502 819 repugnat
1527 777 1649 810 sensui.
1694 777 1772 810 Hoc

314 832 403 863 enini
420 840 485 861 uon
503 829 758 860 deliberandum
777 832 841 864 est,
864 826 922 856 sed
939 825 1137 866 optandum.
1183 822 1385 854 Rectissime
1408 821 1492 861 legit
1508 820 1642 852 Horatii
1660 821 1771 853 Schol.

316 875 430 905 Acron
459 872 500 903 ad
522 873 630 903 Serm.
648 881 672 903 1.
696 875 727 902 4.
744 873 797 901 63.
827 870 958 905 Quando
982 869 1072 899 alias.
1098 868 1199 898 Bent.
1242 866 1395 897 Praestat
1421 873 1499 895 cum
1523 864 1628 894 Bent.
1654 864 1770 904 tegere

317 917 449 952 Quando
464 916 551 946 alias.
577 915 671 946 R.D.
717 913 878 954 Sequitur
894 912 997 942 Both.
1045 911 1110 946 Qui
1131 910 1191 940 dat
1215 909 1308 940 Perl.
1337 908 1394 947 qui
1419 910 1516 938 notat
1543 906 1630 942 Quid
1656 907 1771 946 legere

316 959 431 991 Guelf.
452 962 479 990 1.
494 961 525 989 2.
543 960 574 988 3.
621 956 798 988 Omittunt
813 955 867 985 has
880 955 914 986 J.
931 955 1078 985 Eun—50
1101 952 1241 983 Dubium
1256 951 1289 982 id
1303 950 1381 982 milii
1403 949 1507 981 Both.
1553 948 1639 980 Dub.
1668 952 1716 979 est
1738 949 1772 980 id

314 1003 391 1033 mihi
408 1003 465 1032 Br.
510 1001 620 1032 Notat
643 999 805 1030 Bothius:
831 998 902 1037 ιΙιί,
925 996 1014 1037 quod
1042 997 1143 1035 vulgo
1169 994 1279 1033 abest,
1302 992 1472 1024 invenitur
1500 992 1534 1022 in
1561 991 1606 1030 A,
1629 996 1771 1032 utroque

317 1046 385 1077 Gn.
403 1048 437 1075 et
452 1048 536 1074 vett.
552 1042 641 1074 edd?
688 1040 837 1073 Inveniri
855 1041 887 1070 in
905 1038 1020 1071 Guelf.
1038 1042 1068 1069 2.
1091 1041 1122 1069 3.
1147 1041 1262 1068 monet
1288 1036 1467 1068 Fert—52
1491 1034 1681 1075 Postquam
1711 1043 1773 1074 per

314 1087 505 1128 Synchysin
523 1086 588 1116 duo
601 1086 795 1126 superiores
810 1093 926 1114 versus
945 1087 1060 1113 essent
1077 1079 1275 1120 interpositi
1299 1079 1341 1109 de
1358 1078 1551 1118 Pamphilo,
1574 1077 1628 1108 iiic
1657 1086 1772 1108 rursus

316 1130 359 1161 de
374 1131 556 1161 Chremete
573 1126 825 1167 intelligendus.
857 1126 979 1166 Neque
992 1124 1077 1155 adeo
1089 1133 1228 1154 necesse
1245 1131 1320 1153 cum
1336 1122 1404 1152 Do.
1421 1125 1456 1152 et
1471 1120 1556 1152 Mss.
1574 1119 1774 1161 quibusdam

315 1175 350 1204 in
367 1172 431 1203 fine
447 1173 500 1202 vel
520 1173 681 1203 Chremem
696 1170 835 1209 addere,
857 1169 911 1199 vel
929 1169 1135 1207 Chremetem,
1154 1165 1243 1206 quod
1260 1174 1304 1196 ex
1318 1164 1440 1196 Glossa
1455 1162 1592 1194 videtur
1610 1161 1775 1193 additum.

323 1216 421 1247 West.
467 1215 535 1245 Pro
550 1215 680 1253 obviam,
702 1212 792 1254 quod
809 1221 875 1243 non
892 1210 992 1242 modo
1011 1209 1205 1250 ambiguum
1233 1211 1298 1247 est,
1321 1207 1399 1248 quia
1423 1204 1578 1246 ‘ipsum’
1606 1204 1649 1236 de
1672 1205 1773 1236 Pam-

317 1259 410 1299 philo
426 1258 535 1297 accipi
554 1263 682 1298 potest,
701 1256 760 1287 sed
778 1259 814 1286 et
831 1265 849 1285 a
865 1264 964 1285 sensu
981 1253 1142 1291 alienum,
1158 1252 1240 1292 quia
1253 1251 1344 1282 Simo
1361 1249 1470 1280 adhuc
1486 1249 1519 1279 in
1534 1257 1636 1279 scena
1647 1247 1775 1288 stabat,

318 1301 464 1332 necdum
482 1301 649 1331 Chremen
667 1302 874 1330 conventum
892 1297 992 1334 ierat,
1015 1297 1092 1335 lege
1118 1295 1278 1333 Chremen,
1301 1292 1389 1333 quod
1415 1291 1565 1322 nonnulli
1592 1289 1693 1322 codd.
1717 1289 1776 1320 ad-

312 1345 450 1384 jiciunt.
476 1343 572 1374 Bent.
619 1342 719 1383 Atqui
735 1342 820 1372 Mss.
837 1341 918 1372 Par.
964 1338 1075 1370 Abest
1100 1337 1135 1368 in
1162 1347 1181 1368 a
1207 1335 1323 1368 Guelf.
1340 1338 1371 1368 3.
1397 1340 1432 1366 et
1455 1334 1515 1366 Br.
1563 1333 1607 1364 Et
1622 1342 1690 1365 eum
1713 1341 1775 1374 pro

316 1397 419 1418 eccum
435 1387 494 1418 dat
511 1384 628 1418 Guelf.
643 1388 674 1416 3.
723 1384 915 1415 Chremetem
931 1382 964 1413 in
979 1382 1048 1413 tine
1064 1380 1161 1412 addit
1174 1378 1288 1411 Guelf.
1302 1382 1334 1411 2.

696 1654 899 1698 ACTUS
933 1653 1024 1695 III.
1087 1649 1295 1693 SCENA
1325 1649 1416 1691 III.

824 1778 966 1809 SlMo.
1007 1775 1257 1808 CHREMES.

324 1867 393 1908 Si.
444 1864 472 1905 J
479 1875 505 1905 u
518 1873 607 1903 BEO
649 1859 934 1901 Chremetem.
993 1856 1082 1898 CH.
1134 1854 1199 1895 O!
1242 1859 1286 1894 te
1324 1852 1471 1905 ipsum
1511 1848 1778 1904 quaerebam.

495 1932 562 1972 Si.
594 1929 651 1970 Et
672 1941 754 1980 ego
775 1932 832 1967 te.
893 1925 981 1967 CH.
1004 1925 1171 1978 Optato
1194 1920 1393 1963 advenis.

323 2000 507 2054 Aliqum
537 2010 605 2038 me
627 1995 789 2044 adiere,
813 2006 870 2035 ex
891 1998 933 2034 te
955 1992 1150 2034 auditum
1173 1990 1247 2043 qui
1272 1988 1467 2036 aiebant,
1487 1984 1623 2026 hodie
1644 1983 1777 2024 filiam

323 2068 474 2109 Meam
496 2066 654 2116 nubere
677 2068 755 2104 tuo
777 2065 933 2116 gnato:
966 2061 1011 2101 id
1033 2060 1144 2108 viso,
1164 2056 1273 2109 tun’,
1298 2069 1352 2097 an
1374 2055 1439 2096 illi
1461 2045 1692 2095 insaniant.

324 2136 389 2176 Si.
421 2132 640 2174 Ausculta
660 2130 842 2184 paucis:
876 2133 921 2170 et
939 2127 1046 2182 quid
1062 2139 1142 2179 ego
1164 2131 1205 2167 te
1224 2124 1367 2173 velim,
1387 2126 1431 2163 et
1455 2127 1501 2163 tu
1519 2118 1639 2174 quod
1660 2132 1778 2172 quae·

495 2214 572 2250 ris,
595 2211 728 2240 seles,

368 2301 419 2332 Si.
442 2299 569 2330 Salvere
596 2297 788 2328 Chremetem
813 2296 889 2325 volo.
936 2293 1005 2324 CH.
1032 2291 1089 2323 0!
1114 2291 1245 2331 teipsum
1269 2285 1470 2330 quoerebam!
1513 2286 1564 2317 Sl.
1588 2285 1632 2315 Et
1659 2292 1715 2322 ego
1738 2285 1781 2313 te.

326 2345 398 2375 CH.
426 2344 562 2381 Optatus
580 2339 718 2371 advenis.
762 2338 890 2378 Aliquot
915 2346 963 2367 me
986 2337 1200 2372 convenerunt,
1223 2333 1274 2374 qui
1299 2331 1454 2368 dicebant,
1470 2332 1554 2360 exte
1569 2337 1600 2359 se
1615 2326 1783 2364 audivisse,

326 2385 527 2427 hoclz‘efiliam
542 2392 638 2414 meam
654 2382 766 2413 nubere
772 2381 847 2422 filio
864 2384 934 2411 tuo:
958 2379 995 2410 ob
1009 2379 1042 2410 id
1066 2378 1153 2408 venio
1179 2377 1248 2416 huc,
1273 2378 1307 2406 ut
1330 2375 1461 2412 videam,
1485 2375 1570 2411 tune,
1585 2380 1624 2401 nn
1637 2369 1686 2400 illi
1700 2368 1782 2399 insa-

326 2430 426 2460 niunt.
470 2427 520 2458 Si.
544 2427 663 2465 Pauca,
684 2434 753 2466 quae
775 2424 888 2463 dicam,
914 2425 1032 2453 attente
1046 2421 1130 2452 audi.
1176 2420 1221 2450 Et
1244 2428 1298 2449 cur
1313 2427 1368 2458 ego
1393 2420 1423 2447 te
1448 2414 1562 2455 alloqui
1585 2414 1664 2452 volo,
1692 2415 1722 2443 et
1748 2414 1783 2440 tu

946 2515 1188 2531 eeeeeeeeeee

373 2583 392 2610 2
414 2578 445 2611 J.
464 2579 519 2609 Fr.
538 2577 690 2608 Gronov.
705 2575 746 2606 ad
765 2575 880 2606 Plaut.
908 2575 1010 2605 Truc.
1037 2581 1078 2604 ιι.
1096 2576 1127 2603 6.
1148 2574 1202 2602 21.
1235 2569 1363 2609 Aliquot
1378 2567 1419 2598 ad
1433 2574 1480 2596 me
1496 2564 1617 2596 adiere:
1639 2571 1682 2593 ex
1698 2561 1783 2609 Mss.

336 2623 435 2654 West.
481 2621 524 2651 G.
542 2620 616 2659 [ΒΓ.
634 2623 670 2649 et
686 2619 733 2648 ita
749 2617 859 2658 Pei-L]
885 2617 938 2648 Al.
956 2627 1002 2648 me
1020 2616 1178 2646 adierunt.
1195 2613 1275 2644 EM.
1309 2610 1364 2642 Al.
1380 2610 1420 2640 ad
1435 2617 1482 2639 me
1495 2608 1652 2638 adierunt.
1677 2603 1730 2635 Id.
1743 2613 1780 2652 .¹¹¹

331 2664 422 2697 Add.
458 2663 574 2694 Adiere
592 2661 699 2693 edidit
715 2661 774 2691 Fa.
820 2659 887 2691 Sed
905 2669 1033 2698 omues,
1047 2667 1132 2699 quos
1151 2656 1230 2694 vidi,
1248 2653 1348 2685 codd.
1377 2655 1413 2682 et
1437 2650 1516 2681 edd.
1543 2648 1671 2680 habent
1697 2646 1781 2677 adze-

331 2711 414 2738 runt.
459 2707 590 2743 Recte;
612 2708 648 2734 ut
664 2703 746 2734 illud
765 2703 774 2720 ‘
789 2706 1024 2742 steteruntque
1043 2698 1172 2731 comae.’
1190 2698 1287 2729 Bent.
1330 2695 1383 2726 Ad
1397 2703 1444 2725 me
1458 2692 1562 2723 adiere
1577 2690 1684 2722 fornia
1696 2689 1782 2719 anti-

331 2750 429 2791 quior
443 2752 478 2779 et
494 2749 616 2779 verior.
628 2745 877 2777 Both—fficio
890 2748 941 2775 tuo
955 2747 1053 2782 gnato
1065 2740 1180 2775 Gueif.
1195 2744 1226 2772 3.
1253 2739 1463 2770 Alterutrum
1478 2743 1540 2775 pro
1555 2733 1676 2774 glossa.
1694 2731 1781 2762 Parc.

330 2796 393 2824 νηί
417 2792 567 2823 Ausculta
581 2790 698 2831 paucis.
745 2788 796 2818 Ad
825 2787 897 2818 haec
927 2788 1104 2818 Donatus:
1128 2786 1136 2802 ‘
1156 2785 1201 2815 Et
1230 2781 1337 2823 paucis
1359 2784 1394 2812 et
1418 2787 1514 2819 pauca
1540 2774 1687 2816 legitur?
1719 2773 1779 2806 Pr.
