1903 3306
318 225 407 268 :286
528 275 531 278 ,
810 239 851 269 12.
884 239 1123 269 TERENTH
1161 239 1276 269 Arm

322 330 498 384 Negare
520 330 706 372 factum:
738 331 811 372 ille
831 332 963 373 instat
982 332 1172 373 factum:
1204 331 1392 385 denique
1682 321 1774 376 120

321 399 394 439 Ita
414 403 504 440 tum
526 398 709 440 discedo
732 400 787 440 ab
808 400 898 449 illo,
920 404 969 439 ut
988 400 1065 452 qui
1086 412 1133 439 se
1155 399 1291 440 filiam

322 466 470 519 Neget
502 466 714 508 daturum.
775 467 852 508 So.
885 465 988 507 Non
1019 470 1064 506 tu
1097 466 1158 506 ibi
1191 467 1402 518 gnatum?
1462 466 1527 507 Sl.
1563 465 1634 507 Ne
1667 465 1765 507 haec

393 544 396 545 ⁷
493 534 670 587 quidem

320 600 437 642 Satis
456 602 684 642 vehemens
704 613 839 642 causa
859 600 915 641 ad
935 600 1264 654 objurgandum.
1328 600 1404 641 So.
1436 598 1543 651 Qui,
1564 600 1674 641 cedo
1690 601 1709 640 ‘l
1756 633 1758 635 .

321 669 387 709 Sr.
418 668 530 709 Tute
550 668 646 721 ipse
666 668 735 708 his
756 669 887 709 rebus
906 667 1031 708 finem
1052 668 1340 721 praescripsti,
1362 672 1497 721 pater.
1572 716 1605 724 m

324 735 466 788 Prope
488 735 626 784 adest,
648 748 747 776 cum
769 735 909 775 alieno
929 747 1047 776 more
1072 734 1306 775 vivendum
1327 733 1380 776 'st
1400 735 1528 776 mihi:
1590 730 1602 761 ''-
1687 735 1772 776 125

322 803 425 843 Sine
447 816 560 843 nunc
579 815 678 843 meo
700 815 766 843 me
790 802 933 844 vivere
952 802 1115 842 interea
1134 802 1283 843 modo.

323 870 399 911 So.
433 869 543 920 Quis
564 870 693 922 igitur
713 870 883 910 relictus
904 873 972 909 est
993 869 1252 922 objurgandi
1272 870 1429 911 locus'?

323 938 389 978 Sl.
422 937 469 977 Si
491 941 671 990 propter
691 949 880 978 amorem
900 949 1084 977 uxorein
1104 936 1212 977 nolit
1232 937 1403 990 ducere,

322 1005 387 1044 Ea
406 1005 594 1058 primum
611 1004 666 1045 ab
686 1003 763 1044 illo
785 1002 1173 1044 animadvertenda
1192 1003 1352 1057 injuria
1371 1003 1441 1045 ’st.

323 1071 381 1112 Et
398 1084 510 1112 nunc
531 1071 574 1112 id
596 1083 776 1125 operam
793 1070 867 1121 do,
878 1064 945 1123 siit
964 1083 1041 1124 per
1060 1070 1197 1111 falsas
1218 1071 1401 1125 nuptias
1685 1072 1774 1114 130

321 1219 527 1259 peregrinam.
573 1219 642 1258 Ego
656 1218 733 1250 illud
740 1218 863 1256 factum
875 1227 937 1248 esse
949 1226 1119 1257 pernegare
1135 1217 1224 1258 coepi„
1258 1218 1317 1249 Ille
1331 1218 1428 1249 instat
1436 1218 1572 1257 factum.
1610 1219 1772 1251 Postremo

323 1262 369 1292 ita
384 1266 456 1292 tunc
470 1261 588 1292 discedo
604 1262 717 1300 abillo,
740 1264 775 1291 ut
790 1261 827 1291 ab
843 1271 887 1299 eo,
911 1260 964 1300 qui
980 1263 1104 1298 negaret
1121 1271 1153 1291 se
1174 1262 1323 1291 (laturum
1337 1271 1463 1292 uxorem
1479 1262 1587 1302 filiam
1607 1271 1671 1293 meo
1687 1262 1772 1303 filio.

323 1305 381 1336 So.
405 1305 478 1335 Non
494 1304 638 1345 tufilium
655 1307 740 1334 ticum
755 1303 798 1334 ibi
813 1301 1014 1341 objurgasti?
1058 1304 1107 1333 S1.
1136 1303 1187 1334 Ne
1212 1303 1277 1333 hoec
1302 1303 1424 1343 quidem
1450 1313 1541 1335 causa
1566 1306 1646 1335 satis
1667 1304 1772 1336 valida

313 1347 384 1384 suit
398 1350 439 1378 ad
454 1347 687 1385 objurgandum.
731 1347 790 1376 So.
813 1345 877 1376 Dic
891 1345 981 1384 mihi,
1007 1355 1118 1385 quoeso‚
1138 1355 1192 1376 cur
1204 1344 1289 1377 non?
1332 1346 1382 1378 S1.
1405 1347 1489 1377 Nam
1503 1346 1531 1377 is
1545 1347 1660 1378 diceret
1674 1347 1751 1378 milri
1762 1357 1773 1377 .·

327 1390 372 1420 Tu
384 1389 462 1430 ipse,
475 1393 577 1429 pater,
591 1390 735 1420 terminos
759 1388 949 1418 constituisti
965 1389 1040 1419 meis
1065 1388 1297 1428 voluptatibus:
1328 1398 1421 1429 prope
1440 1390 1528 1420 adest
1549 1393 1681 1430 tempu-3,
1704 1399 1776 1420 cum

323 1433 388 1463 vitu
404 1433 478 1463 milti
491 1433 610 1470 ‹ig-emta
624 1433 683 1462 erit
699 1441 738 1461 ex
753 1431 910 1461 voluntate
932 1431 1073 1469 alterius,
1094 1431 1160 1461 sine
1174 1441 1252 1461 nunc
1267 1441 1331 1463 meo
1346 1442 1393 1462 me
1411 1431 1514 1462 virere
1529 1432 1671 1463 arbitrio.
1715 1431 1774 1463 So.

327 1476 476 1510 Quaenam
501 1475 602 1514 igilur
616 1475 678 1504 alia
695 1473 810 1504 occasio
827 1473 1025 1512 opportunior
1038 1483 1070 1504 se
1084 1475 1158 1503 dare
1178 1477 1279 1513 potest
1294 1475 1334 1505 ad
1348 1484 1416 1504 eum
1431 1472 1680 1513 objurgandum?
1721 1474 1774 1505 Sl.

324 1517 361 1547 St
372 1521 497 1557 propter
509 1527 640 1548 amorem
652 1526 779 1547 uxorem
801 1516 878 1546 nolit
893 1517 1014 1555 ducere,
1027 1515 1092 1546 lzaec
1106 1517 1240 1555 primum
1254 1517 1409 1556 punienda
1422 1520 1469 1547 est
1481 1517 1558 1548 mihi
1568 1517 1604 1548 ab
1619 1517 1673 1547 illo
1682 1515 1775 1554 facta

324 1560 451 1598 injuria.
481 1561 523 1591 Et
540 1570 619 1591 nunc
635 1560 669 1591 id
685 1559 799 1599 laboro,
815 1562 862 1599 ut,
874 1561 1032 1598 praetextu
1045 1559 1259 1590 simulatarum
1266 1560 1457 1600 nuptiarum,
1470 1569 1575 1591 veram
1589 1559 1774 1598 objurgandi

929 1676 1167 1688 teeeeeeaeme

327 1770 393 1797 tum
408 1766 573 1796 (κώ-123
598 1763 684 1794 Vult
705 1762 794 1793 idem
811 1762 988 1795 Soa—124
1011 1764 1062 1795 M.
1088 1764 1165 1795 Tute
1188 1764 1236 1795 his
1260 1764 1361 1794 rebus.
1404 1762 1524 1795 Leidd.
1549 1771 1676 1802 omnes,
1701 1762 1777 1794 Tute

326 1810 403 1848 ipse.
448 1807 661 1844 Gulielmius,
678 1815 883 1846 componens
896 1816 969 1837 cum
987 1806 1098 1837 verbis
1112 1807 1286 1837 Ciceronis
1304 1808 1403 1837 Verr.
1421 1814 1454 1836 v.
1469 1808 1524 1837 63.
1547 1807 1556 1822 ‘
1569 1805 1682 1837 statui
1697 1814 1777 1844 ego·

327 1855 397 1882 met
412 1851 489 1881 milii
508 1854 577 1880 tum
596 1848 729 1879 modum
753 1849 1021 1888 orationimeae‚'
1045 1850 1210 1880 Nostrum
1237 1849 1284 1880 ita
1307 1848 1412 1880 citat:
1437 1849 1517 1879 Tute
1541 1848 1607 1888 ipse
1633 1847 1705 1878 huic
1727 1847 1776 1878 rei

327 1893 468 1924 statuisti
481 1893 612 1930 modum,
632 1894 732 1931 pater.
779 1890 1003 1931 Crediderim,
1024 1892 1185 1923 memoria
1208 1892 1353 1932 lapsum,
1369 1900 1435 1922 non
1452 1890 1608 1931 inspecto
1624 1890 1776 1921 Comico.

334 1936 431 1967 West.
479 1934 708 1973 Fra-scripsisti
723 1934 761 1964 Z.
777 1933 979 1964 Post-125
1004 1934 1042 1965 F.
1060 1935 1176 1964 Donsa
1192 1934 1234 1964 ad
1254 1934 1359 1965 Lucil.
1376 1943 1401 1965 1.
1425 1935 1477 1965 13.
1502 1932 1598 1964 abest.
1644 1933 1717 1965 Cic.
1735 1932 1777 1963 de

328 1979 465 2010 Senect.
483 1986 562 2008 ΧΧΙ.
583 1978 592 1994 ‘
607 1976 756 2016 Propius
771 1975 911 2006 absum!
957 1976 1054 2008 Gisb.
1074 1977 1228 2016 Cuperus
1250 1976 1386 2017 legebat
1406 1985 1447 2006 ex
1471 1975 1554 2007 Mss.
1602 1975 1706 2016 Prope
1720 1978 1777 2006 est.

329 2021 408 2052 vid.
422 2022 538 2052 Burin.
555 2019 596 2050 ad
614 2020 758 2050 Petron.
774 2027 851 2058 cap.
870 2021 942 2049 127.
962 2020 1057 2050 West.
1096 2019 1152 2049 Est
1170 2020 1229 2050 ΒΓ.
1246 2019 1278 2049 in
1294 2019 1389 2059 cujus
1407 2018 1525 2058 glossis
1538 2019 1627 2051 adest
1642 2018 1779 2049 videtur

330 2064 410 2105 poni
428 2073 489 2103 pro
508 2072 578 2094 var.
592 2063 670 2093 lect.
716 2062 775 2091 Est
792 2070 852 2101 pro
867 2060 906 2092 'st
934 2061 992 2091 ΒΓ.
1018 2061 1056 2093 Z.
1080 2061 1175 2092 Peri.
1199 2062 1302 2093 Both.
1345 2060 1414 2092 Sed
1441 2069 1508 2091 non
1533 2060 1655 2091 idonea
1677 2069 1778 2091 causa

330 2112 381 2138 est
398 2116 456 2138 cur
473 2106 515 2136 de
531 2105 594 2136 hoc
612 2106 741 2144 plurem
765 2103 972 2134 mentionem
989 2103 1272 2135 faciamus.—126
1295 2104 1380 2135 Mss.
1397 2103 1535 2144 quidam
1551 2102 1585 2133 S.
1602 2113 1635 2134 n.
1651 2113 1699 2134 me
1713 2112 1778 2133 meo

329 2150 389 2180 int.
405 2149 467 2180 viv.
480 2149 576 2179 modo.
600 2148 813 2178 WVest.--l27
838 2146 878 2176 In
895 2147 1018 2178 nostris
1035 2145 1109 2177 fere
1126 2146 1280 2178 omnibus
1293 2146 1388 2178 libris
1404 2151 1468 2185 est,
1486 2145 1552 2181 Qui
1564 2145 1677 2184 igitur,
1689 2145 1781 2186 quod

334 2196 387 2222 est
411 2189 653 2231 recipiendum.
708 2189 792 2220 Cod.
820 2188 1008 2219 Vaticanus
1032 2190 1246 2228 veterrimus,
1278 2193 1367 2220 teste
1394 2188 1436 2219 ad
1465 2187 1648 2219 Phaedrum
1674 2196 1697 2219 ι.
1724 2190 1778 2218 31.

333 2234 459 2273 Gudio,
477 2233 610 2273 legebat
625 2231 756 2262 relicuus
771 2232 801 2262 ll.
816 2241 845 2263 e.
861 2232 1007 2271 reliquus.
1053 2232 1120 2263 Sed
1137 2236 1280 2272 recepta
1296 2231 1398 2263 lectio
1411 2233 1463 2262 est
1479 2229 1668 2261 retinenda.
1685 2230 1780 2261 Bent.

335 2277 398 2312 Qui
414 2277 471 2307 ur.
489 2281 523 2306 et
537 2275 603 2307 Ms.
617 2275 699 2305 Par.
717 2279 752 2305 et
768 2273 821 2304 ed.
837 2274 1045 2305 Rom—128
1070 2274 1139 2305 Pro
1159 2273 1290 2314 vulgari
1304 2274 1395 2312 nol-it,
1411 2277 1446 2304 et
1464 2272 1592 2304 Donati
1606 2273 1712 2310 nollet,
1727 2281 1779 2303 re-

334 2329 422 2359 pone
438 2320 529 2350 nolet.
552 2319 652 2349 Bent.
699 2317 795 2347 Nocet
811 2316 895 2347 dant
911 2317 1009 2347 Both.
1025 2317 1228 2349 Peri—129
1254 2317 1302 2347 Εα
1313 2327 1365 2357 pr.
1379 2316 1417 2347 ab
1431 2316 1454 2346 i.
1469 2318 1515 2347 est
1530 2325 1581 2346 απ.
1598 2314 1657 2354 inj.
1705 2315 1777 2346 Nos

334 2363 395 2403 ita,
411 2371 509 2393 versu
526 2361 732 2402 postulante,
749 2368 856 2401 neque
872 2360 1000 2390 minore
1017 2363 1131 2391 tamen
1146 2364 1331 2399 vetustate,
1356 2360 1406 2390 Εα
1419 2368 1469 2400 pr.
1482 2357 1519 2389 ab
1533 2358 1556 2390 i.
1573 2367 1624 2390 «m.
1644 2356 1703 2396 iiij.
1722 2361 1779 2388 est.

987 2456 1018 2486 N
1026 2455 1127 2487 OTAE

337 2532 400 2573 git,
418 2533 471 2564 Illi
486 2542 554 2572 ego.
1085 2531 1095 2548 ‘
1113 2531 1204 2561 Reus
1221 2539 1240 2561 a
1262 2529 1392 2560 Milone
1405 2528 1426 2560 :'
1450 2528 1483 2560 id
1501 2531 1566 2566 est,‘
1584 2528 1781 2558 accusatore

382 2587 442 2614 129
468 2584 516 2615 Εα
546 2583 680 2623 primum
701 2582 739 2612 ab
763 2582 817 2612 illo
842 2581 1031 2612 animadver-
1085 2581 1227 2612 Milone.
1250 2576 1697 2617 Animadvertereinjuriam
1707 2584 1782 2616 pro,

337 2637 442 2676 tenda]
479 2635 547 2666 Pro
578 2635 649 2674 eJ'us
687 2634 822 2674 injuria,
851 2633 894 2664 ab
924 2642 964 2664 eo
995 2633 1033 2664 il-
1087 2631 1218 2671 punire.
1249 2629 1369 2661 Cicero
1381 2628 1589 2659 inVerrem:
1612 2625 1686 2656 ‘Ea
1700 2629 1781 2656 sunt

338 2687 427 2717 lata:
452 2686 499 2716 sic
515 2685 627 2716 Plaut.
660 2684 776 2715 ‘Foris
792 2683 994 2723 concrepuit
1012 2693 1031 2714 a
1086 2678 1387 2713 animadvertenda
1413 2682 1569 2717 peccata,
1595 2684 1670 2718 quae
1694 2673 1778 2706 diffi·

336 2735 447 2775 Sene,’
463 2736 573 2775 idest,
591 2734 695 2765 Senis.
710 2734 845 2764 Lucret.
880 2733 889 2749 ‘
909 2733 1031 2772 Fulgor
1086 2731 1210 2764 cilliuie
1227 2727 1488 2771 praecaveutur.'

339 2787 382 2818 ab
401 2786 504 2826 auro,’
520 2795 593 2826 pro,
610 2784 691 2816 auri.
731 2783 851 2814 Cicero
868 2781 901 2813 in
919 2782 1030 2822 Epist.
