1903 3306
480 241 544 271 nn
577 238 764 285 Murius
794 237 1154 270 TERENrmms.
1455 230 1539 274 239

169 374 435 415 VARIETAS
478 372 808 414 METRORUM.
877 361 1106 421 ΙΑΜΒΙό-ι,
1143 372 1457 413 TnocuArci.

142 459 419 505 Quintilianus,
437 458 611 497 Institut.
633 459 744 497 Orat.
768 471 811 496 x.
837 459 870 497 1.
891 462 900 480 ‘
920 458 964 496 In
986 457 1188 496 Comoedia
1207 458 1372 497 maxime
1393 459 1540 498 claudi-

87 523 383 571 camus,—licet
399 523 622 561 Tenem-11
650 522 796 573 scripta
815 521 863 559 ad
886 521 1104 573 Scipionem
1125 521 1350 559 Africanum
1369 524 1540 562 referan-

87 595 174 626 tur:
204 601 292 638 quae
312 593 443 625 tamen
463 587 502 624 in
521 586 596 624 hoc
617 599 758 637 genere
779 593 872 623 sunt
891 586 1205 636 elegantissima3
1235 593 1275 623 et
1304 586 1391 637 plus
1411 587 1540 627 adhuc

86 651 266 689 habitura
299 650 449 701 gratiae,
478 649 510 687 si
543 649 646 687 intra
674 662 809 687 versus
843 650 1032 688 trimetros
1053 648 1280 688 stetissent.'
1334 649 1539 689 Mirificum

87 726 181 752 sane
208 712 340 763 magni
368 711 531 750 rhetoris
560 711 774 763 judicium!
831 712 1004 763 Optabat
1034 713 1197 760 scilicet,
1224 720 1268 751 ut
1288 713 1447 751 Fabulae
1466 714 1540 752 Te·

86 777 287 821 rendanae,
316 789 406 826 quae
434 776 470 813 in
501 775 624 826 primo
645 775 834 826 cujusque
856 782 946 814 actu
967 782 1006 814 et
1025 789 1144 814 scena
1162 789 1185 815 a
1204 776 1385 815 trimetris
1406 777 1539 815 incho-

87 847 214 887 antur,
243 839 381 878 eodem
398 845 521 878 metro
543 852 588 877 ac
609 845 744 877 tenore
764 852 832 890 per
862 852 999 877 omnes
1031 847 1141 878 actus
1174 853 1390 891 scenasque
1421 840 1541 879 decu-

85 903 310 942 currissent.
359 902 549 941 Crederes
569 903 745 954 profecto
765 903 962 941 hominem
982 916 1182 954 nunquam
1203 916 1360 942 scenam
1379 903 1540 950 vidisse,

85 979 285 1018 nunquam
317 966 536 1005 comoedum
570 973 700 1017 partes
722 980 813 1005 suas
834 974 1015 1018 agentem
1037 967 1289 1019 spectavisse.
1345 967 1450 1010 Quid
1471 981 1538 1007 vo-

85 1027 188 1067 luit?
216 1028 321 1080 quod
341 1041 413 1067 nec
435 1029 654 1068 Menander
673 1043 744 1068 nec
765 1030 869 1068 ullus
892 1031 1120 1068 Graecorum
1140 1030 1245 1077 fecit,
1272 1031 1476 1070 Terentius
1497 1037 1541 1070 ut

83 1091 258 1130 faceret?
287 1099 330 1130 ut
348 1091 417 1139 ira,
438 1097 579 1139 metus,
599 1093 801 1139 exultatio,
823 1093 947 1140 dolor,
968 1093 1175 1144 gaudium;
1197 1102 1236 1133 et
1254 1095 1398 1146 quietae
1417 1108 1479 1134 res
1500 1102 1541 1134 et

84 1156 263 1202 turbatae,
296 1154 435 1193 eodem
466 1163 590 1195 metro
622 1156 727 1196 lente
761 1156 994 1208 agerentur?
1023 1164 1067 1195 ut
1095 1157 1237 1197 tibicen
1256 1158 1414 1210 paribus
1435 1160 1538 1198 tonis

82 1224 347 1270 perpetuoque
367 1219 520 1257 cantico
541 1220 803 1271 spectantium
825 1233 938 1258 aures
960 1220 1019 1258 vel
1046 1220 1263 1261 delassaret
1282 1223 1343 1260 vel
1364 1223 1540 1262 offende-

84 1281 174 1320 ret?
227 1282 393 1320 Tantum
426 1283 552 1330 abest,
579 1290 623 1321 ut
655 1296 701 1322 eo
731 1290 848 1334 pacto
873 1284 962 1335 plus
983 1285 1118 1335 gratiae
1138 1284 1319 1324 habitura
1337 1292 1443 1325 esset
1463 1287 1539 1325 Fa-

82 1344 189 1392 bula,
217 1351 273 1392 ut,
294 1345 543 1396 quantumvis
561 1346 659 1384 bene
680 1353 843 1393 morata,
872 1349 1122 1398 quantumvis
1140 1348 1241 1388 belle
1262 1349 1419 1401 scripta,
1449 1363 1539 1402 gra-

83 1407 176 1447 tiam
196 1421 354 1460 prorsus
373 1416 527 1448 omnem
546 1409 796 1460 perdidisset.
835 1409 880 1447 Id
901 1410 1013 1461 primi
1033 1412 1126 1450 artis
1141 1418 1356 1464 repertores
1376 1413 1539 1465 pulchre

81 1471 288 1517 videbant;
317 1471 566 1511 delectabant
585 1486 678 1524 ergo
695 1474 879 1512 varietate
898 1474 999 1525 ipsa,
1017 1474 1250 1527 diversaque
1269 1480 1338 1524 ἤθη
1357 1479 1416 1515 καὶ
1435 1479 1536 1525 πάθη

82 1534 235 1574 diverso
268 1536 439 1574 carmine
471 1538 820 1589 repraesentabant.
884 1537 1036 1575 Marius
1069 1538 1308 1587 Victorinus,
1340 1554 1380 1592 p.
1414 1543 1537 1581 2500.

83 1604 94 1622 ‘
116 1600 224 1640 Nam
233 1608 274 1639 et
289 1601 507 1640 Menander
526 1601 565 1640 in
587 1601 800 1640 Comoediis
819 1602 1042 1654 frequenter
1061 1616 1085 1642 a
1104 1604 1340 1643 continuatis
1361 1606 1536 1646 iambicis

81 1664 327 1703 versibusad
346 1664 566 1704 trochaicos
587 1666 740 1714 transit,
759 1673 800 1705 et
816 1678 968 1705 rursum
988 1666 1039 1705 ad
1056 1668 1243 1708 iambicos
1263 1670 1389 1708 redit!
1444 1672 1535 1711 Non

81 1728 137 1766 ita
155 1735 285 1767 tamen
304 1729 475 1779 agebant
492 1729 668 1777 Veteres,
695 1735 741 1768 ut
772 1730 820 1767 ab
850 1742 929 1768 uno
960 1730 1001 1767 in
1029 1730 1135 1769 aliud
1161 1732 1277 1784 plane
1298 1734 1535 1774 contrarium

81 1790 457 1843 repente-e'xilirent3
488 1794 536 1831 ab
565 1793 742 1832 iambicis
772 1793 813 1831 in
847 1793 1088 1846 dactylicos;
1120 1797 1189 1834 sed
1222 1797 1261 1834 in
1293 1798 1533 1850 propinquos

80 1855 315 1904 trochaicos‚
343 1857 431 1908 ipso
460 1857 627 1895 transitu
658 1870 771 1909 paene
790 1856 963 1896 fallente.
1021 1858 1138 1903 Quod
1158 1867 1203 1898 ut
1219 1861 1359 1900 clarius
1377 1863 1535 1914 conspi-

81 1919 219 1967 ciatur,
245 1932 400 1959 omnem
418 1921 693 1960 Terentianam
711 1922 863 1974 copiam
889 1922 952 1960 hic
983 1922 1134 1972 sistam,
1161 1938 1317 1978 unoque
1337 1933 1376 1965 et
1394 1927 1533 1967 eodem

79 1983 181 2034 pede
200 1983 415 2023 ditrochaeo
433 1984 655 2024 universam
674 1986 754 2024 fere
775 1986 948 2026 emetiar.

134 2044 237 2085 Illud
254 2054 385 2087 tamen
404 2047 511 2099 prius
540 2048 857 2092 admonendum3
887 2054 932 2088 ut
961 2061 984 2087 a
1015 2050 1195 2089 trimetris
1226 2064 1316 2091 suas
1348 2053 1531 2102 Fabulas,

79 2110 193 2149 rebus
214 2111 487 2159 sedatioribus,
516 2119 690 2151 nostrum
718 2113 950 2156 inchoasse;
980 2114 1036 2152 ita
1063 2127 1214 2166 semper
1232 2119 1464 2156 tetrametris
1485 2120 1531 2157 fi-

78 2174 211 2218 nisse;
241 2175 347 2226 quod
374 2176 405 2214 F
408 2177 534 2214 abulae
554 2176 814 2228 catastrophe,
842 2189 932 2216 cum
952 2190 1012 2215 res
1033 2178 1266 2218 turbulentae
1285 2181 1470 2231 paulatim
1492 2190 1532 2221 et

79 2250 183 2288 aegre
201 2238 517 2287 consilescerent,
546 2239 622 2278 hoc
642 2240 822 2278 carminis
844 2254 966 2291 genus
984 2242 1214 2293 postularet,
1234 2257 1376 2295 magno
1396 2246 1531 2296 spiritu

78 2300 373 2341 effundendum.
427 2302 515 2341 Prae
535 2303 716 2341 omnibus
736 2309 864 2342 tamen
886 2305 1071 2344 trochaici
1092 2307 1196 2357 pleni
1216 2308 1368 2346 firmum
1387 2311 1529 2349 actoris

76 2364 180 2403 latus
198 2365 469 2416 require-:baum
500 2366 567 2418 qui
587 2379 787 2417 nunquam
808 2367 957 2406 scilicet
974 2368 1049 2407 nisi
1075 2369 1114 2407 in
1134 2371 1301 2410 maximo
1320 2372 1529 2412 affectuum

77 2434 229 2467 tumore
249 2429 409 2468 veniunt
426 2443 436 2474 3
464 2430 660 2478 efferendi,
681 2443 774 2477 non,
794 2438 838 2470 ut
859 2432 1016 2483 quidam
1037 2440 1254 2481 autumant,
1273 2436 1383 2474 tarde
1404 2437 1529 2476 lente-

78 2505 166 2544 que,
187 2492 256 2531 sed
275 2493 442 2533 clamore
462 2507 626 2542 summo,
645 2508 736 2533 cum
756 2495 887 2534 labore
906 2510 1104 2536 maxumo.
1160 2498 1274 2537 Unde
1290 2500 1450 2548 factum,
1470 2510 1525 2549 ut,

77 2569 166 2594 cum
187 2557 283 2595 alias
302 2557 341 2595 in
362 2556 509 2609 διποδίᾳ
527 2558 704 2610 spondaei
721 2560 783 2597 vel
813 2562 1003 2613 anapaesti
1036 2561 1268 2613 placuerint,
1297 2563 1335 2602 in
1368 2564 1428 2604 his
1447 2572 1525 2605 tro·

77 2619 175 2657 chaei
195 2620 254 2658 vel
274 2620 420 2673 dactyli
441 2622 572 2661 studio
592 2629 842 2675 quaerantur:

120 2698 232 2731 Credo
247 2700 404 2742 equidem
420 2701 588 2743 illumjam
605 2702 803 2745 affuturum,
818 2708 856 2736 ut
869 2704 961 2737 illam
977 2715 997 2737 a
1012 2715 1066 2738 me
1081 2706 1204 2748 eripiat
1219 2719 1228 2739 τ
1253 2708 1324 2741 sinc
1343 2709 1457 2742 veniat

121 2752 237 2794 Atqui,
259 2753 286 2784 si
303 2754 394 2786 illam
411 2754 518 2796 digito
536 2757 704 2797 attigerit,
718 2756 809 2790 6culi
825 2758 874 2790 illi
888 2759 980 2792 illico
996 2759 1200 2794 effodientur
1215 2774 1222 2793 :
