1903 3306
573 258 798 288 EUNUCH!
833 258 942 288 Ac'r.
970 260 1018 288 ιι.
1052 262 1120 289 sc.
1146 262 1195 290 11.
1525 257 1606 296 4⁴21

160 353 352 395 Conveni
372 351 500 392 hodie
523 352 764 394 adveniens
785 354 1004 406 quendam
1028 356 1113 395 mei
1136 355 1225 395 loci
1247 355 1360 405 hinc,
1382 364 1513 412 atque
1536 374 1604 400 or-

331 420 462 469 dinis,

159 487 402 530 Hominem
437 487 555 527 haud
586 488 822 540 impurum,
859 489 1007 529 itidem
1040 491 1186 542 patria
1221 492 1297 544 qui
1333 493 1610 546 abligurierat

331 556 462 595 bona.

157 622 306 663 Video
326 626 510 670 sentum,
546 621 811 675 squalidum,
843 636 1018 676 aegrum,
1050 624 1209 676 pannis
1242 627 1460 681 annisque
1488 629 1609 669 obsi-

331 695 440 730 tum.
1583 698 1611 736 5

159 756 280 807 Quid
308 756 439 806 istuc,
463 757 659 809 inquam,
682 757 821 796 ornati
843 757 941 797 est?
985 758 1193 810 quoniam
1216 762 1363 812 miser,
1388 763 1509 816 quod
1533 763 1609 804 ha-

324 824 416 873 bui,
437 822 620 877 perdidi.
680 822 812 872 Hem,

156 890 260 941 Quo
280 890 488 931 redactus
508 903 604 930 sum
623 890 631 930 !
663 902 815 930 omnes
851 891 944 931 noti
965 905 1034 933 me
1057 899 1190 947 atque
1211 896 1342 937 amici
1362 897 1584 939 deserunt.

156 958 248 999 Hic
275 970 356 1010 ego
388 957 516 997 illum
550 958 766 997 contemsi
799 972 891 1011 prae
928 973 1008 1000 me.
1070 961 1208 1012 Quid,
1238 964 1384 1014 homo,
1415 966 1607 1019 inquam,

326 1024 641 1077 ignavissime?

152 1123 242 1154 hodie
256 1123 314 1154 huc
329 1123 454 1154 veniens
467 1123 566 1154 incidi
590 1124 622 1155 in
646 1124 798 1155 hominem
821 1135 894 1155 πιθα]
918 1125 1102 1156 condicionis
1119 1136 1129 1162 ‚·
1152 1137 1211 1157 non
1229 1128 1349 1167 quidem
1364 1129 1533 1169 sordidum,
1555 1141 1608 1162 nec

153 1175 293 1203 avarum,
308 1167 359 1206 qui
374 1166 530 1205 similiter,
544 1170 637 1206 atque
650 1177 718 1205 ego,
740 1168 961 1207 patrimonium
982 1178 1038 1207 per
1053 1170 1159 1200 lua-um
1183 1175 1387 1202 consumserat
1400 1182 1412 1208 ,·
1435 1173 1521 1203 video
1537 1174 1607 1204 hor-

152 1209 268 1247 ridum,
282 1209 482 1245 immundum,
505 1210 656 1248 pallidum
681 1210 782 1240 instar
803 1211 1000 1249 oegrotuutis,
1022 1213 1157 1242 vestibus
1172 1214 1281 1243 laceris
1297 1215 1451 1252 indutum,
1465 1219 1493 1245 et
1509 1226 1607 1246 senec-

152 1254 218 1282 tute
233 1251 412 1289 deformem.
461 1252 544 1287 Quid
559 1252 618 1282 iste
633 1256 758 1282 ornatus
772 1252 834 1282 sihi
849 1251 939 1283 vult?
955 1254 1035 1284 dimi.
1063 1255 1232 1294 Respondit
1246 1256 1316 1287 ille.-
1343 1258 1498 1292 Quoniam
1512 1258 1609 1295 infor-

151 1297 280 1324 cunutus
295 1304 349 1333 ego
364 1305 432 1334 quoe
444 1294 537 1325 habui
552 1295 628 1325 hona
643 1296 743 1326 amisi.
792 1296 886 1331 Hem,
912 1306 968 1336 quo
992 1297 1124 1327 miseriae
1149 1300 1290 1329 reductus
1313 1298 1404 1330 snm?
1431 1301 1544 1331 Omnes
1552 1301 1606 1337 fu·

151 1337 289 1367 mitiores
313 1340 406 1376 utque
429 1337 522 1367 amici
549 1347 596 1367 me
620 1339 774 1368 deserunt.
821 1338 888 1368 Hic
917 1348 973 1376 ego
1002 1340 1089 1369 illum
1113 1341 1250 1380 despexi,
1274 1342 1406 1381 mihique
1433 1344 1608 1382 posthabui.

155 1378 251 1419 Quid,
266 1379 365 1419 homo,
389 1380 526 1420 inquam,
550 1381 750 1420 inertissime,
776 1381 859 1412 itane
884 1381 942 1412 tibi
965 1382 1154 1422 consuluisti,
1179 1387 1211 1414 nt
1234 1385 1317 1415 nulla
1334 1386 1390 1415 tibi
1411 1388 1544 1426 supersit
1560 1388 1607 1417 tui

762 1475 997 1488 eeeeeeeeeeee

151 1527 246 1567 legit,
260 1529 356 1558 stulto
368 1527 544 1568 intelligens
561 1530 647 1564 Quid
662 1530 791 1562 interest
806 1531 821 1563 !
843 1541 1048 1572 componens
1065 1541 1139 1562 cum
1154 1533 1209 1563 illo
1228 1533 1331 1564 Gellii
1346 1543 1401 1564 [Π.
1420 1537 1470 1566 14.
1491 1536 1500 1552 ‘
1514 1536 1603 1568 Quid

150 1569 327 1600 dimidium
342 1571 521 1602 dimidiato
537 1572 697 1604 intersit.y
743 1574 798 1605 lta
815 1580 850 1605 et
865 1575 949 1605 citat
967 1575 1025 1605 Pr.
1037 1574 1121 1606 Inst.
1137 1575 1287 1606 Gramm-
1305 1576 1361 1607 lib.
1377 1585 1484 1608 xvul.
1506 1578 1603 1610 West.

150 1613 364 1653 Conjunctim
391 1614 511 1654 legunt
537 1615 598 1645 ΒΓ.
627 1616 726 1646 Beni.
750 1617 790 1647 Ζ.
817 1617 971 1648 Pe11.—4
995 1617 1034 1647 Iu
1068 1618 1144 1649 ΕΡ.
1169 1623 1204 1648 et
1229 1619 1430 1659 quibusdam
1452 1621 1534 1652 Mss.
1553 1628 1604 1653 est

148 1655 244 1694 oblig.
274 1656 538 1688 Westeruovius.
581 1658 802 1697 Abhgurierat
817 1660 911 1690 bonu:
946 1660 1098 1691 Giossar.
1133 1663 1141 1677 ‘
1156 1660 1350 1701 Abligurio,
1366 1664 1607 1703 καταλιχνεύω.’

151 1698 196 1728 Et
218 1702 226 1715 ⁴
240 1698 502 1736 obliguritores’
528 1700 598 1731 Jul.
622 1701 752 1733 Firmic.
777 1702 834 1732 lib.
851 1711 884 1733 v.
901 1712 976 1742 cap.
993 1707 1024 1734 5.
1047 1703 1142 1735 Lind.
1168 1705 1270 1736 Bent.
1291 1705 1370 1735 Par.
1389 1706 1524 1746 [Boiu]
1544 1717 1605 1745 per

151 1742 219 1770 duo
247 1750 275 1779 r,
297 1741 452 1780 abligurr.
480 1743 574 1774 Perl.
600 1743 780 1783 Obtiguerat
807 1745 889 1776 Mss.
920 1750 953 1776 et
972 1745 1048 1776 edd.
1066 1752 1149 1777 velt.
1168 1747 1352 1786 Vulgatum
1370 1748 1503 1779 fortius.
1526 1750 1605 1791 Bip.

151 1783 266 1814 Itidem
281 1788 316 1814 ut
327 1794 383 1821 ego
395 1785 464 1815 sine
480 1786 534 1825 qui
551 1785 668 1817 Guelf.
687 1790 782 1818 2.-5
808 1789 918 1826 Vulgo
942 1789 1102 1828 annisque.
1127 1789 1154 1819 C
1170 1793 1199 1819 et
1213 1792 1311 1821 annis.
1324 1812 1331 1818 .
1355 1791 1423 1821 Sed
1442 1798 1536 1823 recte
1551 1803 1606 1824 co-

150 1825 263 1865 pulam
276 1827 403 1857 omittit
417 1827 456 1857 B.
482 1828 577 1859 Both.
621 1829 790 1860 Sordidum
801 1831 936 1871 quidam
963 1831 1047 1862 Mss.
1064 1832 1179 1865 legunt
1196 1842 1255 1871 pro
1269 1843 1401 1872 aegrum.
1430 1834 1604 1867 WVest.-—6

151 1869 220 1899 Alii
246 1878 323 1900 eum
340 1870 499 1901 Donato:
526 1871 610 1906 Quid
635 1872 715 1903 istuc
741 1872 873 1905 ornati?
900 1875 1034 1913 iuquam.
1060 1874 1111 1905 ld.
1157 1875 1228 1906 Pro
1261 1876 1342 1906 Hem
1368 1877 1485 1908 Codex
1504 1878 1605 1909 CCC.

150 1911 328 1950 singularis
354 1918 443 1944 notae
463 1914 521 1944 En.
567 1915 749 1946 Enimvero
767 1916 814 1947 ita
831 1917 1010 1957 legendum
1028 1923 1093 1948 est.
1119 1918 1215 1948 Bent.
1263 1918 1478 1958 Obsequiiur
1503 1921 1605 1952 Both.

149 1954 211 1984 Em
222 1954 346 1986 Br.-7
370 1956 452 1986 Mss.
467 1955 618 1997 quidam,
640 1959 851 1989 deseruerunt.
900 1959 1112 1990 Leiileusium
1131 1962 1389 2007 nnus‚‹1ese1·¹⁴—2›··
1409 1964 1518 1994 West.
1536 1965 1604 1995 Mei

806 2041 951 2074 NOTAE

191 2104 210 2132 4
238 2102 403 2135 Hominem
437 2104 520 2135 haud
560 2105 731 2146 impurum]
769 2106 847 2137 Nou

149 2152 334 2192 sordidum,
352 2162 418 2184 uon
441 2164 594 2186 avarum.
642 2156 847 2187 Liberaliter

903 2107 1108 2148 squalidum,
1152 2108 1374 2140 immundum.
1447 2108 1601 2149 Squalidi

904 2158 1041 2198 proprie
1070 2158 1118 2189 rei
1152 2160 1207 2200 qui
1235 2160 1290 2189 diu
1322 2159 1532 2189 delituerunt
1569 2159 1602 2189 in

149 2203 284 2233 educari
300 2214 393 2244 saepe
410 2204 543 2244 balnea,
561 2207 751 2245 praesertim
766 2206 847 2236 eali-

148 2252 206 2292 da,
223 2253 364 2285 adibant
380 2255 500 2286 nitoris
518 2262 553 2286 et
569 2257 749 2297 elegantiae
769 2266 847 2287 cau·

148 2312 201 2342 sa;
239 2304 332 2334 avari
362 2308 475 2336 antem
505 2305 653 2336 minime.
713 2306 847 2336 Aristo-

147 2353 289 2394 phanes,
303 2354 337 2385 in
354 2354 458 2386 Pluto
475 2355 661 2386 Comoedia.

190 2404 408 2443 Ahlignrierat
435 2405 527 2446 bona]
567 2406 637 2436 Per
668 2407 780 2437 luxum
812 2413 847 2438 et

145 2455 402 2495 popinationem
419 2455 658 2489 devoraverat.
692 2458 846 2497 Ligurine

147 2511 199 2536 est
225 2505 386 2535 lautiores
413 2505 506 2536 cibos
530 2516 692 2547 carpere:
718 2508 845 2540 λικνεύω

146 2557 284 2596 Graece,
299 2562 318 2584 a
331 2554 442 2597 λείχω,
454 2554 579 2591 lambo,
594 2556 696 2597 lingo.
740 2559 846 2590 Plini-

146 2617 202 2638 us:
228 2611 236 2626 ‘
255 2609 454 2650 Postquam,
485 2610 646 2650 degulato
688 2610 846 2649 pattimo-

145 2658 212 2698 nio,
242 2668 372 2700 pauper
399 2665 451 2691 est
474 2658 610 2691 factus.'
674 2660 845 2697 Degulare

145 2713 210 2749 est,
224 2709 301 2749 gula
317 2709 505 2741 absumere.

188 2763 207 2790 5
236 2759 332 2791 Video
345 2764 477 2799 sentum,
491 2760 681 2801 squalidum]
693 2761 846 2801 Sentum,

145 2810 382 2852 horridum‚ut
408 2815 536 2851 sentes,
564 2810 597 2841 id
620 2816 683 2851 est,
712 2812 844 2852 spiuae3

903 2218 1054 2239 carcere.
1097 2209 1251 2250 Squalor,
1276 2210 1506 2240 immundities
1530 2218 1602 2239 cor-

903 2268 964 2298 pus
982 2269 1164 2298 occupam,
1191 2269 1209 2289 a
1237 2269 1450 2300 squamarum
1475 2261 1602 2299 asperi-

905 2314 986 2340 tate.
1045 2310 1217 2348 Obsitum,
1243 2309 1421 2349 findat-im,
1437 2310 1602 2350 putidum.

902 2360 993 2390 Situs
1011 2365 1060 2390 est
1080 2370 1208 2398 uincor,
1230 2366 1265 2391 et
1294 2361 1418 2400 lanugo
1443 2360 1601 2401 quaedam

902 2420 944 2440 ex
961 2411 1099 2442 humore
1112 2417 1225 2441 creata
1245 2412 1277 2441 in
1303 2412 1385 2442 locis
1399 2413 1467 2442 sole
1485 2421 1603 2442 caren-

903 2460 1004 2491 tibus.
1051 2461 1176 2491 Pauuis
1200 2462 1362 2502 annisque
1385 2462 1544 2500 obsitum,
1569 2461 1602 2492 id

901 2514 964 2549 est,
979 2520 1116 2540 mucore
1132 2515 1166 2541 et
1182 2512 1273 2542 carie
1291 2511 1487 2551 obductum,
1500 2521 1601 2552 prop-

903 2565 955 2591 ter
967 2560 1120 2591 sordidos
1135 2571 1262 2600 pannos
1276 2566 1310 2592 et
1329 2562 1456 2592 ratione
1469 2562 1600 2599 notatim

900 2619 978 2640 nam
993 2610 1078 2640 situs
1096 2616 1131 2641 et
1148 2611 1408 2652 mucorquidam
1427 2613 1512 2642 solet
1528 2621 1601 2642 esse

900 2660 1008 2700 major
1023 2661 1056 2691 in
1074 2661 1208 2692 homine
1226 2662 1362 2699 misero,
1378 2667 1411 2693 et
1427 2671 1518 2701 seue,
1530 2668 1599 2693 tum

900 2710 933 2741 in
949 2711 1064 2742 habitu
1081 2711 1228 2752 inopum.
1274 2712 1428 2751 Obsius,
1444 2712 1486 2742 ab
1504 2712 1600 2743 obse-

901 2761 1020 2801 rendo,
1046 2761 1134 2792 dixit
1157 2762 1337 2802 Virgilius:
1362 2764 1370 2779 ‘
1385 2763 1475 2794 Loca
1491 2762 1600 2793 obsita

901 2811 1035 2853 pomiS‚'
1056 2812 1090 2843 id
1108 2817 1172 2853 est,
1194 2813 1361 2854 plantata.
