1903 3306
492 249 718 282 Ecnucffl
754 247 953 278 Ac'r.1v.
985 246 1053 277 sc.
1080 247 1164 277 vu.
1470 236 1556 276 497

108 351 270 393 Omnia
289 349 414 404 prius
435 347 645 402 experiri,
666 358 800 400 quam
822 343 972 394 armis,
995 342 1235 396 sapientem
1257 342 1396 383 decet.

110 419 202 470 Qui
234 419 339 468 scis,
365 429 434 466 an,
470 428 569 469 quae
595 415 792 469 jubeam,
826 412 918 454 sine
947 411 992 452 vi
1013 410 1178 452 faciat?
1240 409 1333 450 GN.
1366 409 1428 450 Di
1459 421 1559 450 vos-

281 489 392 526 tram
412 481 543 523 fidem
560 481 569 522 !
1506 477 1562 518 20

113 553 283 606 Quanti
303 555 372 592 est
390 548 569 604 sapere!
599 560 825 601 nunquam
861 545 1041 596 accedo,
1077 544 1184 599 quin
1219 544 1299 585 abs
1330 549 1375 585 te
1407 545 1562 586 abeam

283 618 470 660 doctior.
615 620 618 625 ’

113 688 243 730 THR.
273 685 429 735 Thais,
450 683 636 737 primum
648 681 735 723 hoc
752 681 857 722 mihi
873 679 1111 735 responde3
1131 691 1232 720 cum
1251 679 1334 720 tibi
1356 677 1412 720 do
1435 679 1565 721 istam

284 752 508 805 virginem,

118 819 291 864 Dixtin'
326 818 408 859 hos
447 816 552 858 mihi
582 816 680 857 dies
727 815 811 857 soli
855 815 960 855 dare
998 814 1069 855 te?
1147 814 1272 855 THA.
1305 812 1430 863 Quid
1473 817 1566 855 tum

287 885 476 940 postea?

117 955 245 997 THR.
275 953 500 1005 Rogitas?
542 965 643 1006 quae
683 949 790 992 mihi
821 953 922 990 ante
953 949 1105 990 oculos
1145 961 1291 990 coram
1329 952 1569 990 amatorem

291 1019 482 1062 adduxti
503 1024 652 1062 tuum!

121 1171 193 1192 mox
216 1159 362 1202 impetum
377 1160 539 1199 facimus?
582 1159 679 1191 Tim.
702 1159 822 1198 IlIane‚·
858 1159 961 1190 omm'a
980 1159 1068 1200 prius
1091 1159 1211 1190 consilii
1236 1159 1413 1200 prudentia,
1438 1167 1528 1198 quam
1543 1157 1575 1188 τί

120 1213 287 1244 armorum,
308 1207 428 1236 tentare
452 1203 621 1244 sapientem
641 1202 791 1234 convenit.
846 1202 988 1233 Fortasse
1016 1212 1084 1242 quoe
1104 1202 1227 1240 jubebo,
1257 1203 1343 1233 nulla
1370 1202 1402 1232 vi
1425 1200 1577 1239 adhibita,

113 1247 246 1285 factura
260 1250 317 1278 est.
361 1246 433 1279 GN.
457 1246 516 1277 Dii
530 1248 665 1277 vostram
675 1245 794 1287 fidem.
791 1245 802 1267 ¹
823 1246 932 1285 quanti
945 1245 1146 1276 aestimandas
1161 1249 1206 1276 est
1221 1245 1284 1285 ille,
1304 1245 1356 1285 qui
1371 1244 1479 1285 sapit!
1499 1253 1577 1274 nun-

123 1290 263 1330 quamad
275 1292 304 1321 te
317 1290 437 1327 accedo,
453 1288 526 1329 quin
540 1289 656 1320 doctior
670 1289 817 1319 recedam.
862 1288 955 1318 Tun.
983 1288 1088 1325 Thais,
1101 1298 1140 1329 pr
1142 1288 1235 1318 imum
1250 1289 1305 1319 hoc
1319 1288 1396 1318 mihi
1410 1287 1576 1327 responde;

125 1342 194 1363 cum
209 1332 267 1364 tibi
280 1333 384 1363 darem
398 1332 492 1362 istam
506 1332 673 1371 virginem,
690 1340 788 1362 nonne
801 1330 879 1362 mihi
897 1331 1067 1371 promisisti
1081 1311 1136 1361 'hos
1150 1331 1216 1361 dies
1234 1331 1291 1361 soli
1307 1330 1383 1361 mihi
1407 1334 1437 1361 te
1460 1338 1578 1360 conces-

124 1385 248 1406 suram.
242 1378 255 1398 ⁹
297 1375 365 1407 ΤΗ.
391 1375 475 1411 Quia
489 1378 555 1406 tum
567 1377 694 1415 postea?
726 1374 821 1405 THR-
845 1373 974 1404 Istucine
986 1383 1019 1404 ro
1019 1383 1090 1414 gas,
1106 1384 1173 1414 qaae
1189 1373 1265 1404 mihi
1280 1383 1380 1404 coram
1394 1376 1464 1404 ante
1479 1372 1578 1402 oculos

738 1480 910 1493 ‘mm
915 1480 972 1492 O‘O

128 1564 251 1596 Festus
278 1563 319 1594 In
343 1573 444 1604 quam.
489 1563 577 1595 Pali.
605 1568 674 1594 tres
702 1564 869 1594 irruamus.
912 1563 1072 1595 Ceterum
1098 1562 1206 1602 magis
1232 1561 1344 1602 placet
1370 1561 1583 1593 exclamandi

128 1611 212 1638 nota
228 1606 342 1644 Parei‚
366 1615 463 1646 quam
481 1606 713 1645 interrogandi
730 1607 881 1637 alioruin.
906 1607 992 1637 Perl.
1038 1606 1208 1636 Punctum
1229 1606 1409 1635 maximum
1430 1604 1487 1635 dat
1505 1606 1584 1645 Bip.

130 1651 290 1682 Irruemus
305 1629 422 1680 G’uelf.
438 1652 559 1680 2.-19
585 1650 659 1689 Nae,
683 1659 800 1689 parum
828 1649 998 1679 consuluit
1022 1648 1099 1679 huic
1123 1648 1196 1678 loco
1224 1647 1394 1688 GuyetuS‚
1420 1648 1583 1687 glossema

131 1701 256 1729 vocans
270 1691 309 1722 τὸ
322 1691 505 1731 sapientem,
529 1702 595 1739 quo
611 1697 684 1722 tota
699 1692 857 1732 gloriatio
873 1692 1076 1722 continetur.
1125 1691 1153 1721 E
1171 1691 1310 1730 Dionys.
1337 1690 1423 1721 citat
1440 1691 1585 1721 Lindeu

130 1735 312 1766 bruchius:
337 1733 390 1771 Μὴ
401 1733 547 1775 πρότερον
557 1732 642 1774 ἄρξαι
655 1736 717 1766 τῶν
732 1733 838 1775 ἔργων,
851 1734 921 1775 πρὶν
935 1734 954 1771 ἢ
969 1734 1166 1773 πειρασθῆναι
1180 1735 1240 1763 τῶν
1251 1732 1362 1772 λόγων.
1406 1734 1474 1765 Qui
1492 1734 1585 1764 locus

131 1777 226 1809 favet
241 1777 382 1808 lectioni
395 1777 604 1818 quorundam
618 1777 808 1815 Librorum,
820 1778 958 1817 experiri
974 1777 1072 1807 verbis
1089 1777 1287 1815 legentium,
1303 1777 1344 1806 ob
1362 1777 1586 1807 octonarium.

132 1820 175 1855 In
188 1820 264 1850 aliis
280 1824 345 1859 est,
366 1820 519 1860 consilio,
528 1820 618 1861 quod
635 1826 671 1851 et
686 1822 776 1860 apud
795 1821 941 1851 Nonium
958 1821 1063 1857 legas.
1108 1820 1209 1850 Prius
1235 1800 1396 1849 defendit
1416 1819 1587 1855 Muretus,

132 1863 349 1904 improbante
365 1862 488 1894 Rivio.
481 1873 488 1880 ·
513 1862 653 1893 laudans
668 1863 740 1894 haec
756 1873 774 1893 e
792 1863 956 1893 Libanio.
948 1873 956 1880 ·
981 1864 1106 1903 Πρῶτον
1119 1861 1176 1901 μὲι
1189 1861 1250 1901 ’γὰρ
1264 1861 1305 1892 τὰ
1325 1861 1425 1892 δίκαια
1447 1862 1490 1899 τῷ
1504 1861 1589 1901 λόγῳ

134 1906 294 1947 πειρᾶσθαι
321 1904 503 1945 λαμβάνειν,
535 1905 619 1937 ἀλλὰ
644 1905 686 1944 μὴ
715 1907 779 1937 τοῖς
812 1905 916 1937 ὅπλοις
946 1906 1110 1946 ἐπιπηδᾶν,
1141 1904 1402 1945 ἀνθρωπινώτερον
1431 1903 1588 1940 δήπουθεν.

135 1948 237 1980 Unde
252 1948 504 1988 suspicabatur,
527 1948 651 1980 Aldum
666 1948 782 1990 [quem
800 1950 953 1998 sequitui
972 1948 1146 1987 Heinsius]
1174 1949 1326 1978 hausisse
1354 1957 1448 1978 suum
1477 1948 1590 1978 verbis.

136 1992 245 2022 West
291 1991 408 2022 Omnia
420 1992 509 2031 prius
523 1992 672 2031 experiri,
694 2002 785 2032 quam
797 1992 905 2031 armis,
930 1992 1098 2032 sapientem
1113 1991 1215 2030 decet]
1238 1990 1369 2021 Nonius
1388 1990 1462 2020 bis‘
1477 1990 1591 2021 arinis'

136 2043 169 2066 v.
184 2034 329 2065 Manere
356 2037 390 2064 et
411 2043 443 2064 v.
470 2034 651 2074 Experiri:
676 2039 712 2064 et
741 2035 790 2065 sic
817 2039 960 2075 nii-oque
986 2035 1061 2065 loco
1085 2034 1194 2064 codex
1222 2039 1339 2064 noster
1364 2038 1476 2064 vetus.
1521 2034 1590 2064 Do.

135 2076 262 2108 babeat
277 2076 341 2108 sibi
359 2086 436 2107 suas
453 2076 604 2116 Figuras,
625 2076 744 2117 quibus
760 2076 841 2106 nihil
859 2077 913 2107 hic
930 2086 1025 2117 opus.
1070 2076 1160 2108 Quid
1181 2076 1268 2106 enim
1293 2077 1471 2116 promtius,
1494 2086 1591 2117 quam

137 2129 261 2160 magno
277 2123 314 2151 et
328 2119 509 2150 sententiae
526 2124 562 2150 et
577 2128 694 2150 versus
711 2119 886 2150 commodo
913 2119 948 2149 id
973 2120 1094 2159 ipsum,
1119 2120 1210 2159 quod
1237 2119 1403 2159 Magister
1431 2120 1595 2159 postulat,

138 2161 327 2203 reponere?
363 2162 478 2193 Omnia
499 2163 588 2203 prius
610 2161 758 2202 experiri,
788 2172 878 2202 quam
900 2171 999 2198 arma,
1029 2162 1195 2201 sapientem
1222 2163 1319 2192 decet.
1367 2162 1455 2192 Sane
1484 2162 1593 2192 codex

137 2205 296 2246 egregius
311 2207 387 2236 900.
404 2214 580 2243 annorum,
595 2214 685 2236 nunc
700 2205 734 2235 in
751 2204 968 2235 Bibliotheca
982 2204 1130 2246 publica,
1146 2214 1249 2235 armas
1261 2205 1428 2244 sapientem
1440 2213 1452 2235 t
1474 2209 1595 2245 postea

140 2248 412 2288 peraliteramz·
438 2247 589 2287 trajecta
605 2252 679 2278 est:
703 2257 720 2278 s
744 2247 887 2278 adhaesit
913 2257 956 2277 ex
982 2251 1159 2288 sequente.
1184 2247 1281 2278 Bent.
1331 2247 1444 2277 Omnia
1470 2257 1596 2288 prorsus

140 2291 222 2323 Vet.
237 2290 324 2322 Cod.
347 2290 441 2321 Lina.
479 2291 578 2321 Dura
593 2294 645 2321 est
660 2290 798 2330 ellipsis.
834 2290 960 2321 Placet
975 2290 1063 2332 quod
1081 2290 1182 2320 Bent.
1200 2290 1346 2330 reponit.
1372 2290 1413 2320 R.
1429 2289 1475 2320 D.
1521 2290 1596 2321 GC.

140 2333 280 2372 consilio,
299 2332 390 2364 haud
407 2332 508 2364 dubie
524 2342 568 2363 ex
585 2333 697 2364 Nonio
714 2337 873 2364 sumtum.
899 2333 985 2364 Per-l.
1032 2333 1103 2364 Nos
1119 2336 1277 2372 putamus
1300 2332 1474 2363 conciliari
1498 2333 1596 2363 lenis-

140 2377 224 2407 sime
240 2386 372 2417 pacem,
394 2375 443 2406 sic
458 2375 601 2415 legendo
616 2386 624 2407 ε
652 2376 691 2406 Ο.
703 2386 734 2416 p.
752 2385 822 2415 exp.
838 2385 929 2415 quam
943 2376 1052 2415 armis,
1073 2375 1238 2414 sapientia,
1256 2376 1351 2406 decet.
1374 2375 1454 2415 Bip.
1499 2375 1598 2406 Arma

142 2419 245 2450 Both.
259 2419 440 2450 Per1.-2o
462 2417 539 2449 Sine
553 2418 598 2457 υἱ,
620 2428 687 2458 quae
701 2417 827 2456 jubeam
850 2419 1037 2449 Boiu—21
1062 2418 1201 2448 Mureto
1226 2417 1398 2458 placebat,
1421 2418 1529 2448 accedo
1557 2419 1598 2448 ad

144 2465 199 2493 te:
233 2460 403 2502 quomodo
429 2465 483 2492 est
513 2461 546 2491 in
573 2461 774 2502 quibusdam
800 2460 903 2491 codd.
932 2461 1032 2492 West.
1084 2460 1212 2500 Symm.
1240 2468 1290 2490 lx.
1315 2463 1368 2491 79.
1403 2460 1526 2492 ‘Quod
1551 2461 1600 2491 ait

145 2509 264 2535 noster
279 2504 440 2541 comicus,
464 2503 647 2544 Nunquam
660 2507 694 2534 te
718 2503 815 2541 adeo,
838 2503 918 2544 quin
942 2503 1002 2534 abs
1031 2508 1066 2534 te
1092 2502 1225 2533 doctior
1251 2503 1384 2542 abeam,
1406 2502 1440 2533 id
1466 2512 1528 2542 ego
1554 2503 1599 2533 de

145 2546 298 2585 epistolis
312 2546 405 2586 tuis,'
427 2548 491 2577 διο.
515 2546 706 2577 Lirim—23.
728 2549 770 2577 24
795 2547 863 2581 Quo
889 2545 966 2576 mihi
989 2549 1060 2576 ante
1086 2546 1185 2576 oculos
1212 2545 1254 2577 G.
1282 2546 1377 2576 West.
1421 2545 1508 2576 Mihi
1532 2545 1601 2585 hos]

146 2590 200 2639 Ex
211 2590 316 2621 Bem.
331 2589 380 2620 ita
394 2587 488 2619 facta
504 2589 726 2620 collocatione
743 2589 937 2628 verborum,
958 2588 1013 2619 hos
1028 2588 1118 2628 mihi,
1140 2589 1220 2618 item
1235 2597 1279 2618 ex
1297 2598 1336 2619 eo
1362 2587 1449 2619 libro
1475 2593 1510 2618 et
1533 2598 1602 2618 om-

147 2634 246 2663 nibus
262 2632 351 2669 aliis,
373 2640 413 2662 ac
435 2633 587 2671 Donato,
609 2641 711 2663 coram
736 2635 916 2670 amatorem,
940 2631 989 2661 ita
1014 2631 1073 2661 hos
1102 2640 1217 2660 versus
1242 2630 1457 2662 ordinamus:
1482 2630 1602 2661 Dixtin

149 2675 204 2706 hos
217 2674 295 2705 mihi
309 2675 376 2705 dies
390 2674 447 2704 soli
461 2675 537 2704 dare
561 2677 614 2705 te?
656 2674 729 2704 ΤΗ.
755 2674 839 2709 Quid
864 2678 932 2704 tum
955 2677 1084 2713 postea?
1102 2672 1107 2714 1
1128 2673 1221 2703 THR.
1247 2673 1402 2712 Rogitas?
1434 2683 1500 2713 quoe
1526 2673 1603 2703 mihi

150 2720 224 2754 ante
239 2718 338 2748 oculos
353 2726 453 2747 coram
468 2720 636 2748 amatorem
657 2717 791 2747 adduxti
813 2719 922 2747 tuum?
945 2716 1003 2748 Fa.
1047 2716 1155 2756 Atqui
1171 2725 1286 2746 omnes
1302 2716 1406 2746 nostri
1424 2725 1498 2746 cum
1516 2715 1603 2746 Eud.

153 2764 240 2792 vett.
255 2760 309 2790 hos
323 2760 390 2791 dies
405 2759 482 2790 mihi
494 2760 562 2790 soli.
610 2760 714 2799 Lego,
736 2759 824 2790 hosce
838 2758 916 2789 mihi
930 2759 996 2790 dies
1009 2759 1068 2789 soli
1089 2759 1165 2789 dare
1188 2762 1228 2789 te.
1250 2758 1353 2789 Bent.
1399 2759 1511 2789 Distin
1538 2758 1605 2798 ΜΞ,

151 2803 233 2834 Par.
259 2812 333 2842 pre,
346 2802 528 2833 Dixistine.
553 2803 639 2833 Perl.
666 2802 722 2843 qui
738 2802 890 2843 sequitur
905 2801 1005 2834 Bent.
1029 2800 1099 2832 Hoc
1113 2802 1187 2833 dare
1204 2801 1280 2832 mihi
1295 2801 1360 2832 dies
1376 2804 1405 2831 te
1420 2801 1477 2832 soli
1504 2802 1607 2840 Boni,

237 2855 352 2896 Delph.
365 2859 395 2887 et
410 2855 487 2887 Var.
504 2856 589 2886 Clas.
824 2855 951 2886 Terent.
1460 2857 1477 2884 2
1504 2853 1517 2883 1
