1903 3306
338 208 421 249 154
721 219 898 250 sumus
933 216 1104 248 CAESAR
1136 216 1382 246 scAmGEa

337 314 589 353 concenturio
609 313 646 351 in
668 313 786 352 corde
821 311 1113 364 sycophantias,
1133 310 1289 347 Tibicen
1320 322 1388 347 vos
1409 310 1556 347 interea
1573 307 1637 346 hic
1656 306 1786 346 delec-

338 378 501 417 taveritss
553 378 678 416 Tanto
713 377 827 428 igitur
860 374 1075 420 intervallo,
1096 373 1290 424 quomodo
1319 373 1510 411 Charinus
1532 371 1697 423 Mysidis
1717 384 1786 409 ex-

339 443 485 493 plesset
503 454 670 485 versum,
691 454 804 491 quem
825 452 902 477 non
924 435 1104 476 audiret?
1148 437 1192 473 In
1213 436 1347 473 eadem
1371 449 1460 474 vero
1481 448 1612 481 scena,
1632 434 1685 471 ita
1703 447 1788 485 per·

340 519 450 544 verse
488 506 596 556 legit,
635 511 679 542 ut
718 504 876 541 alterum
917 500 1168 538 novenarium
1204 500 1332 545 faciat,
1379 499 1554 544 alterum,
1594 498 1786 536 senarium

340 570 558 621 relinquat:
589 569 672 606 sic:
714 568 883 611 ‘Quaeso
911 564 1078 616 aedepol,
1114 564 1295 608 Charine,
1321 562 1503 613 quoniam
1523 561 1562 599 id
1582 561 1662 599 fieri
1682 560 1789 611 quod

342 636 400 673 vis
421 647 498 672 non
518 639 661 684 potest,
694 631 787 669 velis
820 628 935 673 Quod
969 627 1113 678 possit:
1150 626 1243 664 nihil
1275 626 1381 663 aliud
1414 626 1486 663 nisi
1519 625 1788 662 Philumenam

344 698 462 736 volo.’
493 697 591 734 Cum
610 702 738 732 tamen
761 692 837 730 duo
853 691 997 742 priores
1018 690 1153 741 optimi
1175 689 1253 726 sint
1271 689 1483 727 octonarii:
1514 690 1592 726 sic:
1619 693 1629 709 ‘
1645 688 1790 732 Quaeso

343 761 510 812 aedepol,
540 758 720 802 Charine,
751 755 932 807 quoniam
968 753 1007 791 id
1040 753 1133 797 fieri,
1168 751 1271 802 quod
1294 751 1365 798 vis,
1397 765 1475 788 non
1509 757 1652 802 potest,
1683 751 1790 788 Velis

344 825 448 876 quod
481 822 629 875 possit:
672 820 764 858 nihil
799 818 904 857 aliud
938 817 1013 855 nisi
1042 816 1310 854 Philumenam
1344 815 1459 853 volo.'
1514 815 1639 852 Etiam
1666 815 1791 866 priore

345 887 509 926 consilio
545 892 825 924 monometrum
845 888 961 919 vocat
994 881 1126 918 illum:
1171 879 1257 917 ‘Ah
1278 878 1563 930 quanto'satius
1582 879 1667 917 est.’
1723 877 1792 915 Di-

347 959 465 989 meter
485 951 586 988 enim
605 956 665 987 est
696 945 1109 998 brachycatalecticus.
1167 943 1244 981 Sed
1272 950 1311 981 et
1330 942 1438 980 nulla
1457 942 1689 980 necessitate
1709 953 1793 978 mu-

345 1023 417 1061 tat,
438 1015 512 1060 abi,
544 1014 596 1059 in,
618 1013 732 1058 abin',
766 1012 859 1054 sive,
882 1011 1014 1056 abeas,
1044 1021 1132 1046 cum
1152 1008 1294 1045 frustra
1314 1012 1426 1058 putat
1456 1006 1598 1056 alioqui
1617 1011 1795 1044 constare

348 1093 425 1117 non
447 1091 562 1129 posse
583 1089 749 1115 versum.
808 1074 908 1112 Nam
940 1080 980 1111 et
1005 1071 1223 1110 trochaicus
1259 1076 1332 1116 est,
1366 1069 1396 1107 si
1425 1068 1616 1112 collidas;
1646 1076 1684 1107 et
1701 1069 1795 1107 iam-

347 1144 471 1188 bicus,
505 1142 536 1179 si
569 1154 645 1178 non
677 1139 863 1178 collidas:
908 1150 996 1174 nam
1026 1143 1064 1174 et
1082 1135 1249 1173 maxima
1270 1140 1331 1172 est
1350 1134 1406 1171 vis
1438 1133 1520 1184 ejus
1540 1132 1685 1171 vocalis
1706 1146 1793 1184 quae

349 1214 408 1246 est
430 1206 563 1244 ultima
580 1206 618 1242 in
637 1205 768 1249 verbo,
789 1203 862 1240 abi.
922 1202 987 1239 Sic
1007 1199 1206 1250 Virgilius,
1226 1212 1272 1236 eo
1292 1197 1550 1250 pulcherrimo
1569 1210 1696 1242 versu,
1717 1208 1795 1246 quo

349 1270 595 1309 Theocritum
618 1267 825 1306 aemulatus
846 1271 932 1303 est:
963 1269 972 1286 ‘
988 1265 1041 1301 Ut
1061 1263 1151 1308 vidi,
1167 1270 1210 1300 ut
1225 1262 1335 1314 perii,
1356 1268 1400 1299 ut
1419 1274 1479 1298 me
1496 1260 1621 1298 malus
1639 1260 1799 1297 abstulit

349 1334 477 1373 error.'
536 1334 584 1370 Et
618 1331 802 1382 aspiratio
833 1329 1010 1380 prohibet
1039 1327 1307 1366 collisionem:
1339 1325 1451 1363 sicuti
1485 1324 1561 1362 illi:
1613 1329 1623 1345 ‘
1643 1323 1799 1374 Hecyra

350 1404 409 1437 est
445 1397 534 1434 huic
567 1408 707 1433 nomen
737 1393 894 1438 fabulae,
936 1392 1021 1429 haec
1054 1403 1142 1428 cum
1177 1389 1270 1426 data
1302 1388 1386 1426 est!
1442 1387 1504 1424 Sic
1537 1385 1801 1437 imprudenter

351 1461 463 1499 nimis
484 1460 593 1499 elidit
613 1458 764 1496 sibilum
786 1471 832 1495 ex
851 1456 1077 1507 pronomine
1110 1454 1208 1492 illius
1230 1464 1387 1490 versus:
1428 1455 1438 1472 ‘
1455 1450 1534 1488 Sed
1561 1449 1664 1487 istud
1685 1449 1798 1500 quid-

352 1538 441 1563 nam
461 1523 550 1563 est?
588 1522 705 1560 hodie
735 1533 893 1559 uxorem
925 1517 1067 1556 ducis?
1111 1517 1231 1555 aiunt.
1287 1513 1519 1564 Pamphile!
1574 1513 1647 1556 Qui
1670 1519 1798 1553 tamen

351 1588 650 1626 rotundissimus
673 1586 723 1623 sit
743 1583 980 1627 octonarius,
1011 1593 1138 1631 neque
1159 1591 1325 1629 usquam
1344 1584 1517 1615 coactus.
1575 1577 1674 1614 Nam
1695 1575 1801 1627 quod

355 1660 500 1698 monet,
530 1651 569 1688 in
600 1649 768 1694 nomine,
803 1645 985 1697 suspicio,
1020 1643 1170 1682 tertiam
1200 1655 1222 1679 a
1241 1642 1316 1679 fine
1346 1639 1521 1691 produci,
1552 1652 1684 1676 verum
1713 1645 1799 1677 est:

352 1717 423 1757 sed
462 1728 585 1766 neque
623 1724 723 1750 nova
760 1723 835 1756 res,
872 1721 996 1759 neque
1027 1708 1111 1744 sine
1142 1705 1311 1748 ratione;
1361 1716 1450 1741 nam
1479 1710 1519 1741 et
1555 1702 1719 1741 Plautus
1747 1703 1802 1740 ita

352 1781 528 1833 scripsit:
577 1779 657 1815 ‘Et
694 1790 741 1815 ne
779 1775 818 1812 in
840 1773 1062 1824 suspicione
1101 1777 1267 1821 ponatur
1304 1768 1440 1818 stupri,
1480 1767 1529 1804 Et
1554 1766 1800 1804 clandestina

353 1852 397 1883 ut
427 1845 573 1882 celetur
610 1839 807 1891 suspicio:
887 1837 937 1874 Et
975 1836 1069 1874 satis
1118 1835 1238 1884 liquet
1274 1832 1466 1871 coaluisse
1508 1831 1607 1868 duas
1645 1830 1800 1868 vocales

353 1910 393 1947 in
429 1921 559 1946 unam.
634 1904 813 1954 Namque
855 1902 902 1939 ab
936 1913 995 1946 eo,
1032 1899 1138 1950 quod
1181 1903 1287 1936 esset
1327 1895 1568 1946 suspicitum‚
1600 1893 1800 1945 suspicitio

353 1972 447 2011 fuit:
491 1971 634 2020 itaque,
668 1980 755 2005 cum
784 1965 854 2004 erit
892 1963 1033 2009 brevis,
1070 1969 1163 2000 tunc
1194 1960 1431 2010 intelligetur
1470 1970 1667 2009 syncope:
1712 1969 1800 1996 cum

354 2036 486 2086 longa,
518 2032 745 2085 synaeresis:
790 2042 837 2067 ex
875 2040 921 2066 eo
955 2039 1109 2078 quoque
1146 2038 1257 2063 versu
1298 2024 1336 2061 in
1367 2022 1539 2061 Andria:
1595 2014 1801 2059 ‘Annon

354 2099 434 2137 dixi
454 2099 528 2136 hoc
552 2110 639 2135 esse
658 2093 858 2133 futurum?
888 2091 985 2128 dixti
1014 2090 1107 2142 quid
1140 2089 1295 2127 meritus
1329 2087 1402 2126 es?
1431 2086 1611 2125 crucem.'
1659 2085 1805 2122 Prisci-

356 2163 420 2201 ani
458 2161 687 2199 auctoritate
724 2158 817 2196 dicit
855 2157 936 2195 tolli
975 2157 1129 2194 verbum
1158 2152 1455 2192 substantivum.
1528 2150 1615 2193 Quo
1645 2149 1683 2186 in
1716 2148 1803 2187 loco

354 2226 445 2264 mihi
467 2227 634 2263 oblatam
658 2223 823 2261 sentiam
845 2221 1089 2259 occasionem
1119 2218 1218 2256 duos
1239 2216 1352 2255 simul
1381 2213 1613 2253 emendandi
1641 2224 1804 2263 magnos

357 2291 457 2328 viros
475 2302 484 2327 :
514 2289 618 2326 illum
641 2287 706 2338 qui
726 2285 871 2331 errarit,
902 2285 1005 2322 hunc
1035 2283 1101 2333 qui
1122 2294 1199 2319 non
1221 2279 1441 2319 correxerit.
1500 2277 1570 2314 Est
1589 2276 1689 2314 enim
1710 2276 1806 2315 inte-

359 2366 424 2404 ger
445 2351 679 2391 octonarius.
738 2348 841 2386 Illud
875 2360 965 2385 vero
998 2347 1081 2397 ejus
1102 2345 1296 2396 proprium
1330 2349 1402 2388 est,
1433 2341 1544 2392 cujus
1580 2340 1734 2390 culpam
1765 2340 1804 2377 in

357 2417 472 2455 alium
496 2415 703 2453 transferre
724 2425 910 2464 nequeas.
967 2412 1068 2449 Nam
1089 2410 1245 2447 verbum
1267 2405 1563 2449 substantivum,
1599 2403 1805 2449 affuerunt,

358 2481 599 2531 trisyllabum
633 2479 831 2529 professus
866 2485 925 2514 est
956 2489 1002 2514 eo
1022 2487 1162 2512 versu:
1206 2472 1331 2509 ‘Cum
1365 2470 1402 2507 in
1436 2467 1626 2520 pariundo
1658 2467 1806 2517 aliquot

360 2543 554 2583 affuerunt
574 2541 732 2579 liberae.’
788 2541 863 2584 Qui
898 2547 1026 2577 tamen
1057 2549 1190 2575 versus
1224 2534 1395 2573 senarius
1418 2532 1585 2570 iambum
1619 2530 1736 2568 habet
1767 2530 1806 2567 in

362 2613 525 2658 quarta:
568 2604 750 2643 ferendus
788 2611 918 2641 tamen
956 2608 1039 2641 erat
1074 2600 1185 2652 quasi
1223 2599 1371 2649 lapsus,
1410 2595 1483 2633 nisi
1521 2595 1642 2632 altero
1681 2606 1806 2632 errore

359 2671 514 2720 culpam
553 2667 804 2711 cumulasset,
843 2680 929 2704 cum
962 2666 1122 2716 primam
1155 2662 1292 2700 auferri
1324 2660 1436 2711 jubet
1466 2658 1654 2710 syllabam
1685 2671 1732 2695 ex
1760 2669 1806 2694 eo

359 2745 493 2772 versu:
526 2729 793 2781 Aufugistin'?
823 2730 927 2776 hera,
947 2730 1115 2767 factum:
1147 2726 1258 2764 satin'
1279 2724 1316 2762 id
1334 2723 1399 2761 tibi
1422 2721 1604 2772 placet.?'
1652 2721 1807 2770 Integer

361 2797 461 2835 enim
483 2795 655 2833 senarius
678 2800 750 2841 est,
770 2794 886 2833 etiam
923 2794 1018 2831 citra
1038 2791 1285 2834 ablationem,
1309 2785 1505 2838 spondaeis
1529 2784 1694 2830 duobus,
1714 2795 1807 2821 ana-
