1903 3306
299 231 383 273 118
912 242 1135 274 RUFINUS

297 341 307 357 ‘
323 335 407 386 Ego
426 349 597 374 meorum
618 336 724 373 solus
747 348 831 373 sum
851 339 986 374 meus.’
1015 336 1275 387 Apollodorus
1294 351 1304 375 ε

295 400 398 448 Ἐγὼ
418 400 491 448 γάρ
511 401 587 450 εἶμι
605 401 715 449 μόνος
733 406 805 437 τῶν
826 401 925 450 ἐμῶν
941 400 1038 451 ἐμός.

851 494 941 532 Act.
958 507 1020 532 1v.
1044 495 1110 534 Sc.
1129 508 1184 533 1v.

295 579 304 595 ‘
319 574 426 612 Dicis
447 573 552 624 quod
571 572 662 610 mali
682 575 768 619 est‚’
785 575 860 611 &c.
890 573 1134 612 Menander:

626 636 769 684 Λέγεις
786 638 845 674 ἀεὶ
864 637 903 674 τὸ
924 639 1080 682 λυποῦν,

295 701 428 746 Μηδὲν
449 702 743 750 ἀντιπαρατιθεὶς
769 707 839 738 τῶν
858 704 1183 751 προσλεγομὲνων.

294 766 451 815 Semper
470 762 574 814 quod
605 776 805 801 moerorem
835 762 947 801 affert
978 775 1126 810 narras,
1158 761 1251 800 nihil
1287 773 1419 799 eorum
1440 760 1606 808 addens,
1641 762 1746 812 quod

347 827 600 866 exadversum
621 827 800 878 alloquiis
821 828 872 865 sit
888 827 1085 865 idoneum.

748 1115 1287 1159 COMMENTARIUM

440 1223 627 1261 RUFINI
658 1221 705 1259 V.
736 1221 786 1259 D.
817 1220 1169 1259 GRAMMATICI
1198 1218 1599 1258 ANTIOCHENSIS

680 1308 737 1346 IN
767 1307 955 1345 METRA
984 1307 1351 1345 TERENTIANA.

291 1424 549 1462 Evam-mus
589 1425 628 1462 in
667 1422 960 1462 Commentario
998 1421 1167 1459 Terentii
1199 1421 1249 1459 de
1288 1421 1451 1468 Fabula,
1482 1420 1558 1459 hoc
1588 1426 1662 1467 est,
1693 1419 1744 1458 de

293 1488 505 1535 Comoedia,
528 1489 583 1526 sie
608 1487 728 1526 dicit:
760 1488 966 1526 Concinna
987 1492 1230 1536 argumento,
1263 1484 1536 1524 consuetudini
1557 1496 1744 1535 congrua,

292 1551 395 1589 utilis
415 1551 633 1597 sententiis,
655 1557 768 1602 grata
788 1550 949 1596 salibus,
969 1555 1062 1599 apta
1081 1556 1203 1586 metro
1221 1562 1231 1586 ε
1260 1555 1299 1586 et
1317 1555 1456 1599 postea
1476 1548 1553 1587 sic:
1583 1549 1745 1586 Veteres

292 1615 366 1654 etsi
385 1616 444 1653 usi
464 1615 536 1667 ipsi
550 1627 705 1666 quoque
732 1613 862 1652 metris
884 1612 1146 1663 negligentius
1167 1612 1320 1650 iambici
1340 1624 1474 1650 versus
1495 1611 1686 1649 duntaxat
1703 1611 1742 1648 in

291 1678 466 1717 secundo
487 1686 526 1717 et
558 1684 697 1730 quarto
726 1678 827 1723 loco,
860 1683 990 1715 tamen
1023 1688 1045 1714 a
1074 1676 1253 1714 Terentio
1284 1676 1491 1713 vincuntur
1508 1675 1745 1713 resolutione

288 1742 403 1794 hujus
437 1743 547 1781 metri
575 1748 764 1793 quantum
797 1741 1020 1780 comminuti
1054 1740 1104 1778 ad
1136 1740 1344 1790 imaginem
1377 1752 1504 1789 prosae
1543 1739 1742 1778 orationis.

288 1807 414 1857 Asper
434 1806 472 1843 in
494 1806 781 1844 Commentario
802 1804 968 1843 Terentii
986 1804 1063 1842 sic:
1095 1804 1225 1842 Hosce
1243 1816 1378 1841 versus
1395 1816 1510 1854 agere
1532 1803 1739 1853 coepisset:

285 1875 342 1908 ita
361 1875 408 1908 ne
427 1874 546 1921 patrts
568 1870 623 1908 ais
644 1869 850 1907 adventum
870 1871 993 1906 veriti-1
1012 1867 1101 1904 hinc
1121 1868 1247 1905 abisse
1267 1866 1439 1904 domum.
1488 1866 1539 1904 Et
1557 1865 1741 1917 deinceps

288 1948 376 1985 quae
412 1941 626 1984 sequuntur
658 1933 850 1984 quadrati.
914 1931 1126 1969 Diomedes
1161 1932 1238 1968 sic:
1283 1930 1552 1982 Septenarium
1588 1943 1741 1968 versum

288 2000 411 2037 Varro
431 1999 511 2037 fieri
528 1998 622 2037 dicit
637 1998 712 2036 hoc
733 1997 863 2043 modo,
885 2009 972 2034 cuin
988 1996 1036 2034 ad
1053 1996 1221 2034 iambum
1251 1995 1474 2047 trisyllabus
1491 2010 1559 2048 pes
1574 1995 1743 2043 additur,

288 2070 328 2101 et
348 2064 392 2100 fit
411 2064 511 2101 tale:
542 2061 636 2114 qu'id
667 2062 958 2099 immerentibus
982 2059 1128 2098 libces?
1157 2059 1249 2110 quid
1271 2059 1420 2097 invides
1442 2059 1600 2097 amicis?
1629 2059 1742 2097 Simi-

288 2127 372 2165 liter
392 2127 430 2164 in
450 2127 629 2165 Terentio
649 2138 782 2163 versus
799 2131 884 2163 est:
915 2124 1017 2161 Nam
1038 2129 1071 2161 si
1085 2123 1279 2161 ffimittant
1294 2127 1488 2175 quippiam
1502 2123 1742 2160 Philumenae

289 2191 457 2229 deleres.
516 2190 566 2228 Et
585 2190 623 2227 in
642 2189 782 2227 Plauto
802 2202 908 2240 saepe
936 2188 1034 2227 tales
1063 2188 1320 2240 reperiuntur.
1376 2187 1498 2225 Varro
1518 2187 1566 2225 de
1589 2186 1741 2238 Lingua

288 2255 428 2292 Latina
447 2254 496 2292 ad
518 2253 747 2291 Marcellum
768 2253 823 2290 sic
842 2266 850 2290 :
895 2252 1023 2295 Quare
1056 2251 1093 2288 in
1115 2250 1338 2302 hujusmodi
1357 2250 1453 2288 locis
1482 2251 1574 2301 poni
1589 2257 1743 2302 oportet

288 2323 420 2356 notam
454 2318 491 2354 in
522 2324 784 2355 transversum
819 2316 917 2354 inter
950 2315 1136 2367 syllabas,
1173 2315 1412 2365 frequentius
1449 2314 1499 2352 ad
1531 2321 1740 2353 extremum

287 2395 452 2427 versum,
474 2381 678 2426 senarium,
699 2387 737 2418 et
756 2380 911 2426 similes,
947 2380 978 2417 si
997 2393 1065 2432 pro
1085 2380 1204 2430 longa
1223 2381 1375 2417 brevem
1394 2379 1607 2424 habebunt,
1633 2384 1676 2416 ut
1694 2379 1733 2415 in

285 2445 386 2483 hoc:
419 2449 562 2482 amicus
597 2451 768 2482 summi-is
801 2448 907 2483 meus
937 2451 974 2482 et
1006 2443 1200 2494 popularis
1236 2442 1348 2481 Geta.
1422 2441 1622 2480 Charisius
1651 2442 1705 2480 sic
1724 2456 1736 2479 ε

289 2507 559 2559 Septenarium
581 2521 732 2545 versum
758 2508 838 2545 fieri
871 2507 964 2545 dicit
985 2496 1105 2544 Varro
1128 2507 1202 2544 hoe
1223 2506 1353 2552 modo,
1379 2519 1466 2543 cum
1488 2505 1538 2543 ad
1569 2506 1739 2544 iambum

290 2570 514 2621 trisyllabus
534 2584 602 2622 pes
620 2570 786 2616 additur,
807 2578 849 2607 ut
867 2570 1070 2621 proefatum
1091 2576 1164 2607 est.
1222 2569 1382 2606 Bassius
1405 2569 1453 2605 ad
1476 2568 1668 2606 Neronem
1690 2568 1738 2607 de

290 2636 452 2673 iambico
473 2636 528 2673 sic
549 2636 671 2673 dixit:
694 2635 886 2672 lambiens
906 2641 1033 2672 autem
1048 2648 1134 2672 cum
1147 2633 1265 2685 pedes
1282 2633 1396 2671 etiam
1417 2631 1599 2681 dactylici
1619 2645 1738 2682 gene-

286 2699 338 2737 ris
352 2699 689 2745 assumat‚desinit
700 2699 885 2736 iambicus
905 2698 1034 2744 videri,
1050 2698 1123 2735 nisi
1140 2697 1387 2748 percussione
1401 2696 1454 2734 ita
1466 2695 1739 2743 moderaveris‚

289 2770 345 2810 ut,
365 2776 450 2802 cum
472 2762 610 2813 pedem
638 2761 853 2812 supplodis‚
886 2761 1090 2799 iambicum
1112 2761 1226 2798 ferias
1244 2773 1253 2798 ι
1283 2759 1446 2810 ideoque
1466 2759 1532 2797 illa
1548 2758 1634 2797 loca
1650 2772 1736 2810 per-
