1945 3296
352 247 408 289 82
591 257 855 289 covnAan
891 257 953 287 DE
989 256 1137 287 Lunis
1172 255 1572 287 MEGALENSissus.

355 366 441 392 mus
474 352 707 405 appellatOS,
742 365 789 389 ex
820 364 865 389 eo
899 350 1054 401 colligo,
1089 349 1195 402 quod
1217 350 1411 388 Asconius
1432 351 1578 398 scribit,
1611 351 1809 392 Romanos

354 418 485 456 Ludos
507 417 677 467 Magnos
693 428 848 468 quoque
872 414 1072 466 appellari,
1091 414 1196 464 quod
1220 414 1376 464 Magnis
1396 414 1482 451 Diis
1499 422 1610 453 erant
1624 415 1808 455 instituti:

354 495 454 533 quos
475 481 632 519 eosdem
652 481 857 518 Circenses
879 479 1005 517 dictos
1027 485 1151 528 putat.
1192 477 1305 515 Unde
1326 478 1418 516 illud
1439 478 1603 529 Virgilii,
1627 484 1635 499 ‘
1651 479 1809 530 Magnis

355 546 603 584 Circensibus
625 544 748 582 actis!
803 543 891 580 Non
912 555 999 580 esse
1025 541 1180 579 eosdem
1215 541 1345 579 Ludos
1379 541 1644 592 Megalenses,
1676 549 1715 580 et
1742 555 1809 581 eos

354 622 453 660 quos
486 607 703 659 Megalesia
734 607 912 651 dicimus,
941 619 989 643 ex
1025 604 1223 642 Ciceronis
1259 604 1445 642 Oratione
1465 604 1514 643 de
1546 605 1810 656 Haruspicum

355 673 553 723 responsis
575 678 705 723 aperte
725 671 958 721 colligimus,
989 669 1054 706 ubi
1075 669 1293 719 Megalesia
1313 668 1604 718 Megalensibus
1625 669 1812 707 celebrari

355 737 462 774 dicit.
518 736 647 773 Verba
667 734 912 772 sichabent:
944 737 953 754 ‘
977 733 1077 770 Nam
1099 731 1195 783 quid
1219 745 1292 782 ego
1325 731 1373 769 de
1404 731 1477 769 illis
1512 731 1629 770 Ludis
1660 731 1811 783 loquar,

357 814 454 851 quos
476 801 513 838 in
530 799 681 836 Palatio
702 799 821 836 nostri
836 797 1000 848 majores
1019 803 1109 834 ante
1130 797 1315 846 templum
1336 796 1374 833 in
1396 797 1480 847 ipso
1499 795 1636 834 Matris
1650 796 1811 847 Magnae

356 870 567 915 conspectu
599 861 893 913 Megalensibus
912 864 922 880 ¹
959 860 1041 898 fieri
1072 859 1336 910 celebrarique
1363 858 1599 897 voluerunt?
1630 859 1695 910 qui
1722 866 1814 897 sunt

356 940 460 965 more
479 926 742 977 institutisque
763 925 928 963 maxime
943 921 1054 970 c'asti,
1077 923 1273 968 solennes,
1297 922 1495 973 religiosi:
1531 922 1671 973 quibus
1692 921 1812 960 Ludis

355 991 518 1041 primum
540 996 630 1027 ante
650 988 783 1040 populi
804 1000 1032 1026 consessum
1055 988 1216 1025 Senatui
1235 987 1364 1025 locum
1386 987 1430 1024 P.
1451 987 1657 1024 Africanus
1676 986 1813 1025 iterum

357 1053 506 1091 Consul
526 1054 590 1091 ille
612 1052 739 1103 Major
759 1051 889 1094 dedit;
918 1057 962 1088 ut
982 1064 1049 1088 eos
1071 1050 1201 1088 Ludos
1223 1050 1307 1089 haec
1328 1051 1412 1089 lues
1432 1050 1581 1101 impura
1599 1050 1812 1101 pollueret:

355 1130 434 1167 quo
455 1117 487 1155 si
508 1116 594 1167 quis
616 1116 712 1153 liber
731 1121 799 1152 aut
819 1114 1024 1165 spectandi
1053 1120 1120 1152 aut
1140 1114 1256 1152 etiarn
1277 1114 1475 1165 religionis
1496 1127 1617 1152 causa
1637 1126 1814 1153 accesse-

354 1187 428 1227 rat,
448 1193 586 1218 manus
607 1179 883 1217 afferebantur:
905 1192 983 1230 quo
1003 1186 1183 1217 matrona
1202 1178 1311 1216 nulla
1329 1178 1607 1229 adiit,pr0pter
1627 1178 1702 1216 vim
1719 1191 1815 1216 con·

357 1257 587 1295 sessumque
607 1257 818 1282 servorum.
878 1243 938 1281 Ita
958 1242 1088 1280 Ludos
1109 1255 1191 1289 eos,
1211 1255 1375 1293 quorum
1394 1241 1527 1293 religio
1547 1247 1656 1281 tanta
1677 1250 1750 1289 est,
1770 1248 1814 1280 ut

357 1321 405 1345 ex
424 1308 569 1346 ultimis
592 1308 698 1346 terris
721 1307 909 1345 accersita
928 1307 969 1344 in
990 1306 1064 1345 hac
1084 1307 1178 1344 urbe
1199 1305 1447 1348 consederit;
1483 1305 1548 1355 qui
1566 1311 1606 1343 et
1629 1306 1696 1343 uni
1718 1305 1815 1343 Ludi

357 1385 405 1410 ne
426 1373 542 1410 verbo
564 1370 721 1422 quidem
742 1370 988 1421 appellantur
1008 1370 1161 1416 Latino,
1196 1376 1240 1407 ut
1268 1369 1458 1408 vocabulo
1479 1369 1563 1420 ipso
1583 1375 1623 1407 et
1642 1369 1816 1421 appetita

355 1435 491 1486 religio
513 1442 684 1482 externa,
701 1442 740 1473 et
761 1435 899 1473 Matris
912 1436 1073 1485 Magnae
1095 1434 1252 1472 nomine
1274 1440 1459 1485 suscepta
1478 1432 1720 1477 declaretur;
1742 1433 1815 1472 hos

359 1500 489 1538 Ludos
513 1501 611 1538 servi
632 1501 819 1546 fecerunt,
856 1500 955 1538 servi
991 1506 1279 1551 spectaverunt,
1313 1504 1396 1536 tota
1415 1497 1584 1548 denique
1603 1497 1677 1535 hoc
1698 1497 1817 1535 AEdili

358 1577 556 1602 servorum
578 1564 797 1614 Megalesia
816 1563 1000 1601 fuerunt?
1056 1563 1241 1601 Extrema
1267 1563 1353 1600 haec
1372 1563 1489 1600 verba
1508 1561 1710 1599 declarant
1727 1561 1815 1599 illos

361 1627 508 1674 Ludos,
528 1641 625 1678 quos
649 1627 943 1678 Megalensibus
974 1627 1013 1664 in
1044 1627 1197 1664 Palatio
1217 1628 1255 1664 in
1276 1629 1362 1677 ipso
1384 1626 1522 1664 Matris
1543 1626 1703 1676 Magnae
1723 1638 1816 1664 con-

361 1698 499 1742 spectu
520 1692 600 1729 fieri
621 1691 776 1730 dicebat
795 1692 918 1737 initio,
952 1705 1038 1730 esse
1070 1691 1315 1741 Megalesia:
1345 1703 1434 1728 nam
1462 1696 1501 1727 et
1533 1690 1662 1728 Livius
1684 1689 1818 1728 scribit

361 1755 417 1793 M.
439 1755 599 1793 Junium
620 1755 780 1792 Brutum
803 1754 926 1792 eedem
951 1755 1109 1804 Magnae
1146 1754 1264 1791 Matri
1296 1754 1424 1791 Deum
1453 1754 1491 1791 in
1523 1753 1676 1791 Palatio
1706 1752 1817 1792 dedi-

360 1832 486 1865 casse,
507 1825 545 1856 et
563 1818 707 1864 Ludos,
726 1819 775 1855 ol)
792 1831 876 1856 eam
895 1818 1179 1855 dedicationem
1194 1818 1333 1864 factos,
1350 1817 1568 1868 Megalesia
1583 1817 1816 1868 appellasse.

362 1881 613 1933 Megalenses
642 1894 756 1932 porro
778 1881 890 1927 Ludi,
921 1882 998 1919 sive
1021 1881 1200 1927 Romani,
1223 1881 1302 1919 sive
1324 1881 1476 1931 Magni,
1497 1882 1576 1920 sive
1598 1882 1817 1927 Circenses,

362 1946 434 1984 sub
466 1946 621 1996 regibus
654 1946 760 1983 suere
794 1946 986 1985 instituti:
1018 1946 1239 1997 fiebantque
1270 1946 1342 1983 sub
1376 1945 1528 1984 initium
1557 1946 1699 1984 mensis
1720 1946 1816 1996 Sep-

403 2081 409 2093 ¹
423 2074 521 2108 Quod
534 2075 701 2106 Antonius
717 2076 899 2108 Goveanus
913 2087 931 2108 a
943 2078 1062 2116 Mega·

361 2125 511 2156 lensibus
535 2126 725 2166 Megalesia
749 2127 972 2167 distinguere,
988 2129 1062 2159 Me-

1118 2081 1170 2108 tar
1199 2076 1350 2118 pluribus
1380 2075 1600 2117 argumentis,
1651 2073 1742 2106 Tota
1765 2083 1818 2105 res

1119 2136 1184 2157 uno
1211 2126 1316 2157 verbo
1340 2125 1462 2157 confici
1492 2129 1616 2167 potest.
1661 2125 1763 2164 Nam,
1793 2124 1820 2154 si

363 2176 514 2215 galenses
530 2180 643 2207 autem
657 2176 794 2207 eosdem
810 2187 885 2207 cum
905 2178 1061 2209 Romanis

362 2225 478 2257 facere
496 2226 610 2266 voluit,
632 2236 727 2267 aeque
751 2227 784 2257 in
802 2233 947 2269 utroque
959 2228 1062 2259 falsus

362 2280 426 2307 est.
472 2276 644 2307 Ciceronis
665 2286 707 2308 ex
736 2276 904 2308 Oratione
931 2278 974 2308 de
1003 2279 1064 2309 Re-

363 2326 494 2366 sponsis
512 2326 743 2367 Haruspicum
761 2328 872 2358 locum
890 2328 977 2359 citat.
993 2329 1064 2359 Go-

363 2384 513 2407 veanus:
538 2380 574 2408 et
590 2386 632 2407 ex
657 2386 697 2408 eo
724 2377 867 2418 colligit,
898 2388 917 2409 a
946 2378 1065 2419 Mega-

362 2427 510 2458 lensibus
539 2428 603 2459 alia
634 2438 708 2459 esse
739 2429 950 2470 Megalesia:
975 2431 1064 2472 quod

363 2478 487 2509 Cicero
503 2478 690 2519 Megalesia
706 2480 963 2519 Megalensibus
977 2482 1064 2512 cele-

362 2528 455 2559 brari
473 2528 573 2559 solita
589 2529 694 2560 dicat.
730 2529 868 2560 Deinde
886 2531 989 2562 tradit
1001 2532 1064 2562 Lu-

364 2579 424 2610 dos
442 2579 655 2618 Megalenses
671 2579 806 2610 cosdem
822 2589 907 2616 esse,
925 2581 981 2621 qui
994 2581 1066 2612 Cir-

364 2639 496 2669 censes,
517 2630 673 2669 Romani,
699 2631 817 2669 Magni
838 2631 1066 2662 nominantur.

366 2681 451 2713 Quae
469 2690 545 2711 cum
563 2680 660 2719 dicit,
681 2690 747 2711 non
765 2681 1018 2718 animadvertit,
1033 2681 1066 2711 in

367 2741 465 2772 quam
483 2730 638 2762 difficiles
656 2740 730 2761 sese
759 2741 868 2761 reruni
895 2731 1065 2761 absurdis-

366 2782 524 2813 simarum
540 2782 677 2823 laqueos
693 2780 841 2812 inducat.
891 2781 967 2812 Non
985 2781 1064 2811 abu-

1119 2168 1235 2207 Ludi¹⁸
1257 2177 1474 2216 Megalenses
1517 2176 1820 2207 committebantur

1119 2226 1228 2266 pridie
1244 2226 1295 2257 Id.
1323 2225 1433 2266 April.
1450 2231 1487 2258 ut
1502 2236 1544 2258 ex
1560 2227 1655 2258 Livio
1671 2231 1821 2265 constat,

1120 2276 1208 2306 Ludi
1225 2280 1338 2306 antem
1367 2275 1508 2307 Romani
1534 2276 1645 2317 pridie
1668 2276 1820 2307 Kalend.

1121 2327 1218 2367 Sept.
1234 2331 1271 2357 ut
1289 2336 1307 2357 e
1332 2326 1442 2367 priore
1468 2326 1602 2358 actione
1627 2327 1660 2357 in
1677 2327 1820 2358 Verrem

1120 2376 1359 2416 cognoscitur3
1376 2377 1451 2418 quis
1467 2380 1519 2408 est
1534 2386 1640 2418 usque
1653 2386 1693 2408 eo
1705 2376 1821 2417 hebes,

1120 2428 1175 2468 qui
1193 2437 1257 2457 non
1276 2427 1403 2467 videat,
1421 2432 1459 2458 ut
1482 2426 1585 2458 iidem
1608 2427 1676 2458 sint
1702 2427 1821 2469 Mega-

1120 2477 1231 2506 lenses
1256 2480 1291 2507 et
1317 2476 1458 2507 Romani
1494 2477 1585 2508 nullo
1616 2476 1716 2508 modo
1746 2477 1823 2509 fieri

1121 2527 1240 2567 posse?
1285 2527 1359 2566 Ego
1394 2535 1488 2566 vero,
1518 2536 1562 2557 ne
1590 2526 1698 2559 dicam
1730 2528 1821 2568 dolo,

1121 2586 1239 2607 vocem
1256 2576 1356 2616 illam,
1381 2576 1621 2618 Megalensibus,
1643 2586 1662 2608 e
1683 2577 1820 2610 Cicero-

1121 2627 1173 2657 nis
1190 2627 1264 2657 loco
1280 2631 1314 2658 et
1330 2627 1590 2667 expungendam
1621 2632 1716 2669 puto,
1740 2634 1776 2660 et
1800 2639 1819 2660 e

1122 2678 1326 2717 glossemate
1350 2677 1462 2718 aliquo
1490 2677 1523 2707 in
1545 2677 1697 2709 ordinem
1722 2679 1821 2710 Cice-

1121 2731 1210 2761 ronis
1240 2729 1419 2762 verborum
1454 2731 1630 2773 irrepsisse
1655 2732 1820 2775 suspicor.

1120 2781 1209 2812 Mur,
