1903 3306
565 279 792 311 EnNncm
827 279 935 310 Ac'r.
961 278 1038 309 111.
1071 278 1140 309 sc,
1166 279 1233 309 iv,
1543 269 1627 309 459

172 377 261 420 CH.
293 377 464 419 Malam
486 377 602 418 rem!
635 376 734 416 hinc
757 374 889 416 abis?
950 374 1042 414 PY.
1074 372 1123 414 Si
1144 373 1262 414 istuc
1286 372 1350 413 ita
1371 377 1536 412 certum
1558 378 1627 412 est

345 446 442 495 tibi,
1572 438 1627 478 30

172 511 361 562 Amabo,
383 515 430 552 ut
450 512 554 552 illuc
576 515 792 558 transeas,
815 509 890 550 ubi
910 508 987 549 illa
1006 510 1089 548 est.
1151 505 1238 547 CH.
1270 506 1349 547 Eo.

172 579 265 620 PY.
294 578 399 630 Abi,
421 579 603 629 Dorias,
624 579 713 619 cito
733 578 850 618 hunc
874 576 1047 617 deduce
1068 575 1125 616 ad
1148 574 1356 615 Militem.

172 714 241 743 tas?
284 712 348 744 Abi
363 713 434 744 hinc
456 713 489 744 in
505 713 617 744 malam
630 721 705 743 rem.
751 711 822 742 ΡΥ.
846 709 884 741 Si
898 710 944 741 ita
967 713 1031 741 stat
1055 708 1221 745 sententia,
1243 717 1316 746 rogo
1339 710 1373 737 ut
1396 706 1468 736 illuc
1493 708 1632 737 transeas

169 754 365 829 ἕέἇαίἑίἱιιιοεεΐ.
411 757 481 788 CH.
504 756 591 787 Fz'at.
636 757 696 786 Eo.
741 754 809 785 ΡΥ.
834 753 909 793 Abi,
924 753 1054 792 Dorias,
1070 753 1129 783 cito
1141 762 1154 789 ,·
1175 751 1253 782 hunc
1275 751 1315 780 ad
1331 748 1496 781 Thrasonis
1511 750 1631 779 demum

780 846 1019 860 eeeeeeeeeeee

175 924 194 946 a
211 915 327 947 Guelf.
343 919 373 948 2.
422 916 552 947 Chreme
573 915 762 947 Both.—-30
785 914 882 945 Bem.
898 918 933 946 et
949 923 1063 944 omnes
1078 912 1151 944 fere
1168 912 1246 943 libri
1265 916 1434 951 recentes,
1450 911 1519 942 hinc
1541 911 1608 942 abis
1623 921 1633 941 .·

175 960 224 988 ita
253 964 288 990 et
316 959 484 999 Donatus,
513 959 577 989 nisi
600 959 691 999 quod
723 967 790 988 non
811 957 916 988 habet
943 966 1059 987 vocem
1080 956 1162 986 hinc.
1188 956 1246 986 Fa.
1290 955 1412 984 Malam
1434 955 1545 985 iurem
1562 955 1634 985 hinc

174 1000 348 1041 abis?]1ta
363 1003 463 1042 vulgo
480 1002 605 1033 editur.
633 1002 698 1032 Ms.
718 1001 809 1040 Lips.
835 1005 869 1031 et
883 1000 926 1031 G.
947 1000 996 1040 [et
1009 998 1084 1038 1312]
1102 997 1264 1028 Malmnin
1276 1007 1338 1028 rem
1355 996 1425 1027 hinc
1437 997 1505 1028 ibis.
1530 997 1585 1028 Ita
1599 1002 1635 1028 et

175 1044 298 1075 Lcidd.
314 1050 471 1086 quatuor.
518 1045 571 1075 De
599 1044 728 1075 Donati
750 1042 900 1074 lectione
923 1052 990 1073 non
1017 1042 1179 1072 convenit
1200 1042 1289 1070 inter
1305 1040 1395 1080 Guy.
1410 1045 1446 1070 et
1462 1040 1521 1070 Fa.
1569 1039 1634 1070 llle

175 1087 327 1118 scribere
338 1097 372 1118 se
388 1089 436 1119 ait
452 1097 528 1118 cum
546 1087 681 1118 Donato
701 1098 709 1117 ;
734 1087 855 1116 Malam
872 1096 934 1116 rem
950 1085 1020 1116 ln'nc
1036 1084 1118 1114 ibis?
1147 1083 1214 1114 Hic
1237 1084 1376 1114 Donato
1394 1081 1535 1113 tribuit:
1560 1082 1634 1113 Mu-

176 1130 238 1160 lam
248 1139 313 1161 rem
324 1130 413 1161 abis?
437 1131 515 1161 Non
531 1139 597 1161 nna
612 1129 717 1168 igitur
736 1129 862 1159 Donati
879 1128 996 1159 lectio.
1016 1128 1089 1158 EV.
1110 1129 1138 1156 l.
1161 1131 1195 1156 et
1213 1125 1247 1155 in
1269 1129 1497 1164 contextu‚et
1513 1124 1545 1156 in
1564 1125 1635 1156 No-

178 1172 221 1202 tis
237 1173 368 1204 Donati
385 1173 548 1204 exhibet:
596 1172 718 1202 IlIalam
741 1172 775 1202 in
797 1181 861 1202 rem
877 1171 949 1202 hinc
965 1169 1045 1201 abi!
1072 1170 1112 1200 In
1137 1169 1209 1199 aliis
1226 1168 1304 1199 edd.
1329 1168 1451 1198 Malam
1475 1177 1541 1198 rem
1570 1167 1637 1199 abis

176 1214 272 1246 hinc?
294 1216 489 1256 Utrumque
506 1215 764 1255 ἐμφατικώτερον,
787 1215 935 1245 maxime
957 1213 985 1243 si
1010 1212 1177 1252 posterius
1191 1211 1392 1250 distinguas,
1410 1210 1530 1241 Malam
1544 1220 1608 1241 rem
1622 1210 1638 1242 l

176 1257 242 1288 abis
257 1258 350 1289 hinc?
374 1260 554 1291 Quomodo
570 1268 635 1289 non
654 1257 806 1288 dubitavi
824 1257 938 1288 edere.
966 1256 1066 1287 West.
1114 1255 1233 1284 Malam
1257 1254 1290 1284 in
1312 1263 1376 1283 rem
1398 1253 1468 1283 hinc
1483 1253 1549 1283 ubis
1565 1254 1636 1284 ET.

179 1299 300 1331 IiIalam
315 1302 348 1332 in
365 1311 428 1332 rem
440 1301 511 1332 hinc
526 1301 578 1331 abi
595 1301 676 1332 EM.
723 1300 772 1331 Id.
790 1300 823 1330 in
840 1300 922 1330 Add.
968 1299 1090 1328 Malam
1106 1307 1170 1328 rem
1186 1297 1258 1327 hinc
1278 1295 1345 1326 ubis
1366 1295 1461 1326 dedit
1478 1296 1538 1326 Fa.
1557 1295 1636 1326 dum

178 1343 290 1375 codici
307 1344 402 1375 Beni.
419 1344 452 1374 in
470 1344 670 1374 servitutem
686 1353 722 1373 se
735 1342 875 1373 addicit.
920 1341 1037 1373 Nostri
1055 1341 1210 1380 plerique
1228 1348 1342 1369 omnes
1358 1337 1434 1374 ibix
1457 1347 1520 1368 nec
1537 1338 1637 1369 aliter

178 1395 296 1417 versus
310 1392 537 1418 sustentatur.
554 1385 652 1417 Bent.
677 1386 783 1416 west.
800 1386 888 1415 male
904 1384 1092 1424 dispungit,
1105 1384 1225 1413 Malam
1240 1391 1303 1412 rem
1318 1380 1333 1411 l
1351 1381 1420 1411 hinc
1434 1381 1524 1412 abis?
1555 1381 1636 1422 Bip.

179 1429 298 1460 Nostri
322 1440 437 1461 ornnes
463 1430 584 1460 Malam
604 1429 637 1459 in
657 1438 721 1459 rem
737 1429 821 1467 hinc,
850 1432 887 1458 et
902 1427 1007 1458 minus
1031 1427 1218 1466 eleganter,
1233 1429 1268 1455 et
1288 1424 1375 1454 male
1392 1424 1475 1454 eliso
1491 1428 1637 1465 utroque

179 1472 330 1504 nomine.
355 1473 452 1503 Both.
477 1473 534 1513 qui
558 1471 618 1502 dat
643 1481 718 1502 cum
743 1472 847 1502 Bent.
874 1474 909 1501 et
936 1469 974 1500 Z.
1005 1470 1126 1500 Malam
1147 1478 1212 1499 rem
1232 1467 1303 1497 hinc
1319 1466 1404 1498 ibis?
1433 1467 1489 1497 Sic
1517 1467 1638 1506 legunt

181 1515 222 1546 R.
239 1515 286 1546 D.
337 1516 455 1546 Malam
483 1516 515 1545 in
535 1524 600 1545 rem
614 1514 686 1544 hinc
701 1514 752 1544 abi
769 1514 848 1553 ssip.
895 1513 1015 1543 Malam
1042 1513 1074 1542 in
1101 1521 1166 1542 rem
1190 1511 1261 1540 hinc
1284 1510 1343 1540 ibis
1365 1509 1458 1540 Perl.
1488 1510 1544 1550 qui
1571 1509 1638 1541 abis

179 1558 297 1598 legere
322 1557 442 1590 Guelf.
461 1560 491 1589 1.
508 1559 754 1588 testatui·.—-3l
786 1556 848 1587 Ubi
871 1555 928 1586 illa
949 1558 1004 1586 est.
1029 1555 1149 1585 Malim
1165 1553 1240 1583 haec
1258 1552 1364 1592 magis
1389 1551 1601 1592 distinguere
1619 1563 1638 1583 a

181 1601 426 1640 superioribus,
442 1606 477 1631 et
501 1600 640 1641 legere:
668 1599 717 1631 lbi
736 1600 790 1630 illa
814 1602 870 1630 est.
894 1599 1093 1629 West.—32
1120 1597 1228 1627 Deduc
1244 1595 1316 1626 ΕΡ.
1345 1595 1416 1625 ΕΤ.
1440 1595 1512 1626 EV.
1530 1597 1561 1626 l.
1585 1595 1637 1627 Id.

178 1643 292 1674 Deduc
309 1644 416 1674 nostri
429 1653 545 1674 omnes
564 1653 639 1674 curn
657 1643 736 1673 edd.
757 1646 840 1673 vett.
857 1646 894 1672 ut
911 1641 990 1672 alibi
1007 1640 1115 1670 abduc.
1140 1640 1243 1670 Bent.
1273 1638 1383 1668 Deduc
1400 1638 1439 1668 R.
1460 1637 1552 1668 LimJ.
1582 1638 1640 1668 Al.

179 1685 288 1717 abduc.
313 1687 408 1717 Perl.
425 1696 524 1727 quem
553 1686 601 1717 ita
617 1689 797 1717 notantem
820 1685 908 1716 male
933 1683 1144 1715 intellexisse
1161 1681 1357 1713 Bentleium
1371 1680 1517 1715 videtur.
1527 1680 1638 1713 Deduc

180 1728 264 1760 dant
280 1729 338 1761 ΒΥ.
353 1730 456 1761 Beut.
472 1727 573 1760 Both.
589 1729 680 1761 Perl.

571 1995 773 2042 ACTUS
807 1999 897 2041 III.
929 1996 1135 2041 SCENA
1166 1996 1249 2039 IV.

794 2099 1035 2130 ANTJPHO.

184 2168 320 2211 HERI
345 2169 519 2223 aliquot
541 2167 860 2210 adolescentuli
879 2167 1051 2208 coimus
1070 2165 1115 2207 in
1137 2164 1324 2213 Piraeeo,

227 2278 382 2311 Hesterno
407 2279 458 2310 die
483 2278 600 2320 aliquot
625 2278 840 2310 adolescentuli
864 2276 897 2308 in
912 2277 1036 2308 Piraeeo
1061 2275 1266 2316 convenimus,
1289 2272 1323 2305 in
1350 2272 1429 2304 hunc
1461 2271 1640 2304 hodiernum

793 2372 1027 2386 ‘esee-emo

226 2438 243 2466 1
271 2435 360 2475 Gny.
378 2438 414 2466 et
429 2434 540 2467 Boecl.
558 2435 767 2467 contendunt
783 2434 963 2476 legendum
981 2443 1068 2469 esse,
1085 2432 1204 2464 Piroeo.
1253 2429 1319 2461 Sed
1337 2432 1372 2460 et
1389 2427 1583 2468 Malaspina
1597 2427 1640 2459 ad

185 2479 257 2510 Cic.
274 2478 348 2509 Att.
364 2486 431 2508 vn.
445 2481 476 2509 3.
492 2479 540 2509 ita
556 2478 652 2518 legit.
697 2478 820 2518 Itaque
845 2482 898 2508 est
914 2478 946 2507 in
973 2477 1143 2517 plerisque
1160 2473 1332 2505 veteribus
1348 2470 1536 2510 impressis,
1554 2480 1642 2510 prae-

185 2526 340 2561 terquam
369 2521 438 2551 ET.
484 2521 632 2552 Variant
657 2521 742 2551 Mss.
788 2521 862 2561 Ego
889 2529 970 2551 vero
996 2519 1152 2550 standum
1178 2525 1301 2548 censeo
1324 2515 1356 2548 J·
1382 2515 1438 2545 Fr.
1457 2513 1644 2553 Gronovio,

185 2563 333 2596 Observ.
347 2572 370 2593 1.
387 2565 417 2593 3.
434 2563 622 2601 evincenti‚
638 2573 753 2594 omnes
771 2563 912 2594 Graecos
932 2564 979 2593 ita
994 2562 1140 2600 locutos,
1160 2566 1197 2590 ut
1214 2557 1356 2599 Πειραιέα
1372 2558 1422 2587 vel
1447 2556 1571 2595 Πειραιᾶ
1586 2566 1642 2587 vo-

182 2607 295 2638 carint
316 2605 478 2645 oppidum
504 2616 542 2637 ac
567 2612 704 2646 portum
729 2605 967 2643 Athenarum3
992 2613 1162 2644 nunquam
1191 2600 1332 2642 Πειραιὺν
1357 2599 1532 2640 oppidum,
1557 2608 1641 2628 nun-

184 2658 285 2690 quam
303 2647 446 2688 Πειραιέα
461 2648 629 2679 hominem
656 2659 698 2679 ex
721 2653 833 2688 portu.
878 2648 973 2678 Idem
999 2648 1110 2687 gravis
1126 2646 1279 2685 Scriptor
1293 2653 1354 2674 nec
1372 2644 1403 2672 in
1430 2642 1529 2672 metri
1546 2641 1641 2680 leges

184 2692 335 2732 peccari,
363 2691 390 2721 si
419 2691 540 2722 Piraeeo
566 2692 709 2732 legatur,
727 2691 888 2722 ostendit.
934 2689 1002 2721 Sed
1027 2695 1062 2720 et
1084 2689 1133 2720 ita
1153 2688 1316 2719 exhibent
1343 2685 1376 2715 iu
1393 2685 1560 2715 Cicerone
1577 2684 1642 2714 loc.

185 2735 245 2765 cit.
262 2733 298 2766 J.
315 2733 359 2764 G.
377 2733 547 2772 Graevius,
570 2739 605 2765 et
626 2734 702 2766 Jac.
728 2734 933 2765 Gronovius.
980 2731 1161 2764 Consentit
1185 2730 1291 2762 editio
1315 2727 1540 2765 Ascensiana,
1565 2726 1644 2757 anni

186 2779 281 2807 1511.
302 2776 367 2806 nisi
394 2776 484 2817 quod
511 2776 563 2807 bis
580 2777 738 2808 Pireaeum
768 2776 865 2817 legit,
888 2775 987 2815 vitio,
1009 2780 1050 2806 ut
1073 2773 1222 2814 videtur,
1240 2779 1434 2812 operarum.
1481 2769 1643 2799 Ceterum

183 2822 327 2865 praestat
341 2819 472 2860 legere,
483 2819 621 2859 Piroeeo,
637 2828 736 2861 quam
752 2828 828 2851 cum
841 2819 1020 2858 Cicerone,
1036 2817 1205 2849 Piraeeum.
1252 2816 1411 2847 Fortasse
1435 2811 1642 2852 distinguen-
