1903 3306
580 228 787 259 ANDRIAE
821 228 927 258 Aer.
962 229 990 257 1.
1026 227 1093 258 sc.
1128 229 1203 259 111.
1541 221 1626 262 295

167 321 241 363 Ad
260 323 356 364 haec
376 322 493 364 mala
509 323 601 380 hoc
614 323 721 364 mihi
744 324 914 366 accedit
934 323 1089 365 etiam:
1121 323 1218 365 haec
1240 322 1423 375 Andria,
1567 326 1622 366 10

170 390 272 431 Sive
289 391 374 431 ista
394 403 520 439 uxor,
544 390 638 431 sive
665 391 808 432 amica
830 394 911 441 est,
932 391 1113 444 gravida
1135 404 1158 431 e
1180 391 1417 444 Pamphilo
1438 397 1521 435 est.

167 456 422 511 Audireque
443 470 597 498 eorum
619 461 683 498 est
704 471 852 511 operae
874 459 1067 511 pretium
1088 458 1351 500 audaciam:

171 522 290 564 Nam
307 524 500 577 inceptio
516 523 571 566 'st
591 526 847 575 amentium,
866 525 986 582 baud
1009 526 1289 584 amantium„x

171 589 399 644 Quicquid
421 592 680 645 peperisset,
702 592 990 634 decreverunt
1011 594 1177 634 tollere*
1274 583 1298 623 s«
1502 604 1524 608 ’”

169 656 228 698 Et
247 656 412 710 fingunt
431 659 647 712 quandam
669 660 781 700 inter
803 673 849 701 se
868 673 982 701 nunc
1002 660 1244 709 fallaciam,
1568 660 1625 701 15

127 737 141 777 ’χ
171 722 325 765 Civem
347 724 543 765 Atticam
563 738 660 766 esse
679 726 805 767 hanc.
868 726 971 767 Fuit
991 727 1097 767 olim
1120 725 1300 780 quidam
1323 738 1471 775 senex,

148 785 152 789 ’
171 789 422 832 Mercator:
455 804 613 833 navem
632 793 671 833 is
689 793 818 845 fregit
840 794 957 847 apud
978 793 1174 834 Andrum
1196 793 1409 834 insulam:

172 857 221 898 ls
240 857 349 918 obiit
367 863 576 900 mortem:
607 859 668 899 ibi
690 863 779 900 tum
800 859 914 901 hanc
937 861 1120 915 ejectam
1143 859 1370 912 Chrysidis

170 923 347 966 Patrem
362 926 598 979 recepisse,
620 928 784 976 orbam,
806 940 1018 980 parvam:
1050 926 1214 967 fabulae
1232 927 1240 966 l

160 991 288 1033 ,Mihi
305 993 486 1046 quidem
504 993 649 1034 hercle
670 1006 755 1034 non
772 993 821 1035 fit
837 994 1102 1044 verisimile3
1134 993 1256 1047 atqui
1274 994 1384 1048 ipsis
1404 986 1624 1034 commen-

341 1064 433 1101 tum
453 1060 618 1113 placet.
1569 1060 1626 1101 20

173 1125 263 1167 Sed
283 1125 430 1181 Mysis
451 1127 506 1168 ab
529 1140 582 1169 ea
603 1128 833 1182 egreditur.
894 1129 954 1170 At
975 1141 1057 1182 ego
1078 1129 1180 1170 hinc
1199 1141 1268 1170 me
1292 1128 1348 1170 ad
1368 1128 1526 1177 forum,
1547 1132 1597 1168 ut

171 1255 205 1285 in
225 1254 395 1295 pistrinum
413 1257 518 1289 dedat.
563 1259 616 1289 Ad
636 1258 699 1289 haec
714 1259 794 1289 mala
810 1259 865 1289 hoc
880 1259 957 1290 mihi
971 1258 1089 1290 accedit
1104 1259 1209 1298 etiam,
1225 1259 1305 1299 qnod
1328 1258 1392 1288 hoec
1407 1257 1541 1296 Andria,
1557 1256 1621 1288 sive

169 1299 233 1328 ista
247 1308 327 1329 uxor
338 1303 395 1337 est,
409 1300 472 1330 sice
483 1299 596 1340 amica,
609 1311 624 1332 e
638 1302 798 1341 Pamphilo
810 1303 944 1340 gravida
956 1306 1001 1333 est
1012 1313 1022 1333 .·
1038 1306 1067 1333 et
1078 1306 1125 1332 est
1137 1303 1272 1342 pretium
1283 1311 1383 1341 operoe
1390 1300 1622 1340 jucundumque

170 1341 279 1371 audire
294 1351 395 1372 eorum
417 1343 588 1374 audaciam.
639 1344 718 1374 Nam
734 1354 769 1374 ea
783 1354 834 1375 res
849 1345 982 1385 inceptio
997 1348 1043 1376 est
1059 1345 1238 1383 amentium,
1253 1354 1312 1374 non
1325 1344 1516 1378 amautiunm
1540 1343 1625 1382 quic-

170 1383 244 1422 quid
250 1385 430 1423 peperisset,
441 1386 506 1416 sive
519 1387 698 1423 masculum,
713 1387 958 1427 sivefoemz‘nam,
971 1389 1168 1418 decreverunt
1184 1388 1313 1417 educare
1325 1398 1336 1423 ;
1359 1389 1389 1416 et
1395 1385 1524 1427 fingunt
1542 1395 1622 1416 nuuc

171 1425 254 1456 inter
267 1436 300 1456 se
314 1429 465 1466 quandam
471 1427 648 1467 fallaciam,
660 1430 774 1459 dicturi
789 1430 875 1459 illam
893 1430 1073 1470 Glycerium
1088 1430 1183 1460 civem
1199 1439 1262 1460 esse
1277 1428 1426 1460 Atticam.
1459 1429 1489 1458 F
1492 1429 1537 1457 uit
1549 1428 1624 1458 olim

171 1468 296 1507 quidam
315 1479 410 1500 senex
436 1475 608 1501 mercator:
631 1471 671 1510 ἐς,
697 1481 774 1502 nave
790 1472 912 1512 fmcta,
935 1476 1116 1512 tempestate
1131 1474 1170 1502 ad
1198 1472 1339 1503 Andrum
1361 1472 1493 1501 insulam
1509 1471 1622 1508 ejectus

171 1513 228 1540 est.
273 1511 308 1541 Is
330 1513 396 1543 vita
419 1513 549 1544 decessit
559 1524 570 1544 .·
603 1512 647 1544 z‘bz·
669 1517 742 1544 tuuc
761 1518 883 1554 patrem
912 1515 1074 1555 Chrysidis
1100 1515 1186 1545 uiant
1212 1514 1403 1554 Glycerium,
1430 1513 1557 1552 ejectam
1582 1514 1623 1543 ud

170 1552 271 1590 littus,
284 1558 413 1593 parente
431 1555 536 1585 orbam
548 1555 581 1586 in
596 1565 683 1589 suum
697 1557 825 1586 tutelam
841 1558 1000 1596 recepisse.
1047 1558 1172 1588 Fabulce
1187 1557 1252 1587 liaec
1262 1560 1345 1587 sunt.
1389 1556 1473 1586 Mihi
1489 1556 1622 1596 quidem,

169 1604 224 1634 per
240 1596 420 1636 Herculem,
442 1608 502 1628 non
508 1598 552 1639 fit
568 1599 756 1629 verisimile:
777 1603 986 1631 verumtamen
1003 1601 1058 1631 hoc
1080 1600 1157 1640 ipsis
1181 1603 1382 1630 commentum
1402 1600 1516 1638 placet.
1561 1597 1623 1628 Sed

172 1637 276 1678 Alysis
290 1649 306 1670 e
320 1640 406 1671 domo
427 1640 589 1682 Chrysidis
603 1642 782 1681 egreditur:
805 1645 838 1672 at
854 1652 909 1682 ego
925 1643 996 1674 Ιιῐηε
1011 1643 1167 1682 adfurum
1188 1653 1235 1674 me
1248 1641 1382 1680 confew.
1427 1641 1624 1681 Pamphilum

776 1738 1017 1749 ‘eumeee

173 1805 220 1826 me
241 1795 299 1833 inj.
321 1806 368 1836 pr.
392 1796 426 1827 ’ἱη
448 1797 640 1829 Both-*10
663 1797 758 1829 Edit.
775 1797 896 1829 Zeunii
912 1798 1038 1838 accidit,
1055 1797 1142 1829 forte
1159 1806 1339 1838 operarum
1356 1805 1481 1828 errore.
1507 1796 1623 1826 Bruns.

172 1838 227 1869 Sic
244 1838 359 1870 Guelf.
377 1842 407 1870 2.
422 1840 542 1870 omisso
558 1840 750 1871 etiaim—ll
775 1841 852 1873 Jan.
878 1841 1081 1872 Gulielmius
1108 1850 1251 1881 eumque
1289 1844 1426 1870 secutus
1452 1839 1495 1869 Τ.
1513 1837 1622 1868 Faber

172 1881 314 1919 legunt:
339 1881 378 1912 Si
392 1882 465 1914 ista,
508 1883 661 1922 Scilicet,
692 1889 728 1914 ut
758 1888 868 1915 metro
896 1885 1087 1920 consulant,
1104 1883 1410 1914 Latinitatiminus
1427 1882 1621 1912 consulum.

177 1923 280 1955 IVest.
323 1923 360 1955 Si
383 1925 456 1956 vult
472 1929 507 1956 et
533 1926 637 1957 Bent.
655 1930 690 1956 et
705 1927 850 1966 probant
865 1927 968 1957 Both.
1000 1932 1035 1958 et
1059 1927 1101 1957 R.
1113 1927 1243 1956 D.-13
1262 1925 1327 1956 Gu.
1343 1928 1371 1955 l.
1402 1926 1542 1964 Namque
1558 1923 1624 1953 haec

172 1965 232 1997 inc.
247 1976 309 1998 am.
334 1970 392 2005 est,
414 1978 474 1998 mm
497 1978 558 2000 am.
602 1971 634 1999 2.
663 1969 747 1999 Nam
770 1969 832 2000 inc.
861 1969 925 2000 hoec
950 1979 1009 2000 am.
1031 1973 1088 2006 est,
1106 1969 1186 1999 haud
1215 1978 1276 1999 am.
1309 1967 1411 1999 Both.
1458 1968 1525 1997 Iuc.
1557 1966 1623 1995 hoec

175 2007 293 2039 Guelf.
319 2011 438 2040 2.-15
475 2011 566 2041 Nunc
592 2015 671 2051 post
699 2010 819 2051 ‘fing.’
855 2011 970 2043 Guelf.
999 2014 1117 2042 2.—16
1150 2011 1268 2041 Voluit
1293 2011 1398 2041 Bent.
1426 2009 1499 2040 olim
1529 2009 1624 2038 hinc:

173 2051 347 2091 accipiunt
362 2052 464 2083 Both.
492 2053 672 2084 perh—17
696 2054 812 2084 Nat-im
838 2054 952 2087 Guelf,
967 2056 1087 2085 3.——19
1110 2053 1239 2084 Fabulae
1260 2056 1331 2083 suut
1353 2052 1486 2084 id.—20
1509 2051 1625 2090 Atque.

175 2093 321 2125 Quidam
339 2093 415 2125 libri
437 2095 579 2135 scripti:
604 2095 714 2135 atqui3
737 2096 796 2127 sed
813 2097 937 2127 editam
954 2097 1036 2128 lect.
1052 2097 1179 2127 retinet
1194 2097 1365 2126 Donatus.
1389 2095 1482 2125 Lind.
1527 2093 1622 2124 Tolle

173 2134 258 2167 illud
271 2136 383 2176 hercle,
399 2137 487 2178 quod
505 2142 539 2168 et
560 2147 697 2169 versum
724 2143 759 2169 et
780 2140 983 2170 sententiam
1010 2143 1143 2170 onerat.
1189 2138 1304 2177 Atque
1320 2148 1380 2178 pro
1398 2137 1483 2168 Mihi
1495 2144 1623 2175 repone

173 2178 238 2217 Mi,
266 2183 302 2210 et
327 2189 388 2219 pro
414 2182 504 2220 atque
520 2190 598 2211 usus
625 2181 858 2212 antecedentis
884 2182 1063 2221 particulae
1088 2180 1261 2222 ‘quidem’
1286 2180 1429 2222 requirit
1450 2183 1495 2210 at.
1519 2180 1623 2210 Bent.

173 2221 277 2260 Atque
291 2221 345 2252 hic
360 2222 499 2262 ponitur
512 2232 586 2263 pro,
599 2227 635 2253 et
648 2227 775 2261 tamen,
786 2228 823 2254 et
840 2233 966 2255 verum.
982 2225 1022 2255 R.
1033 2225 1077 2255 D.
1090 2225 1135 2255 At
1152 2225 1254 2254 Bent.
1268 2223 1355 2254 bene
1367 2232 1441 2254 cum
1454 2222 1543 2262 Guy.
1562 2230 1625 2261 pro

175 2266 267 2303 atque
282 2265 372 2304 vulg.
398 2265 486 2297 Perl.
530 2266 636 2305 Atque
662 2266 744 2296 dant
766 2266 830 2297 ΒΓ.
846 2267 884 2301 Ζ.
929 2267 981 2297 Mi
997 2268 1119 2306 quidem
1145 2277 1206 2297 uon
1227 2265 1271 2307 fit
1293 2265 1480 2296 verisimile:
1503 2268 1535 2295 ut
1549 2264 1625 2304 ipsis

175 2304 277 2337 Both.
295 2309 350 2347 qui
367 2311 482 2338 monet
497 2308 617 2348 quidem
633 2307 667 2338 in
683 2307 714 2338 A
731 2308 855 2339 omitti.
899 2310 1014 2341 Hercle
1037 2309 1166 2340 omittit
1178 2309 1271 2339 Perl.
1285 2308 1374 2348 quod
1391 2311 1488 2338 notat
1504 2316 1576 2337 esse
1592 2306 1625 2336 in

176 2346 291 2380 Guelf.
310 2352 438 2381 3.—-21.
461 2353 503 2382 22
525 2350 583 2382 Sic
599 2350 684 2391 legit
707 2351 812 2382 Both.
855 2351 901 2383 At
923 2362 979 2392 ego
1006 2352 1076 2383 Ιιὶηι·
1102 2361 1150 2383 me
1165 2353 1204 2382 ad
1225 2350 1333 2390 forum
1360 2351 1403 2381 Ut
1428 2349 1626 2390 Pamphilum

178 2518 390 2550 quocumque
413 2509 535 2548 modo;
559 2510 629 2542 sive
653 2510 764 2552 aliquo
779 2511 874 2552 jure,
928 2522 1081 2552 noscere,
1108 2512 1293 2553 suscipere,
1318 2511 1476 2543 educare.
1511 2508 1629 2541 Infan-

176 2561 247 2592 sive
265 2561 378 2601 aliqua
395 2560 530 2600 injuria.
928 2567 981 2593 tes
1001 2562 1092 2602 olim,
1113 2562 1211 2593 simul
1238 2572 1277 2593 ae
1309 2562 1379 2592 nati
1402 2564 1513 2600 erant,
1534 2560 1626 2590 humi

219 2613 260 2642 12
284 2611 344 2641 Est
359 2620 458 2650 operoe
473 2610 622 2651 pretium]
644 2609 733 2641 Rem
749 2612 874 2652 signifi-
929 2611 1203 2652 deponebantur.
1234 2611 1290 2643 Ab
1312 2612 1413 2643 humo
1435 2619 1516 2642 vero
1532 2610 1628 2641 tolle-

179 2664 236 2692 cat
251 2659 356 2699 factu,
380 2660 432 2690 vel
457 2659 586 2700 auditu,
613 2661 667 2691 vel
689 2665 876 2693 memoratu
930 2663 1064 2702 bantur,
1096 2667 1131 2693 et
1162 2663 1194 2694 iu
1224 2663 1332 2693 sinum
1362 2661 1628 2702 recipiebantur.

180 2712 327 2751 dignam.
933 2713 999 2746 Qui
1016 2722 1081 2744 non
1100 2713 1320 2751 tollebantur,
1339 2721 1398 2752 pro
1415 2711 1580 2743 abdicatis
1596 2715 1629 2742 et

224 2763 264 2792 14
289 2761 500 2793 Decreveruut
528 2762 650 2803 tollere]
678 2761 718 2793 Id
742 2766 805 2803 ost,
821 2772 879 2803 ag·
933 2763 1140 2804 projectitiis
1157 2762 1377 2794 habebantur.
