1903 3306
329 205 412 248 1:34
602 217 866 248 GovssANus
900 218 962 247 DE
999 216 1238 247 vnnsissus
1272 217 1483 247 TERENT.

606 371 1015 415 ANTONIUS
1076 370 1501 414 GOVEANUS

711 460 777 491 DE
799 457 1032 490 VERSIBUS
1055 458 1389 492 TEREN'rrAle.

330 559 616 598 TERENTIAN1
632 572 765 599 versus
782 566 847 598 aut
864 558 1017 597 iambici
1038 565 1142 605 sunt,
1158 566 1226 597 aut
1240 558 1440 597 trochaici.
1479 557 1637 596 Iambici
1656 556 1775 609 pedes

333 622 432 661 duos
453 623 655 674 recipiunt,
685 624 855 662 iambum
874 628 913 660 et
934 621 1176 673 spondaeum,
1205 628 1244 660 et
1276 622 1314 659 in
1335 634 1433 672 quos
1454 621 1480 659 ii
1499 621 1778 665 dissolvuntur,

333 687 462 725 nullos
493 694 692 738 praeterea.
748 685 950 724 Trochaici
978 686 1069 724 item
1100 685 1214 731 duOS,
1244 685 1457 723 trochaeum
1477 692 1516 723 et
1535 684 1778 736 spondaeum,

334 757 373 788 et
392 751 430 787 in
451 764 548 801 quos
568 751 592 788 ii
614 750 891 796 dissolvuntur,
907 747 1034 787 nullos
1054 755 1256 800 praeterea.
1294 748 1451 786 Iambici
1470 754 1539 786 aut
1552 746 1780 786 monometri

336 821 439 860 sunt,
471 821 538 852 aut
555 813 718 859 dimetri,
752 819 818 851 aut
838 812 1011 858 trimetri,
1043 817 1110 849 aut
1130 811 1353 850 tetrametri.
1411 811 1644 848 Monometri
1663 822 1781 848 unam

333 876 480 915 habent
497 890 729 923 mensuram,
749 877 823 914 hoc
843 884 916 922 est,
935 875 1056 927 pedes
1077 875 1191 921 duos,
1212 875 1311 912 duas
1332 873 1496 920 dimetri,
1515 880 1593 912 tres
1608 873 1781 919 trimetri,

334 940 409 979 hoc
429 948 503 987 est,
532 941 653 993 pedes
675 954 756 988 sex,
781 941 885 978 unde
907 953 929 978 a
950 940 1095 978 Latinis
1117 939 1258 978 senarii
1279 938 1373 976 dicti
1394 944 1499 976 sunt.
1555 938 1784 975 Tetrametri

337 1011 515 1054 quatuor,
549 1005 623 1042 hoc
656 1010 729 1050 est,
759 1004 878 1055 pedes
905 1010 1020 1042 octo:
1049 1004 1113 1054 qui
1142 1010 1181 1041 et
1199 1002 1388 1041 octonarii
1408 1014 1431 1040 a
1451 1002 1610 1048 Latinis,
1630 1007 1670 1039 et
1688 1013 1784 1051 qua-

338 1068 450 1114 drati,
470 1076 509 1107 et
527 1069 744 1121 longissimi
762 1069 955 1108 dicuntur.
1013 1069 1246 1107 Monometri
1267 1074 1306 1106 et
1324 1067 1482 1106 trimetri
1495 1066 1615 1118 justae
1635 1079 1786 1117 semper

339 1138 430 1169 sunt
450 1145 656 1180 mensurae,
687 1141 726 1172 et
752 1133 830 1172 veri
860 1146 1011 1183 semper
1039 1132 1205 1178 iambici,
1231 1131 1307 1170 hoc
1336 1137 1408 1177 est,
1438 1130 1577 1181 pedem
1609 1129 1786 1167 ultimum

341 1208 490 1246 semper
508 1197 654 1236 habent
671 1198 852 1235 iambum.
900 1197 1160 1235 Dimetrorum
1185 1202 1224 1234 et
1242 1201 1550 1234 tetrametrorum
1563 1193 1684 1245 justae
1703 1192 1790 1244 qui-

340 1257 427 1297 dem
448 1267 540 1299 sunt
559 1275 764 1307 mensurae,
793 1261 858 1312 qui
890 1260 1130 1298 acatalectici
1166 1265 1366 1305 vocantur,
1396 1257 1500 1308 iique
1525 1257 1605 1295 veri
1637 1269 1788 1307 semper

342 1323 445 1373 apud
467 1324 570 1363 hunc
591 1332 787 1363 auctorem
810 1331 901 1362 sunt
919 1324 1086 1362 iambici.
1123 1323 1284 1374 Injustae
1300 1322 1458 1374 quidam
1473 1333 1665 1360 mensurae
1685 1326 1789 1366 sunt,

342 1394 382 1424 et
411 1387 435 1424 ii
469 1401 546 1426 non
578 1402 727 1439 semper
756 1388 835 1426 veri
866 1396 958 1426 sunt
987 1387 1154 1434 iambici,
1184 1387 1251 1425 sed
1273 1393 1317 1424 ut
1335 1385 1541 1437 plurimum
1561 1383 1791 1437 spondaeum

343 1457 412 1488 aut
431 1450 628 1503 dactylum
649 1452 784 1490 ultima
804 1451 894 1490 sede
924 1451 1125 1503 recipiunt,
1156 1451 1415 1500 dicunturque
1447 1449 1672 1486 Scazontes.
1727 1447 1792 1484 In-

337 1513 456 1564 justae
477 1521 607 1552 autem
627 1528 714 1553 esse
732 1528 867 1553 versus
887 1528 1078 1553 mensurae
1099 1514 1222 1552 modis
1241 1514 1393 1551 duobus
1413 1511 1577 1550 accidit:
1607 1517 1674 1549 aut
1692 1510 1793 1549 enim

340 1577 448 1627 justo
469 1577 620 1629 syllaba
639 1579 808 1617 minores
830 1586 934 1626 sunt,
955 1586 1022 1617 aut
1049 1578 1237 1629 majores:
1268 1577 1335 1623 illi,
1365 1574 1608 1618 catalectici:
1636 1574 1691 1621 hi,
1723 1573 1793 1624 hy-

345 1641 632 1690 percatalectici
652 1649 743 1680 sunt
761 1642 962 1681 nominati.
1020 1641 1184 1680 Dimetri
1204 1647 1247 1679 ut
1266 1639 1375 1678 multi
1395 1639 1473 1677 sint
1491 1636 1720 1684 catalectici,
1741 1636 1795 1674 ita

346 1704 444 1741 nulli
479 1704 816 1755 hypercatalectici
850 1706 1107 1757 reperiuntur.
1176 1704 1294 1742 Nunc
1327 1702 1513 1742 trochaici
1544 1708 1611 1740 aut
1644 1701 1797 1739 dimetri

349 1773 453 1813 sunt,
473 1774 540 1805 aut
558 1770 783 1816 tetrametri,
802 1770 1019 1809 catalectici
1040 1782 1188 1815 omnes,
1221 1768 1281 1806 vel
1310 1764 1664 1819 hypercatalectici,
1699 1771 1739 1802 et
1770 1763 1796 1800 ii

349 1831 535 1869 octonarii
552 1844 561 1869 ε
603 1833 699 1870 nulli
732 1833 922 1884 siquidem
954 1833 1104 1871 dimetri
1137 1830 1480 1883 hypercatalectici
1511 1835 1614 1867 sunt.
1672 1826 1797 1865 Nimis

350 1894 458 1932 fuere
478 1895 668 1946 ingeniosi
688 1897 752 1947 qui
772 1897 951 1936 denarios
972 1909 1106 1934 versus
1127 1896 1165 1932 in
1184 1894 1364 1933 Terentio
1385 1899 1476 1931 sunt
1491 1891 1711 1937 commenti,
1731 1896 1799 1941 qui

351 1965 613 2007 pentametros
632 1960 830 2008 iambicos,
850 1961 916 2013 qui
936 1961 1117 1999 dimetros
1134 1958 1379 1997 redundante
1398 1955 1513 2008 pede,
1530 1955 1596 2006 qui
1615 1954 1799 1993 dimetros

352 2023 528 2069 creticos,
565 2024 631 2073 qui
662 2024 824 2062 creticos
844 2031 1103 2064 monometros
1125 2021 1368 2061 redundante
1387 2019 1502 2072 pede,
1533 2019 1599 2070 qui
1619 2031 1639 2056 e
1658 2017 1801 2057 cretico

354 2097 431 2123 uno
447 2099 599 2124 versum
618 2088 898 2135 brevissimum,
914 2089 979 2140 qui
999 2088 1163 2126 creticos
1180 2086 1219 2123 in
1235 2085 1375 2136 quibus
1394 2097 1464 2136 pro
1482 2083 1624 2121 cretico
1639 2094 1802 2133 ponere-

356 2155 417 2186 tur
438 2149 644 2197 molossus,
665 2162 873 2202 poneretur
904 2159 943 2190 et
975 2151 1140 2196 iambus,
1170 2148 1235 2200 qui
1270 2147 1440 2186 senarios
1459 2147 1643 2185 iambicos
1662 2145 1803 2197 hyper-

356 2213 620 2261 catalecticos‚
637 2215 701 2266 qui
718 2222 889 2254 monstra
911 2216 977 2254 illa
996 2227 1176 2254 versuum
1196 2226 1216 2251 e
1235 2211 1442 2250 trochaicis
1463 2217 1502 2248 et
1519 2209 1692 2248 iambicis
1709 2221 1803 2247 con-

357 2275 463 2315 flata.
523 2277 641 2315 Porro
662 2292 734 2317 nec
753 2280 800 2317 ab
821 2279 994 2317 iambicis
1027 2278 1077 2316 ad
1110 2276 1342 2322 trochaicos,
1374 2287 1447 2314 nec
1476 2275 1525 2312 ab
1558 2273 1604 2311 iis
1635 2271 1685 2310 ad
1717 2272 1804 2310 illos

359 2340 498 2378 transit
517 2340 654 2387 Poeta,
679 2341 752 2380 nisi
777 2344 881 2393 (quae
912 2348 1022 2380 vetus
1054 2340 1255 2378 doctorum
1288 2338 1361 2376 fuit
1389 2337 1534 2389 opinio,
1564 2337 1683 2387 longo
1703 2347 1726 2373 a
1745 2348 1805 2373 me

360 2403 562 2442 intervallo
582 2407 781 2454 renovata)
803 2419 861 2444 res
882 2405 921 2443 id
943 2412 1010 2443 aut
1028 2404 1216 2456 postulet,
1235 2409 1301 2441 aut
1320 2408 1422 2440 certe
1442 2401 1552 2438 ferat.
1600 2398 1806 2442 Quomodo

362 2474 489 2504 autem
509 2467 549 2504 id
569 2481 627 2506 res
650 2475 717 2506 aut
735 2469 919 2522 postulet,
949 2475 1017 2507 aut
1036 2470 1147 2514 ferat,
1175 2466 1254 2505 suis
1274 2466 1369 2504 locis
1390 2466 1426 2502 in
1448 2464 1493 2502 iis
1513 2462 1807 2501 Commentariis

364 2529 601 2576 docebimus,
630 2544 727 2581 quos
762 2533 800 2569 in
834 2533 1056 2570 Terentium
1087 2542 1282 2582 paramus.
1339 2529 1436 2572 Quae
1469 2528 1670 2578 poetarum
1702 2538 1808 2564 more

363 2595 477 2632 licere
499 2595 571 2632 sibi
592 2595 708 2633 voluit
727 2597 929 2634 Terentius
948 2600 1054 2646 (quae
1074 2595 1229 2646 quidem
1250 2605 1375 2645 pauca
1397 2594 1503 2638 sunt)
1528 2591 1612 2628 haec
1634 2589 1808 2628 animad-

366 2658 484 2696 verti:
507 2658 543 2695 in
565 2671 679 2696 unam
697 2659 889 2696 contrahit
905 2659 1106 2711 syllabam,
1128 2670 1251 2702 meus,
1273 2664 1376 2700 tuuS,
1397 2667 1504 2699 suus,
1522 2653 1644 2699 Deus,
1667 2653 1809 2697 Deum,

369 2720 487 2768 Deos,
509 2722 618 2769 Deae,
638 2722 751 2774 prior,
772 2736 879 2774 puer,
897 2724 962 2769 rci,
982 2723 1069 2769 eho,
1089 2723 1174 2767 fuit,
1193 2734 1260 2759 ea:
1291 2721 1328 2758 in
1348 2719 1460 2762 duas,
1480 2715 1628 2762 eadem,
1647 2715 1806 2760 eodem,
