1903 3306
375 251 461 292 324
881 261 918 291 P.
954 261 1193 291 'rssnuu‘rli
1229 261 1344 291 Arni

376 356 444 396 Sl.
477 354 646 397 Laudo.
707 356 801 397 DA.
834 355 953 395 Dum
972 355 1140 396 licitum
1159 359 1227 395 est
1245 355 1301 404 ei,
1325 354 1516 408 dumque
1536 358 1646 396 aetas
1665 355 1778 406 tulit,
1804 349 1806 351 V

376 423 579 464 Amavit:
600 428 695 464 tum
715 422 760 463 id
782 423 917 463 clam:
940 422 1073 472 cavit,
1095 435 1149 462 ne
1171 434 1364 475 unquam
1385 422 1578 482 ipfamiee
1806 412 1837 462 ζ’

375 491 443 531 Ea
462 504 531 531 res
552 491 636 531 sibi
657 495 790 540 esset,
811 495 859 531 ut
881 490 1018 530 virum
1038 490 1190 530 fortem
1211 488 1346 531 decet.
1424 481 1443 485 ⁴*
1485 480 1537 484 ψ

376 557 511 598 Nunc
533 571 670 598 uxore
690 570 805 610 opus
828 560 920 597 est:
953 557 1147 597 animum
1171 556 1228 597 ad
1256 569 1441 597 uxorem
1464 557 1656 610 appulit.
1770 557 1826 598 15

375 626 441 666 Sl.
474 625 706 665 Subtristis
727 624 851 665 visus
871 628 939 665 est
959 636 1059 665 esse
1081 624 1400 676 aliquantulum
1420 625 1539 665 mihi.

376 693 469 733 DA.
488 680 628 733 ‘N'ihil
648 696 825 746 propter
845 692 957 732 hanc
979 703 1093 731 rem:
1126 690 1207 731 sed
1226 695 1306 740 est,
1329 691 1449 745 quod
1471 695 1708 732 succenset
1728 691 1825 731 tibi.

375 761 442 801 S1.
473 759 699 810 Quidnam
738 761 840 800 est'l
918 759 1011 800 DA.
1062 758 1242 799 Puerile
1286 762 1364 799 est.
1442 759 1512 800 S1.
1563 758 1684 810 Quid
1723 758 1825 800 est?

546 817 661 869 DA.w
665 816 810 868 Nihil.
871 827 939 868 Si.
974 826 1097 876 Quin
1116 825 1203 876 dic,
1225 825 1334 879 quid
1355 827 1453 866 est‘l

374 894 468 935 DA.
516 895 609 944 Ait,
647 896 831 935 nimium
880 907 1015 948 parce
1063 893 1205 935 facere
1254 897 1460 934 sumtum.
1540 893 1606 935 S1.
1657 893 1789 935 Mene
1804 894 1824 933 'l

548 962 638 1002 DA.
670 962 748 1002 Te.

376 1027 484 1079 Vix,
505 1030 661 1082 inquit,
680 1028 899 1069 drachmis
919 1034 987 1069 est
1008 1029 1249 1086 obsonatus
1270 1027 1437 1069 decem.
1769 1026 1826 1068 20

373 1095 496 1136 Num
515 1095 606 1137 filio
628 1096 803 1137 videtur
822 1109 1005 1137 uxorem
1026 1096 1133 1137 dare
1149 1098 1168 1137 Ἰ

372 1217 476 1247 animo
491 1217 570 1248 llum·
584 1218 726 1248 insanum
746 1228 880 1249 amorem
903 1218 1054 1259 Glycerii.
1099 1218 1149 1249 SI.
1174 1217 1247 1248 Hac
1262 1218 1299 1249 de
1313 1226 1404 1248 causa
1418 1226 1487 1247 eum
1501 1217 1601 1248 laudo.
1647 1216 1717 1248 DA.
1740 1214 1826 1247 Dum

372 1259 421 1289 illi
435 1270 490 1299 per
505 1264 535 1290 te
550 1261 669 1291 licitum
681 1260 764 1298 fuit,
778 1264 867 1300 atque
881 1264 960 1291 oetas
972 1261 1126 1300 permisit,
1142 1260 1241 1291 amori
1255 1261 1384 1290 indulsit
1395 1270 1407 1295 ;
1430 1263 1494 1290 tum
1510 1260 1544 1290 id
1557 1262 1683 1290 secreto.
1730 1259 1825 1289 Cavit

373 1312 411 1332 ne
424 1312 554 1342 unquam
569 1313 609 1333 ex
630 1303 686 1334 hac
708 1312 741 1333 re
757 1302 919 1341 infamium
942 1304 1149 1340 contraheret,
1172 1306 1206 1333 ut
1228 1302 1330 1332 virum
1344 1302 1465 1340 fortem
1481 1304 1578 1334 decet.
1625 1302 1716 1332 Nunc
1730 1311 1827 1332 uxore

372 1344 420 1375 uli
443 1355 516 1385 opus
532 1350 597 1376 est.-
619 1346 700 1384 ideo,
722 1345 774 1376 ille
793 1347 930 1376 animum
945 1347 1075 1376 contulit
1090 1348 1130 1376 ud
1143 1355 1272 1376 uxorem
1286 1346 1463 1376 ducendam.
1507 1345 1559 1376 Si.
1586 1344 1679 1376 Visus
1690 1347 1736 1374 est
1749 1343 1827 1374 mihi

373 1386 534 1418 subtristis
558 1397 619 1418 esse
632 1389 867 1428 aliquantulum.
915 1389 985 1419 DA.
1009 1389 1142 1419 Minime
1156 1398 1228 1419 saue
1249 1391 1376 1427 propter
1387 1387 1524 1427 nuptias,
1535 1389 1588 1418 sed
1602 1397 1726 1417 causam
1735 1386 1826 1417 habet

373 1439 428 1459 cur
442 1430 500 1461 tihi
513 1431 733 1462 subirascatur.
779 1431 826 1462 SI.
852 1432 1009 1466 Quidnam
1029 1430 1102 1463 est?
1147 1432 1219 1462 DA.
1242 1430 1382 1461 Puer-ilis
1403 1440 1453 1460 res
1467 1433 1524 1461 eet.
1570 1430 1621 1461 Si.
1648 1429 1734 1464 Quid
1747 1432 1793 1459 est
1809 1427 1827 1460 ί)

375 1472 446 1503 ΒΑ.
473 1473 577 1504 Nihil.
621 1474 673 1505 S1.
700 1474 826 1512 Tamen,
843 1475 893 1504 dic
913 1474 990 1504 mihi
1015 1474 1088 1514 quid
1109 1474 1164 1505 sit.
1208 1474 1280 1504 DA.
1304 1472 1363 1503 Ait
1386 1475 1416 1503 te
1441 1472 1534 1503 nimis
1555 1482 1683 1512 parcum
1708 1481 1771 1502 esse
1791 1471 1826 1502 in

366 1515 512 1552 faciendo
528 1520 642 1547 sumtu.
688 1516 738 1547 St.
761 1515 877 1547 Mene?
923 1517 994 1548 DA.
1021 1517 1074 1547 Te.
1124 1516 1201 1553 Vix,
1226 1516 1339 1555 inquit,
1364 1516 1465 1546 decem
1484 1515 1700 1546 drachmarum
1726 1514 1827 1553 pretio

374 1557 499 1588 obsonia
521 1560 605 1591 emit.
650 1559 736 1589 Num
750 1559 824 1600 filio
850 1560 975 1599 nuptias
999 1559 1122 1590 videtur
1146 1556 1321 1599 apparare?
1345 1558 1457 1596 Quem,
1481 1558 1596 1598 inquit,
1622 1557 1760 1588 invitabo
1784 1556 1824 1586 ad

985 1648 1043 1660 ‘O‘
1047 1647 1222 1659 eooeeeaeee

375 1688 441 1709 rem
457 1683 542 1710 recta
565 1681 721 1720 reputavit
746 1681 808 1713 via.
834 1681 1118 1722 Lindenbrogius.
1156 1682 1283 1712 Etenim
1297 1681 1382 1721 ipsus
1396 1690 1497 1712 secum
1512 1690 1578 1712 eam
1591 1690 1654 1712 rem
1669 1681 1826 1720 reputavit

377 1722 438 1752 υἱα.
475 1722 530 1753 Sic
546 1732 679 1753 versum
698 1724 780 1764 legit
796 1724 830 1754 in
843 1725 884 1755 V.
910 1724 1071 1763 Faernus,
1088 1724 1142 1755 cui
1159 1726 1332 1755 consentit
1348 1733 1434 1754 unus
1451 1733 1470 1754 e
1487 1723 1610 1755 nostris
1636 1723 1826 1754 vetustissi-

376 1774 463 1795 mus.
508 1765 574 1796 Sed
592 1775 651 1796 nos
668 1766 818 1797 delemus
841 1777 942 1797 secum
967 1772 1126 1808 tanquam
1154 1767 1314 1805 alienum,
1341 1772 1376 1798 et
1397 1772 1475 1807 post
1501 1767 1510 1784 ‘
1527 1765 1618 1797 rem'
1633 1765 1826 1805 reponimus

375 1810 475 1844 recta,
492 1808 578 1848 quod
598 1808 746 1839 Faernus
764 1809 851 1840 vidit
866 1810 897 1839 in
915 1809 1014 1841 codd.
1031 1814 1066 1840 et
1082 1809 1294 1841 consuetudo
1309 1809 1461 1840 Terentii
1479 1812 1515 1840 et
1529 1809 1644 1840 Plauti
1663 1809 1825 1848 postulat.

377 1851 474 1880 Bent.
521 1849 666 1881 Accedit
689 1852 784 1883 Perl.
809 1853 906 1882 Recta
924 1853 1014 1883 delet
1032 1853 1070 1883 Z.
1109 1851 1219 1883 Secum
1236 1857 1312 1892 post
1335 1853 1343 1868 ‘
1357 1851 1430 1891 ips!
1454 1852 1568 1892 legere
1586 1850 1702 1883 Guelf.
1719 1853 1750 1882 3.
1769 1860 1826 1882 no-

377 1897 442 1923 tat.
466 1893 645 1924 Peru—12
669 1895 753 1925 Mss.
778 1895 913 1935 quiden·
941 1899 987 1926 est
1013 1895 1072 1925 illi.
1095 1895 1203 1925 West.
1249 1895 1349 1925 Beni.
1382 1894 1480 1925 metri
1504 1903 1607 1925 causa
1623 1894 1759 1934 scripsit
1772 1893 1825 1925 eii.

377 1935 484 1965 Zeun.
528 1937 601 1966 Dat
628 1936 682 1967 Sic
704 1938 803 1968 laudo.
826 1938 897 1968 DA.
921 1938 1008 1969 Dum
1033 1938 1063 1968 ei
1089 1937 1209 1967 licitum
1225 1941 1271 1967 est
1287 1936 1440 1975 Bothius‚
1454 1937 1507 1967 cui
1524 1937 1565 1967 eii
1581 1936 1688 1967 minus
1701 1937 1826 1976 placet.

375 1980 459 2007 ——15
484 1977 555 2009 Sibi
572 1983 649 2018 post
678 1980 687 1996 ‘
705 1979 772 2010 un.r
800 1978 917 2010 Guelf.
938 1982 1056 2011 2.-—16
1079 1979 1120 2010 ln
1147 1979 1347 2020 qnuibumianu
1375 1979 1461 2010 Mss.
1475 1989 1543 2010 non
1560 1980 1686 2019 legitur
1696 1978 1735 2009 τὸ
1750 1988 1825 2011 esse.

376 2020 486 2050 West.
532 2021 577 2051 Ut
594 2022 762 2053 trochaeus
774 2022 936 2060 evitetur,
950 2024 1026 2062 lego
1048 2022 1284 2061 aliquantillum.
1310 2022 1479 2053 Bentlins.
1509 2022 1724 2062 Aliquantum.
1770 2022 1825 2052 Sic

376 2061 442 2093 Gu.
460 2065 490 2093 l.
510 2063 597 2103 quod
610 2070 721 2095 metro
742 2065 852 2106 aptius
872 2070 925 2095 est
944 2075 1042 2106 quam
1060 2066 1232 2104 vulgatum
1247 2065 1484 2104 aliquantulum.
1531 2063 1595 2104 Ap.
1610 2065 1669 2096 Pr.
1679 2074 1711 2105 p.
1728 2066 1825 2095 1208.

374 2105 501 2145 legitur
516 2107 647 2146 aliquid.
664 2108 851 2139 Both.—17
874 2109 965 2139 Dele
980 2117 1056 2145 rem,
1071 2112 1110 2138 ut
1125 2108 1134 2124 ‘
1146 2106 1242 2138 hanc‘
1261 2107 1427 2138 referatur
1442 2106 1483 2137 ad
1498 2106 1678 2147 hospitam,
1700 2107 1825 2147 Glyce-

377 2148 474 2179 rium.
521 2148 758 2189 Antiquissimi
774 2150 852 2180 libri
868 2150 995 2181 habent
1017 2154 1180 2182 suscenset.
1203 2150 1303 2180 Bent.
1348 2149 1510 2190 Sequitur
1526 2148 1618 2180 Perl.
1634 2149 1690 2190 qui
1706 2152 1823 2181 notat:

374 2190 383 2205 ‘
398 2191 480 2220 Var.
498 2191 578 2222 lect.
597 2201 652 2231 ap.
670 2193 748 2233 Bip.
765 2193 1050 2224 succenseat.'—18
1075 2192 1157 2231 Alii,
1184 2192 1276 2223 Nihil
1300 2196 1358 2223 est.
1389 2193 1447 2223 Er.
1476 2191 1568 2232 Gny.
1590 2192 1677 2223 Tan.
1701 2192 1824 2231 Faber,

377 2232 461 2267 Quid
473 2232 586 2265 idest?
603 2234 643 2265 ob
656 2242 800 2266 metrum
814 2236 957 2267 scilicet.
977 2236 1078 2268 lVest.
1102 2235 1193 2266 Ante
1205 2235 1328 2266 ‘Nihil'
1344 2244 1471 2275 repone
1488 2234 1573 2270 Quid
1588 2234 1623 2265 id
1634 2233 1704 2266 est?
1721 2235 1824 2266 Bent.

375 2275 538 2316 Sequitur
555 2277 648 2309 Perl.
670 2278 679 2294 ‘
697 2279 882 2317 Vulgatum
907 2278 1038 2310 scabris
1054 2279 1201 2309 numeris
1225 2283 1261 2308 et
1286 2278 1374 2308 male
1397 2278 1565 2308 collocato
1589 2277 1692 2308 verbo
1714 2278 1825 2308 ‘Pue-

375 2318 461 2348 rile.'
507 2318 573 2349 Gn.
588 2322 619 2351 2.
645 2321 697 2351 sed
718 2322 796 2361 quod
825 2331 905 2353 succ.
936 2321 1005 2352 tibi.
1048 2321 1198 2351 Bentleii
1224 2321 1352 2360 Regius
1381 2320 1465 2356 Quid
1494 2318 1566 2352 est?
1609 2319 1736 2351 Puerile
1759 2323 1825 2350 est:

375 2361 521 2399 quidnam
537 2365 593 2392 est.
639 2362 740 2393 Unde
757 2364 944 2403 reponend.
972 2373 1049 2394 esse
1066 2363 1135 2393 vidi
1165 2363 1289 2394 Puerile
1312 2363 1457 2403 quiddam
1485 2365 1543 2393 est.
1588 2362 1647 2393 Er.
1677 2362 1823 2402 scriptos

373 2402 579 2434 hauddubie
601 2410 754 2446 secutus,
770 2406 854 2440 Quid
869 2407 903 2437 id
927 2405 999 2438 est?
1028 2410 1066 2436 ut
1081 2406 1248 2437 sententia
1265 2411 1300 2436 et
1325 2415 1441 2436 versus
1463 2405 1651 2444 postulant,
1663 2410 1824 2436 monente

376 2445 476 2475 Bent-
493 2446 582 2486 quod
600 2452 635 2477 et
651 2448 683 2478 in
699 2449 727 2478 B
747 2452 782 2479 et
796 2449 822 2479 C
842 2449 1063 2489 conspicitur,
1078 2448 1164 2479 libro
1180 2448 1211 2479 A
1236 2448 1418 2479 exhibente
1448 2447 1534 2483 Quid
1553 2450 1599 2478 est
1620 2447 1654 2477 ia
1664 2444 1690 2478 Τ
1721 2447 1824 2478 Both.

372 2488 428 2527 qui
445 2487 503 2518 dat
522 2499 530 2519 ι
553 2488 633 2527 Sed,
648 2492 727 2530 quod
751 2495 903 2522 succenset
932 2491 1003 2530 tibi,
1022 2491 1148 2522 Puerile
1172 2490 1318 2531 quiddam
1340 2494 1396 2522 est.
1434 2490 1485 2521 Si.
1512 2490 1596 2526 Quid
1623 2491 1656 2521 id
1671 2487 1744 2520 est?
1768 2491 1822 2529 &a

377 2533 463 2560 —19
489 2530 568 2570 Alii,
584 2533 640 2562 Ait
667 2536 707 2563 te.
724 2534 809 2563 Mss.
824 2535 972 2574 quidam,
993 2543 1149 2574 perparce.
1166 2533 1434 2565 Westerliovius.
1479 2532 1523 2564 G.
1548 2530 1622 2563 EA.
1645 2532 1717 2563 ET.
1742 2532 1824 2564 EM.

372 2581 529 2612 perparce.
576 2574 628 2605 Id.
645 2574 678 2605 in
695 2575 885 2607 Addendis.
930 2577 1001 2607 Ait.
1020 2576 1107 2607 Pau.
1128 2580 1168 2607 te.
1211 2576 1278 2606 Sed
1297 2585 1336 2606 ea
1354 2577 1431 2606 lect.
1456 2574 1544 2605 sicut
1570 2574 1741 2615 pleraeque
1756 2574 1822 2605 Pa-

375 2615 567 2652 latiuomni,
585 2617 729 2656 glossam
747 2619 847 2658 sapit.
876 2619 963 2650 Peri.
988 2619 1044 2659 qui
1068 2623 1164 2649 notat
1189 2628 1335 2659 perparce
1364 2627 1437 2649 esse
1463 2617 1496 2647 in
1525 2614 1639 2648 Guelf.
1657 2619 1686 2647 1.
1702 2619 1821 2648 3.-20

373 2657 453 2687 Duo
466 2658 563 2688 codd.
578 2659 727 2698 primarii
743 2661 860 2700 legunt
874 2665 919 2692 est
929 2661 1117 2692 obsonatum.
1130 2662 1249 2692 Recte.
1262 2660 1359 2692 Bent.
1390 2661 1491 2691 Bent.
1500 2658 1610 2690 edidit
1625 2659 1802 2690 obsonatum
1813 2669 1825 2690 .·

374 2699 432 2728 scd
447 2700 604 2739 displicet
623 2702 921 2733 homoeoteleuton.
946 2705 1042 2734 Both.
1072 2704 1264 2734 Remmium
1280 2703 1432 2743 sequitur
1450 2702 1626 2732 Peri.-21
1646 2702 1712 2732 ΜΞ.
1730 2702 1820 2741 plus-

374 2742 440 2771 culi
455 2743 542 2772 citra
557 2743 872 2784 imm-rogationem:
887 2747 1036 2786 Nonfilio
1052 2757 1078 2776 v.
1095 2756 1123 2776 u.
1142 2747 1234 2779 dare.-
1245 2746 1302 2776 sed
1318 2745 1426 2776 minus
1439 2744 1619 2783 ἐμφατικῶς.
1643 2744 1742 2775 West.
1760 2744 1817 2784 qui

375 2783 407 2813 iu
423 2785 705 2818 .-x‹1aend.monet
723 2789 769 2818 ita
781 2788 861 2818 dare
876 2789 919 2819 G.
934 2788 1004 2819 EA.
1022 2789 1088 2819 ET.
1105 2788 1183 2819 EM.
1209 2788 1262 2818 Aa
1280 2789 1361 2819 Num
1378 2792 1473 2818 notat
1489 2788 1599 2827 glossa
1614 2787 1646 2817 iu
1661 2786 1719 2817 Br.
1734 2788 1743 2803 ‘
1755 2786 1818 2816 Vel
