1903 3306
383 235 466 277 198
958 244 1027 274 Jo.
1062 242 1275 273 LENGlUs

747 340 915 378 Verebar
937 352 1121 390 quorsum
1137 338 1339 377 evaderet:

755 404 894 441 Amore
915 402 1106 449 abundas,
1127 401 1325 453 Antipho:

382 494 449 526 aut
468 487 710 526 trochaicus:
742 493 795 532 ut,
816 486 918 524 Proh
940 486 1068 524 Deum
1090 492 1205 537 atque
1222 484 1420 523 hominum
1441 484 1580 524 fidem:
1610 484 1730 524 rarius
1745 497 1828 524 mo-

377 559 566 597 nometer,
585 558 640 597 ut,
661 550 764 594 Quid
784 550 881 587 illud
901 556 974 587 est.

433 615 512 653 Sed
533 615 581 652 de
600 615 660 651 his
681 627 759 651 non
779 626 878 664 opus
910 620 970 651 est
1003 620 1046 650 ut
1079 612 1289 662 quicquam
1320 610 1463 658 dicam,
1497 624 1585 649 cum
1604 618 1643 650 et
1661 624 1746 650 raro
1765 624 1830 649 oc-

379 686 550 725 currant,
577 685 614 716 et
635 677 744 716 exiis
767 691 855 729 quae
886 676 933 715 de
960 676 1142 715 trimetris
1172 682 1211 714 et
1236 675 1469 715 tetrametris
1501 675 1683 723 diximus,
1714 675 1828 714 facile

377 744 532 795 possint
549 743 726 793 intelligi.

620 852 705 909 „DE
744 852 995 891 LICENTIA
1035 851 1205 890 METRI
1243 849 1586 889 TERENTIANI.

432 939 612 976 Diximus
633 951 763 990 supra,
790 951 944 976 carmen
966 937 1172 976 iambicum
1192 950 1215 975 a
1234 937 1393 975 comicis
1413 945 1656 987 usurpatum,
1688 943 1828 988 praeter

374 1003 517 1054 -pedem
538 1003 720 1049 iambum,
751 1003 867 1041 etiam
898 1002 1143 1054 spondaeum,
1172 1002 1347 1052 aliosque
1368 1000 1504 1052 pedeS,
1530 1002 1596 1053 qui
1616 1008 1708 1040 sunt
1726 1002 1829 1054 ejus-

378 1066 467 1104 dem
498 1079 586 1104 cum
617 1066 804 1117 spondaeo
836 1079 1043 1113 mensurae,
1072 1065 1312 1116 frequentius
1347 1064 1563 1124 admittere.
1620 1068 1829 1107 Dubitatur

377 1137 505 1167 autem
525 1130 670 1168 interea
689 1130 786 1168 inter
806 1129 958 1175 doctos,
979 1143 1109 1168 annon
1130 1139 1169 1168 et
1187 1143 1257 1180 pes
1274 1129 1440 1167 creticus
1459 1131 1538 1170 sive
1554 1132 1828 1183 amphimacer,

375 1194 441 1244 qui
462 1185 692 1246 spondaeum
713 1194 878 1240 excedit,
907 1194 945 1231 in
966 1200 1088 1231 metro
1107 1194 1340 1232 Terentiano
1359 1195 1488 1234 locum
1507 1196 1675 1235 habeat:
1704 1210 1827 1247 quan-

374 1269 489 1308 quam
510 1258 611 1295 euim
633 1257 696 1295 alii
716 1271 915 1308 nunquam
937 1258 1221 1296 admittendum
1243 1272 1330 1297 esse
1359 1267 1572 1305 censeant;
1604 1261 1668 1299 alii
1695 1267 1827 1300 tamen

374 1321 597 1367 admittunt,
627 1321 697 1358 sed
730 1321 897 1372 parcius.
956 1322 1005 1359 Et
1036 1328 1140 1360 certe
1169 1322 1289 1374 siquis
1310 1323 1360 1361 ad
1382 1337 1555 1363 normam
1575 1324 1828 1375 Virgilianam

372 1397 507 1422 omnes
528 1386 650 1423 nostri
685 1386 834 1424 Comici
868 1399 984 1424 voces
1007 1400 1222 1438 vocumque
1244 1387 1580 1438 pronuntiationes
1600 1388 1827 1440 expenden-

371 1449 444 1487 das
466 1463 551 1488 esse
572 1450 721 1497 credat,
751 1450 858 1488 nullo
888 1450 1004 1488 modo
1034 1451 1173 1501 pedem
1195 1451 1312 1489 istum
1333 1452 1503 1503 effugere
1523 1453 1676 1504 poterit.
1732 1452 1825 1499 Sed,

371 1527 461 1552 cuin
481 1514 678 1552 heroicum
698 1527 852 1552 carmen
874 1514 991 1565 longe
1012 1528 1035 1552 a
1054 1515 1203 1552 comico
1224 1515 1418 1553 scribendi
1444 1515 1561 1554 modo
1591 1515 1723 1562 distet,
1754 1516 1827 1555 du-

370 1578 575 1616 bitandum
595 1591 673 1616 non
695 1585 755 1616 est
775 1578 867 1629 quin
890 1585 929 1616 et
948 1578 1046 1616 alius
1067 1592 1222 1630 quoque
1254 1578 1533 1630 pronuntiandi
1563 1580 1702 1618 modus
1722 1580 1825 1626 huic,

370 1642 467 1681 alius
496 1643 550 1680 illi
581 1642 799 1680 conveniat.
858 1642 1059 1680 Comoedia
1090 1642 1230 1694 quippe
1264 1642 1489 1694 popularem
1509 1641 1588 1682 fere
1609 1655 1826 1683 sermonem

368 1707 482 1744 nobis
502 1707 683 1749 exhibet;
715 1706 825 1756 cujus
847 1705 950 1757 apud
973 1719 1107 1744 omnes
1129 1713 1264 1758 gentes
1286 1720 1369 1745 mos
1390 1713 1462 1754 est,
1482 1713 1527 1745 ut
1545 1720 1602 1745 eae
1618 1707 1823 1755 dictiones,

369 1783 459 1820 quae
481 1771 718 1822 frequentius
737 1777 958 1816 occurrunt,
975 1770 1232 1808 contractiore
1251 1770 1367 1809 modo
1389 1783 1495 1822 saepe
1515 1772 1823 1822 pronuntientur,

369 1841 409 1872 et
428 1834 546 1872 veluti
567 1835 604 1872 in
625 1848 741 1872 unam
760 1835 900 1872 coe'ant
918 1847 926 1871 :
957 1834 1063 1884 quod
1084 1842 1227 1880 tamen,
1255 1836 1285 1872 si
1305 1836 1365 1873 vel
1385 1835 1423 1873 in
1445 1836 1618 1875 oratione
1638 1836 1744 1887 gravi
1761 1836 1823 1875 vel

368 1899 406 1936 in
426 1898 582 1936 heroico
603 1899 771 1936 carmine
799 1899 919 1944 fieret,
948 1898 1154 1936 ridiculum
1184 1898 1393 1938 videretur.
1450 1899 1538 1939 Hoc
1568 1900 1685 1939 modo
1718 1900 1822 1952 apud

369 1969 566 2000 auctorem
587 1968 762 2000 nostrum
786 1975 913 2009 voces,
934 1962 1042 2013 quid,
1063 1963 1182 2013 quod,
1203 1963 1286 2010 sed,
1307 1966 1379 2002 &c.
1401 1977 1489 2003 cum
1519 1976 1613 2003 voce
1643 1965 1821 2016 sequenti

367 2026 658 2077 quodammodo
676 2027 896 2064 coalescere
917 2027 1109 2065 interdum
1131 2028 1329 2066 videntur:
1361 2036 1429 2066 ut:

424 2111 529 2149 Nihil
549 2118 703 2163 propter
722 2112 823 2150 hanc
844 2126 949 2156 rem;
981 2113 1050 2151 sed
1072 2121 1131 2152 est
1151 2114 1256 2165 quod
1278 2122 1484 2153 succenset
1504 2114 1584 2152 tibi.

423 2175 619 2219 Quidnam
640 2176 727 2214 est?
756 2177 901 2227 puerile
922 2184 1007 2215 est:
1038 2178 1133 2229 quid
1151 2178 1236 2217 est?
1266 2179 1384 2216 nihil:
1414 2178 1506 2230 quin
1527 2178 1604 2226 dic,
1623 2178 1717 2230 quid
1737 2180 1820 2219 est?

366 2261 446 2306 ubi,
469 2272 516 2297 ne
537 2274 604 2311 pes
624 2261 787 2298 creticus
810 2261 1049 2309 admittatur,
1071 2263 1140 2301 sed
1158 2270 1231 2310 est,
1252 2271 1303 2310 et,
1320 2264 1412 2315 quid
1427 2271 1499 2312 est,
1513 2264 1626 2315 quasi
1645 2264 1685 2302 in
1701 2277 1818 2303 unam

365 2324 467 2361 coire
488 2323 677 2374 syllabam
700 2323 908 2362 credimus.
945 2325 1059 2368 Quod
1080 2334 1207 2365 autem
1227 2327 1288 2365 hic
1311 2328 1359 2365 de
1375 2327 1474 2380 pede
1494 2328 1637 2367 cretico
1657 2329 1818 2371 vitando

367 2387 547 2432 diximus,
580 2386 628 2424 de
649 2387 788 2425 ceteris
810 2387 925 2425 etiam
946 2388 1242 2440 intelligendum
1273 2398 1333 2429 est
1360 2392 1426 2442 qui
1457 2391 1685 2442 spondaeum
1704 2406 1819 2432 exce-

367 2450 478 2488 dunt.
537 2450 600 2487 Sic
633 2463 721 2497 vox,
753 2450 871 2496 Nihil,
903 2451 941 2488 in
978 2453 1099 2502 primo
1131 2453 1228 2504 pede
1247 2454 1383 2504 prioris
1403 2467 1537 2492 versus
1558 2455 1674 2494 modo
1695 2456 1816 2504 allati,

365 2511 634 2563 monosyllaba
654 2519 737 2555 est;
769 2525 992 2564 quanquam
1026 2515 1063 2552 in
1097 2524 1234 2567 quarto
1264 2517 1364 2568 pede
1395 2519 1591 2569 sequentis
1618 2519 1817 2570 eleganter

366 2574 592 2626 disyllabice
626 2577 905 2625 pronuntietur.
966 2579 1111 2617 Eodem
1135 2580 1250 2619 modo
1270 2594 1349 2619 non
1371 2582 1496 2619 solum
1516 2595 1645 2628 voces,
1676 2583 1815 2633 magis,

365 2645 416 2684 et,
446 2639 554 2682 satis,
586 2638 657 2675 sed
691 2640 818 2685 etiam,
849 2642 1019 2691 quidem,
1055 2644 1182 2690 simul,
1204 2645 1321 2695 apud,
1343 2651 1381 2682 et
1401 2652 1542 2691 tamen,
1563 2645 1623 2683 vel
1641 2646 1815 2684 ultimam

364 2702 512 2740 literam
534 2714 636 2752 soepc
657 2702 791 2740 elisam
811 2704 967 2752 habent,
1004 2707 1063 2744 vcl
1096 2708 1132 2745 in
1156 2720 1272 2746 unam
1294 2708 1482 2759 syllabam
1504 2709 1810 2749 contrahuntur:

367 2772 408 2803 ut
426 2779 433 2802 :
