1903 3306
355 196 440 238 304
850 210 888 238 P.
922 207 1159 238 TERENTH
1196 207 1311 238 AFR!

356 302 441 342 Per
462 305 583 342 tuam
604 301 748 351 fidem,
768 315 931 356 perque
947 302 1077 357 hujus
1098 302 1382 343 solitudinem

353 369 418 410 Te
439 369 650 419 obtestor,
667 382 721 410 ne
739 371 818 410 abs
840 375 883 410 te
901 370 1012 410 hanc
1033 382 1252 424 segreges,
1271 383 1356 411 neu
1376 369 1560 420 deseras
1580 386 1591 415 ε

354 438 403 478 Si
425 440 465 477 te
483 438 528 477 in
549 438 743 490 germani
764 437 906 478 fratris
925 437 1061 477 dilexi
1081 437 1195 487 loco,

353 505 458 545 Sive
475 504 572 546 haec
593 508 635 545 te
659 506 803 545 solum
826 517 999 558 semper
1018 504 1123 545 fecit
1142 504 1340 554 maximi,

351 572 442 613 Seu
461 572 542 612 tibi
563 573 780 624 morigera
799 571 880 612 suit
900 572 946 611 in
965 572 1096 612 rebus
1117 571 1333 613 omnibus.

350 638 416 679 Te
437 639 511 680 isti
533 639 671 679 virum
690 638 765 688 do,
785 638 990 687 amicum,
1011 642 1212 686 tutorem,
1233 644 1424 690 patrem.

351 706 480 746 Bona
499 710 646 746 nostra
667 705 761 746 haec
784 706 866 746 tibi
887 705 1108 758 permitto,
1129 709 1173 746 et
1191 709 1280 746 tuae
1298 704 1460 746 mando
1481 704 1602 748 fidei.

350 773 485 814 Hanc
505 772 612 813 mihi
633 773 678 813 in
699 780 872 813 manum
894 773 994 814 dat:
1025 786 1144 814 mors
1172 773 1382 814 continuo
1402 773 1550 826 ipsam
1571 777 1781 827 occupat.

348 841 547 894 Accepi:
581 845 813 894 acceptam
835 841 1039 882 servabo.
1100 839 1204 881 MY.
1235 841 1305 882 Ita
1325 853 1456 894 spero
1478 840 1674 894 quidem.

349 910 439 952 PA.
470 909 560 951 Sed
580 921 658 949 cur
686 912 733 948 tu
755 909 853 949 abis
873 908 930 949 ab
952 908 1066 949 illa?
1128 907 1233 949 Mv.
1295 907 1596 950 Obstetricem
1615 920 1808 951 arcesso.

521 977 609 1018 ΡΑ.
640 976 856 1030 Propera.

1750 638 1808 680 60

346 1111 430 1140 tram
452 1112 480 1139 et
495 1108 625 1147 genium
638 1110 748 1142 tuum5
767 1115 823 1146 per
839 1109 922 1137 tuam
931 1106 1044 1147 fidem,
1064 1113 1179 1146 perque
1202 1103 1294 1143 hujus
1316 1103 1526 1141 solitudinem,
1549 1108 1580 1137 te
1602 1106 1749 1143 obtestor,
1770 1114 1808 1135 ne

346 1153 400 1182 abs
421 1155 452 1182 te
476 1152 554 1182 hanc
576 1159 712 1190 separes,
727 1159 802 1180 neve
816 1150 949 1181 deseras.
994 1148 1032 1178 Sz'
1047 1151 1077 1178 te
1092 1151 1127 1179 ut
1143 1147 1283 1185 fratrem
1297 1157 1478 1187 germanum
1494 1148 1604 1187 dilexi,
1619 1149 1683 1180 sive
1697 1147 1763 1178 haec
1777 1150 1809 1177 te

344 1195 442 1225 solum
454 1203 570 1234 semper
585 1193 716 1223 maximi
722 1192 815 1231 fecit,
831 1192 942 1222 ceteris
955 1190 1128 1221 hominibus
1141 1189 1327 1230 posthabitis
1338 1200 1349 1226 ,·
1363 1191 1427 1221 sive
1442 1190 1475 1220 in
1491 1190 1630 1223 omnibus
1644 1190 1734 1223 rebus
1749 1189 1808 1219 tibi

345 1247 459 1268 morem
471 1236 589 1275 gessit:
617 1239 647 1266 te
668 1235 722 1265 isti
744 1235 844 1265 cirum
868 1236 919 1272 do,
942 1234 1085 1269 amicum,
1111 1237 1256 1271 tutorem,
1278 1236 1422 1273 patrem‚·
1445 1232 1524 1263 bona
1539 1233 1605 1265 hoec
1619 1236 1728 1266 nostra
1750 1231 1809 1262 tibi

344 1279 513 1317 committo,
529 1282 558 1309 et
574 1282 636 1309 tuce
651 1278 823 1309 commendo
838 1276 932 1318 fidei.
980 1276 1122 1317 Chrysis,
1145 1276 1202 1306 hac
1227 1277 1366 1306 oratione
1379 1275 1492 1317 finita,
1517 1275 1597 1306 mihi
1624 1274 1807 1316 Glycerium

345 1323 445 1352 tradit
460 1323 494 1352 in
508 1331 642 1352 inanum.
688 1320 778 1350 Mors
787 1319 894 1350 statim
909 1320 1007 1359 ipsam
1021 1318 1155 1349 invadit.
1201 1318 1323 1349 Datum
1333 1318 1448 1358 accepi.
1493 1318 1661 1358 Acceptum
1670 1316 1807 1348 servabo.

345 1365 423 1396 Mv.
439 1363 647 1403 Itafuturum
661 1363 694 1394 id
711 1373 810 1403 spero.
858 1363 926 1394 ΡΑ.
950 1361 1012 1392 Sed
1026 1372 1081 1392 cm·
1099 1361 1167 1391 abis
1181 1360 1219 1391 ab
1232 1358 1312 1392 illa?
1356 1361 1436 1392 Mv.
1455 1360 1662 1393 Obstetricem
1675 1368 1808 1392 accerso.

956 1440 1197 1453 e-eaeeaeeaenoee

346 1498 483 1530 Genium
497 1501 585 1529 tumn
602 1498 702 1529 Both.
747 1497 939 1528 Bentleium
967 1497 1122 1538 sequitur
1147 1495 1241 1527 Perl.
1276 1495 1285 1511 ‘
1301 1494 1402 1534 Vulg.
1417 1494 1600 1534 ingenium:
1623 1493 1685 1526 sed
1701 1493 1804 1525 Bent.

343 1541 482 1581 legend.
514 1541 615 1572 docet
645 1540 795 1579 genium)
820 1541 860 1571 R.
876 1541 1008 1571 D.—55
1033 1539 1118 1570 GM.
1133 1538 1288 1569 solicitud.
1337 1537 1391 1568 Id.
1418 1536 1452 1567 in
1481 1546 1588 1577 marg.
1616 1539 1659 1570 al.
1681 1536 1806 1568 solima.

343 1584 438 1615 Peri,
486 1583 563 1622 Ejus
589 1593 650 1624 pro
678 1583 768 1622 liujus
795 1581 912 1614 Guelf.
940 1584 1059 1612 1.-58
1083 1581 1235 1612 Plusculi
1254 1580 1338 1611 Mss.
1354 1580 1474 1619 legunt
1487 1581 1672 1612 maximum.
1695 1579 1807 1610 west.

343 1626 418 1657 Sive
437 1627 501 1657 haec
517 1630 547 1657 te
562 1627 639 1666 lege
656 1635 698 1656 ex
716 1625 814 1656 codd.
831 1624 1012 1656 nonnullis.
1059 1628 1067 1641 ‘
1083 1623 1151 1655 Te’
1179 1623 1280 1661 enim,
1306 1632 1383 1653 cum
1411 1622 1445 1652 in
1471 1621 1544 1654 ictu
1571 1633 1638 1654 non
1659 1621 1716 1661 sit,
1738 1630 1805 1651 non

343 1673 461 1709 potest
476 1678 540 1699 non
559 1669 651 1699 elidi.
675 1669 771 1699 Bene.
815 1667 888 1698 Sive
904 1671 934 1698 ie
950 1668 1014 1698 hoec
1031 1666 1092 1697 dat
1109 1666 1150 1697 Z.
1194 1665 1374 1696 Maximum
1398 1663 1516 1696 Guelf.
1535 1668 1565 1696 1.
1582 1667 1701 1698 2.-—61
1725 1663 1806 1695 Per-

342 1712 445 1743 mitto.
490 1711 637 1744 Quidam
668 1711 754 1741 Mss.
781 1711 938 1741 committo
966 1710 1097 1749 legunt.
1143 1709 1293 1740 Praestat
1310 1712 1423 1738 antem
1442 1707 1630 1748 vulgatum,
1650 1716 1694 1738 ne
1716 1706 1805 1736 idem

344 1754 395 1785 bis
411 1754 558 1786 dicatur.
591 1754 690 1786 West.
735 1752 808 1784 EA.
834 1757 870 1783 et
896 1753 966 1783 ET.
983 1753 1152 1783 committo.
1197 1751 1250 1782 Id.
1279 1751 1313 1780 in
1343 1749 1434 1781 Add.
1464 1749 1548 1783 Plus
1578 1755 1632 1782 est
1656 1748 1805 1790 permitto

344 1807 443 1837 quam
474 1797 643 1827 committo.
690 1796 733 1826 R.
761 1795 805 1826 D.
865 1794 909 1834 A,
939 1795 1005 1826 Gu.
1035 1797 1068 1827 2.
1115 1793 1198 1825 Hel.
1238 1793 1408 1832 committo,
1444 1797 1483 1823 ut
1514 1798 1550 1825 et
1591 1791 1806 1824 Lindenbro-

343 1840 472 1879 gianus,
502 1849 544 1870 ex
576 1840 633 1870 int.
663 1838 799 1880 quidem
828 1836 1047 1877 elegantioris
1076 1837 1179 1867 vocis.
1209 1836 1305 1867 Both.
1353 1836 1472 1866 Comm.
1503 1835 1564 1867 ΒΓ.
1590 1833 1710 1867 Guelf.
1728 1836 1804 1864 1.—

342 1885 384 1913 62
408 1884 455 1914 Ac
483 1892 544 1922 pro
574 1882 670 1912 Hanc
712 1880 900 1911 Both.—63
929 1880 1080 1919 Equidem
1109 1877 1225 1909 Guelf.
1252 1881 1283 1909 1.
1322 1876 1332 1894 ‘
1367 1877 1453 1908 Post
1483 1887 1533 1910 νε.
1563 1881 1618 1910 63.
1656 1885 1805 1918 sequun-

344 1929 401 1955 tur
428 1925 501 1956 haec
528 1925 562 1955 in
595 1922 709 1955 Guelf.
739 1926 771 1954 2.
811 1923 886 1953 Nisi
910 1932 992 1952 mors
1016 1921 1134 1952 adimet
1160 1922 1238 1951 lianc
1264 1920 1342 1951 mihi
1363 1929 1460 1950 nemo.
1518 1919 1574 1952 Cf.
1605 1928 1656 1951 lv.
1679 1921 1711 1950 2.
1741 1918 1805 1950 14!

342 1968 518 1999 Peri—64
542 1967 639 1997 Bodl.
670 1965 872 2006 Properabis.
901 1965 1010 1995 West.
1056 1963 1098 1994 Τὸ
1113 1963 1179 1994 abis
1195 1972 1311 1994 versus
1329 1971 1392 1993 non
1409 1962 1551 2002 patitur.
1598 1963 1643 1994 Et
1659 1965 1714 1992 est
1729 1961 1804 1992 bre-

343 2011 430 2041 vitas
448 2009 596 2045 Comica‚
612 2010 639 2039 si
656 2008 757 2039 absit.
804 2007 875 2048 [SIc
894 2007 1032 2047 judicat
1048 2011 1084 2038 et
1101 2005 1207 2046 Gov.]
1250 2006 1287 2036 F.
1306 2004 1353 2036 H.
1371 2005 1486 2036 laudat
1503 2005 1680 2045 Bergium,
1695 2004 1752 2044 qui
1769 2004 1804 2034 in

342 2053 407 2083 Ed.
425 2062 495 2091 sua,
521 2052 711 2083 auni1574.
737 2055 806 2081 tres
838 2050 1048 2089 posteriores
1076 2058 1141 2080 VSS.
1164 2049 1198 2079 in
1216 2047 1300 2079 duos
1319 2051 1540 2079 tetrametros
1566 2046 1803 2086 dispescuerit.

345 2096 396 2126 Id.
414 2096 446 2126 in
462 2096 545 2126 Adit.
589 2094 645 2125 Sic
663 2098 698 2125 et
714 2092 798 2124 fecit
818 2092 920 2123 Both.
936 2092 993 2133 qui
1011 2100 1144 2122 versum
1161 2093 1215 2122 64.
1239 2090 1280 2121 ad
1299 2090 1439 2121 verbum
1465 2091 1474 2108 ‘
1489 2088 1625 2129 audin’,’
1649 2093 1685 2119 et
1700 2097 1803 2119 versu

342 2142 398 2168 65.
424 2147 559 2168 scenam
578 2137 751 2167 terminat.
774 2137 782 2153 ‘
801 2135 916 2166 Verba
932 2137 940 2152 ‘
953 2139 1056 2175 atque
1074 2133 1176 2164 audin
1188 2134 1209 2164 ?’
1233 2132 1362 2164 debent
1379 2142 1513 2164 versum
1541 2130 1803 2163 antecedentem

343 2180 528 2211 claudere)
552 2180 646 2211 Bent.
662 2180 702 2209 ud
717 2188 761 2209 rs.
778 2181 832 2209 65.
879 2182 887 2194 ‘
906 2177 967 2208 Sed
992 2187 1047 2208 cur
1073 2180 1108 2207 tu
1134 2176 1172 2207 ab
1198 2173 1279 2207 illa?
1322 2175 1379 2207 Sic
1396 2175 1506 2207 edidit
1522 2173 1681 2214 sandby.’
1704 2173 1806 2205 Zeim.

1002 2245 1146 2277 NOTAE

386 2315 427 2344 54
453 2313 496 2343 Et
520 2311 682 2352 ingenium
708 2310 811 2350 tuum]
846 2309 926 2350 Alii,
950 2314 988 2341 ut
1011 2314 1047 2341 et

343 2364 512 2401 Donatus,
551 2363 670 2403 legunt
717 2362 854 2400 genium.
916 2361 1045 2391 Genius

344 2414 442 2444 Deus
459 2418 526 2453 est,
543 2413 575 2443 in
593 2413 690 2453 cujus
716 2413 825 2443 tutela
848 2411 1001 2451 vivimus,
1027 2421 1046 2442 a

344 2463 514 2503 gignendo
530 2463 653 2501 dictus,
671 2462 759 2503 quod
778 2462 893 2492 statim
913 2471 971 2492 nos
988 2470 1045 2502 ge-

343 2514 433 2544 nitos
449 2513 614 2552 suscipiat
630 2517 665 2543 et
690 2517 837 2542 tueatur.
883 2512 962 2542 Fuit
987 2521 1046 2542 au-

344 2566 411 2592 tem
429 2561 483 2592 hic
507 2561 626 2592 orandi
650 2561 781 2600 modus,
810 2570 871 2601 per
896 2560 1044 2591 Genium

344 2617 378 2642 et
395 2612 564 2650 dextram,
580 2610 740 2651 Antiqnis
759 2611 903 2641 usitatus
929 2616 965 2641 et
993 2609 1042 2641 fa-

343 2662 494 2693 minaris.
539 2661 660 2692 Horat.
697 2661 810 2699 Epist.
845 2664 877 2692 7.
921 2660 979 2690 lib.
1019 2668 1043 2691 1.

344 2713 353 2729 ‘
371 2711 472 2744 Quod
489 2715 523 2742 te
539 2720 600 2751 per
617 2710 777 2749 Genium,
807 2711 1042 2751 dextramque,

343 2763 506 2804 Deosque
536 2762 699 2800 Penates,
731 2761 887 2793 Obsecro
917 2767 952 2792 et
982 2760 1042 2790 ob-

1103 2308 1233 2341 testor.’

1143 2361 1184 2390 56
1209 2359 1258 2389 Ne
1272 2357 1327 2389 abs
1351 2361 1381 2389 te
1403 2359 1483 2390 hanc
1497 2356 1657 2398 segreges]
1679 2357 1803 2398 Segre-

1102 2419 1182 2450 gare
1203 2414 1270 2447 est,
1294 2419 1314 2440 a
1329 2418 1432 2450 grege
1451 2417 1623 2449 separare.
1661 2409 1801 2439 Senten-

1101 2460 1150 2491 tia
1166 2464 1234 2490 est:
1256 2460 1310 2490 Ne
1322 2468 1494 2499 segreges,
1510 2458 1544 2489 id
1560 2462 1625 2496 est,
1640 2457 1801 2498 repudies

1100 2508 1165 2540 tibi
1185 2509 1356 2550 junctam,
1382 2518 1449 2540 neu
1472 2507 1609 2539 deseras
1633 2507 1738 2538 solam
1765 2511 1800 2538 et

1100 2559 1232 2591 orbam.

1141 2612 1182 2641 62
1206 2610 1300 2640 Hanc
1329 2609 1408 2640 mihi
1435 2609 1470 2639 in
1499 2616 1624 2639 manum
1651 2605 1722 2646 dat]
1758 2606 1797 2637 Id

1097 2664 1161 2698 est,
1186 2659 1226 2690 fit
1253 2660 1333 2690 mihi
1359 2667 1456 2697 uxor,
1471 2662 1507 2688 et
1528 2655 1800 2698 materfamilias,

1097 2720 1172 2752 quae
1189 2710 1222 2740 in
1239 2719 1340 2742 mann
1356 2713 1391 2740 et
1407 2708 1468 2739 viri
1487 2710 1660 2748 potestate
1677 2711 1740 2738 est.
