1945 3296
342 216 372 244 A
406 213 658 244 TERENTIO
692 212 880 243 LA'rlNE
914 212 1321 246 INTERPRETATA.
1477 208 1560 248 111

105 309 254 347 Versus
273 308 312 345 hi
332 308 386 346 ita
405 314 507 346 recte
523 307 706 357 leguntur
722 307 761 344 in
778 306 976 344 Plutarchi
994 307 1150 353 libellis,
1169 321 1245 345 non
1264 309 1379 347 modo
1401 310 1562 361 impres-

106 373 174 419 sis,
202 385 334 410 verum
364 370 480 409 etiam
509 371 588 408 Ms.
627 369 778 409 duobus
811 370 906 419 Περὶ
944 370 1142 420 Εὐθυμίας,
1201 372 1300 409 Nam
1332 373 1436 423 apud
1473 376 1560 412 Sto-

103 437 233 474 baeum
252 447 337 487 cap.
360 436 424 473 95.
445 434 631 472 mendose
655 442 728 481 est,
750 438 1012 485 στρεφομένους
1032 436 1080 472 ἂν
1103 435 1225 474 νύκτα.

649 533 740 569 Act.
764 544 815 568 11.
847 531 911 569 Sc.
935 544 1007 569 111.

103 613 113 630 ‘
136 607 275 658 Liquet
293 606 386 644 rnihi
407 606 605 657 dejerare!
662 605 906 644 Menander:

93 671 236 721 “Opxov
255 668 296 707 δὲ
314 675 442 722 φεῦγε,
465 670 534 707 κᾶν
550 669 696 707 δικαίως
716 671 863 722 ὀμνύῃς.

102 732 384 785 Jusjurandum
405 732 591 779 devitato,
612 732 726 771 etiam
744 745 831 770 cum
845 733 952 784 juste
967 734 1098 785 jurare
1119 739 1277 786 poteris.

655 819 746 857 Act.
769 832 840 857 111.
878 820 941 859 Sc.
966 835 995 859 1.

102 900 111 916 ‘
134 895 345 947 Nunquam
366 893 433 932 tibi
454 893 559 931 dixi!
615 894 859 933 Menander:

90 960 198 1011 ’Έχω
219 960 249 997 δ’
268 961 464 1008 ἐπίκληρον
483 958 657 1010 Λαμίαν·
680 961 743 997 οὐκ
762 960 890 1010 ε’ίρηκά
911 976 968 998 σοι
985 976 995 1005 3

100 1024 172 1062 Est
189 1023 282 1062 mihi
301 1023 445 1069 Lamia,
471 1036 560 1074 quae
581 1022 709 1062 nullos
731 1023 958 1063 cohaeredes
978 1025 1110 1064 habet.
1171 1026 1312 1066 Nonne
1333 1028 1410 1067 dixi
1432 1031 1532 1070 tibi?

649 1111 738 1147 Act.
763 1123 835 1148 111.
871 1110 934 1148 Sc.
959 1123 1009 1149 11.

94 1186 104 1205 ‘
130 1183 304 1227 Tacent3
335 1183 430 1221 satis
449 1182 642 1222 laudant.’
698 1184 942 1222 Menander:

419 1248 506 1286 Κᾶν
525 1249 616 1286 ὅλως
634 1250 754 1300 μηθὲν
773 1252 900 1296 λαλεῖ,

97 1313 168 1349 Διὰ
187 1315 249 1349 τοῦ
270 1315 428 1361 σιωπᾷν,
449 1315 612 1350 πλεῖστα
630 1314 712 1363 περὶ
733 1314 841 1360 αὑτῆς
860 1317 982 1362 λέγει.

99 1375 156 1412 Eo
176 1375 276 1425 ipso,
306 1375 399 1413 dum
418 1375 534 1428 plane
554 1376 608 1414 nil
629 1376 814 1427 loquitur,
846 1378 1014 1417 tacendo
1036 1380 1321 1431 quamplurima
1342 1382 1390 1421 de
1413 1397 1453 1422 se
1473 1387 1559 1437 ipsa

151 1437 257 1476 dicit.

648 1496 738 1533 Act.
762 1507 824 1533 1v.
856 1496 922 1534 Sc.
946 1509 1006 1534 ιν.

96 1571 105 1587 ‘
128 1565 204 1604 Hic
223 1572 284 1605 est
301 1565 441 1613 vietus,
460 1574 585 1615 vetus,
606 1576 834 1608 veternosus
857 1583 991 1620 senex,
1025 1573 1153 1611 colore
1181 1576 1434 1614 mustellino.'
1478 1578 1557 1616 Vo-

147 1629 220 1667 luit
239 1629 453 1680 exprimere
474 1630 604 1669 loenm
622 1632 831 1671 Menandri
850 1648 857 1671 :

94 1691 212 1732 Οὗτός
233 1695 311 1732 ἐστι
331 1696 522 1742 ’γαλεώτης
542 1699 676 1745 γέρων,

95 1757 171 1796 Hic
191 1764 252 1796 est
270 1759 454 1797 mustella
480 1772 614 1798 senex.

658 1835 748 1872 Act.
769 1847 803 1872 v.
837 1836 903 1874 Sc.
928 1850 994 1875 vr.

96 1912 105 1927 ‘
127 1906 205 1945 Sed
224 1913 267 1945 tu
288 1906 394 1958 quod
415 1920 553 1946 cavere
580 1908 736 1959 possis.'
792 1910 1000 1951 Translata
1031 1926 1054 1951 a
1090 1914 1309 1954 Menandro
1347 1920 1557 1967 sententia,

146 1971 258 2022 cujus
278 1971 317 2009 hi
337 1971 507 2011 citantur
526 1986 549 2011 a
570 1973 728 2012 Stobaeo
756 1977 896 2014 senarii
915 1991 924 2015 ε

91 2035 252 2080 Εὒὴθειά
270 2052 334 2086 μοι
353 2040 525 2088 φαίνεται
553 2036 776 2089 δηλουμένη,

91 2098 146 2136 Τὸ
166 2105 268 2137 νοεῖν
286 2101 357 2150 μὲν
376 2099 448 2138 ὅσα
471 2100 540 2146 δεῖ,
562 2104 612 2152 μὴ
633 2104 882 2154 φυλάττεσθαι
904 2103 934 2142 δ’
953 2107 977 2142 ἃ
995 2104 1066 2144 δεῖ.

92 2162 304 2201 Manifesta
322 2162 416 2201 mihi
435 2164 586 2202 videtur
606 2165 691 2203 haee
713 2178 799 2204 esse
821 2167 994 2215 fatuitas,

93 2225 271 2277 Asseqni,
291 2226 385 2277 quid
406 2228 487 2266 fieri
507 2235 698 2280 oporteat,
719 2242 845 2281 neque
865 2230 994 2270 facere
1015 2238 1161 2272 tamen.

643 2315 732 2353 Act.
757 2328 800 2354 v.
843 2316 909 2354 Sc.
934 2330 998 2355 1x.

89 2387 100 2406 ¹
123 2385 297 2428 Quodvis
318 2386 465 2425 donum
485 2396 524 2426 et
541 2389 772 2439 praemium.’
828 2391 1050 2431 Menander
1068 2407 1078 2432 ε

89 2447 202 2496 Εὖξαι
221 2452 254 2488 τὶ
273 2450 421 2499 βούλει,
442 2452 565 2490 πάντα
588 2469 646 2491 σοι
667 2456 885 2502 γενήσεται.

91 2512 204 2563 Elige
225 2515 330 2565 quod
351 2522 478 2567 opteS,
499 2523 633 2568 optata
653 2518 753 2557 feres
775 2520 919 2558 omnia.

449 2611 829 2654 HEAUTonMon.
886 2617 975 2656 Aet.
1000 2630 1030 2656 1.
1060 2617 1124 2656 Sc.
1149 2631 1200 2656 11.

89 2687 100 2704 ‘
123 2682 237 2722 Illum
255 2685 456 2724 insimulat
477 2686 646 2726 durum.'
701 2689 943 2730 Menander:

89 2745 252 2797 Σκληρόν
270 2749 358 2798 πρὸς
376 2749 459 2788 υἱὸν
478 2752 518 2788 ἐν
538 2755 587 2802 τῷ
608 2755 810 2793 νουθετεῖν.
