1903 3306
319 213 406 254 384
821 219 860 248 P.
893 216 1134 248 TEREN'ru
1169 216 1284 247 Auni

321 319 387 360 S1.
419 316 507 359 Nae
526 315 659 357 istam
679 314 952 356 multimodis
972 318 1092 355 tuam
1111 313 1293 355 inveniri
1314 310 1500 365 gaudeo.
1560 311 1650 352 ΡΑ.
1670 309 1778 353 ΟΥΕ-

493 384 566 434 do,
587 386 726 437 pater.

322 452 413 494 CH.
444 450 506 493 At
526 451 632 492 mihi
652 463 763 491 unus
784 448 1021 518 scrupulus
1040 448 1173 488 etiam
1194 451 1357 497 restat;
1380 445 1456 500 qui
1478 458 1545 486 me
1561 445 1679 486 male
1698 445 1778 486 ha-

492 519 579 559 bet.
641 517 729 558 PA.
761 515 931 568 Dignus
952 527 1000 555 es

325 585 438 627 Cum
471 590 548 627 tua
576 584 802 639 religione,
833 583 964 623 odio:
996 580 1159 622 nodum
1189 581 1236 622 in
1267 581 1417 634 scirpo
1448 579 1628 634 quaeris.
1687 578 1777 620 CR.

496 639 755 703 Quid²istuc
776 651 876 692 est?
1081 636 1131 650 ””
1222 631 1282 646 s
1376 639 1401 654 “
1466 647 1552 662 “⁶''

324 721 412 764 CH.
444 720 620 762 Nomen
657 732 741 760 non
781 718 998 759 convenit.
1060 716 1146 758 CR.
1185 716 1289 757 Fuit
1326 715 1472 757 hercle
1511 714 1614 756 huic
1655 714 1779 755 aliud

496 800 665 841 parvae.
727 786 815 827 CH.
849 785 997 836 Quod,
1018 784 1171 826 Crito?

327 855 556 909 Numquid
587 853 863 895 meministi?
925 852 1012 894 CR.
1045 851 1099 892 Id
1123 864 1288 905 quaero.
1347 851 1435 892 PA.
1473 850 1626 902 Egone
1646 849 1778 904 hujus

496 921 756 963 memoriam
777 920 925 974 patiar
945 933 1059 961 meae
1722 918 1780 958 40

327 989 560 1044 Voluptati
583 989 776 1037 obstare,
807 999 908 1028 cum
936 990 1110 1040 egomet
1138 986 1311 1039 possim
1331 985 1378 1026 in
1397 984 1481 1026 hac
1503 997 1548 1025 re
1568 983 1782 1025 medicari

496 1057 601 1098 mihi
614 1057 632 1096 2.

331 1189 425 1219 Certe
439 1186 532 1216 istam
549 1185 730 1228 Glycerium
745 1185 902 1216 inventam
927 1193 992 1215 esse
1018 1186 1103 1214 tuum
1126 1192 1165 1213 ex
1191 1181 1296 1213 multis
1322 1183 1352 1211 et
1374 1180 1468 1211 certis
1483 1179 1676 1219 argumentis
1697 1179 1785 1210 vehe-

328 1233 447 1264 menter
469 1231 601 1268 gaudeo.
647 1228 714 1259 ΡΑ.
741 1229 854 1267 Credo,
879 1231 981 1267 pater.
1026 1226 1097 1257 Cri.
1120 1225 1165 1256 At
1189 1225 1266 1255 mihi
1293 1233 1386 1255 unum
1415 1222 1541 1253 dubium
1559 1223 1655 1253 etiam
1675 1225 1787 1261 restat,

329 1274 408 1313 quod
424 1282 470 1303 me
485 1272 584 1311 angit.
628 1271 696 1302 PA.
720 1270 848 1310 Dignus
872 1279 903 1299 es
927 1269 1007 1308 odio,
1029 1278 1096 1299 cum
1120 1272 1174 1299 tua
1189 1266 1403 1306 superstitiosa
1417 1265 1588 1296 anxietate.
1635 1265 1682 1296 Tu
1697 1264 1731 1295 in
1752 1274 1786 1296 re

329 1315 457 1346 minime
473 1315 566 1345 dubia
581 1314 766 1345 occasionem
781 1313 944 1343 dubitandi
958 1311 1084 1352 quaeris.
1130 1311 1195 1342 CR.
1220 1309 1305 1345 Quid
1330 1309 1415 1340 istud
1440 1305 1512 1339 est?
1556 1308 1625 1339 CH.
1655 1307 1788 1347 Nomen,

330 1368 387 1398 quo
403 1358 490 1388 illam
505 1361 698 1396 vocant,non
713 1355 854 1387 convenit
878 1365 944 1385 cum
967 1353 1090 1385 nomine
1105 1353 1187 1394 filioe
1213 1362 1300 1384 πιθα».
1345 1351 1412 1382 CR.
1436 1349 1513 1381 Fuit
1535 1350 1636 1382 hercle
1658 1350 1743 1381 aliud
1758 1350 1787 1380 ei

329 1410 448 1438 nomen,
464 1401 535 1430 dum
546 1410 643 1440 parva
658 1402 737 1430 erat.
782 1399 850 1430 CH.
869 1398 972 1436 Quod,
990 1395 1105 1428 Crito?
1122 1396 1280 1435 Numquid
1294 1391 1488 1425 meministi?
1534 1393 1598 1424 CR.
1626 1393 1664 1423 ld
1673 1402 1788 1433 quaero.

332 1445 400 1474 ΡΑ.
426 1444 532 1481 Egone
547 1443 636 1481 hujus
650 1442 778 1482 fluxam
804 1440 982 1471 memoriam
1002 1439 1109 1480 patiar
1132 1448 1207 1469 meoe
1234 1437 1386 1478 voluptati
1408 1445 1525 1467 moram
1548 1435 1694 1473 infioerm
1717 1445 1786 1466 cum

329 1496 387 1526 ego
399 1488 515 1526 possim
529 1486 594 1527 ipse
610 1485 687 1516 mihi
709 1484 877 1515 remedium
891 1482 1030 1514 invenire
1043 1479 1059 1513 2
1084 1482 1157 1512 Non
1170 1481 1288 1521 patiar.
1333 1479 1436 1519 Heus,
1460 1478 1592 1509 Chreme
1604 1478 1620 1510 l
1641 1479 1720 1518 quod
1735 1487 1789 1508 no-

936 1566 1179 1580 &eoem-re·

332 1636 433 1668 modis
447 1636 521 1668 ΕΡ.
540 1634 633 1677 [Bu]
654 1635 753 1666 West.
800 1635 849 1665 Ne
863 1633 957 1665 istam
971 1633 1078 1664 multis
1093 1635 1189 1664 tuam.
1233 1631 1279 1663 Ο.
1294 1630 1373 1662 libri
1389 1629 1519 1670 antiqui
1541 1633 1576 1660 et
1598 1629 1668 1659 Do.
1683 1627 1790 1658 multis

332 1679 446 1717 modis,
463 1679 603 1709 habent.
648 1677 714 1708 Sed
737 1678 833 1708 Bem.
855 1677 1059 1713 multimodis,
1085 1674 1174 1716 quod
1192 1674 1233 1704 ad
1255 1683 1387 1704 versum
1404 1673 1530 1713 optime
1546 1670 1703 1713 quadrat.
1730 1670 1789 1701 Fa.

330 1723 444 1762 Turpe
460 1721 618 1752 mendum
630 1721 704 1761 jam
718 1720 776 1751 diu
793 1720 845 1750 hic
862 1719 998 1750 insedit.
1043 1720 1207 1758 Repone:
1232 1718 1295 1747 Noe
1309 1717 1404 1747 istam
1425 1715 1617 1746 multimodis
1631 1713 1729 1744 cive-m
1742 1713 1791 1743 in-

333 1768 455 1796 ventam
479 1765 608 1803 gaudee.
636 1764 739 1794 Bent.
784 1762 867 1793 Sane
887 1762 980 1793 istam
995 1762 1103 1792 multis
1122 1760 1221 1792 modis
1243 1760 1324 1790 Vet.
1342 1758 1427 1790 Cod.
1451 1758 1546 1788 Lind.
1593 1755 1792 1787 Multimodis

330 1808 477 1848 junctim
506 1812 612 1837 recte.
637 1807 724 1837 Perl.
781 1806 837 1836 Sic
867 1805 950 1846 legit
978 1804 1140 1835 Bothius:
1180 1803 1242 1834 Na>
1272 1806 1296 1833 t.
1327 1811 1368 1832 m.
1397 1800 1532 1832 inveniri
1561 1809 1629 1830 eum
1657 1799 1791 1838 gaudeo.

335 1851 403 1882 CH.
430 1851 540 1882 Credo,
586 1850 653 1880 ΡΑ.
678 1847 900 1879 Pater-...Sane
922 1857 983 1888 pro
999 1847 1060 1877 Noe
1076 1845 1194 1878 Guelf.
1211 1846 1340 1875 2.-—37.
1364 1846 1405 1874 38
1429 1844 1555 1882 Dignus
1579 1852 1610 1872 es
1634 1841 1714 1871 Cum
1737 1844 1792 1871 tua

333 1893 496 1932 religione,
518 1892 599 1922 odio.
643 1892 821 1931 Integrum
837 1890 926 1921 huuc
941 1898 1075 1920 versum
1093 1889 1181 1929 Guy.
1206 1885 1357 1927 expungi
1384 1887 1467 1923 vult,
1491 1889 1651 1926 tanquam
1675 1883 1718 1913 ab
1741 1883 1792 1913 in-

334 1936 545 1974 terpolatore
561 1938 685 1965 ortum.
731 1934 858 1964 Verum
876 1942 952 1964 cum
970 1936 1006 1963 et
1023 1931 1179 1972 apposite
1195 1930 1364 1968 dicantur,
1381 1933 1417 1959 et
1432 1927 1660 1965 Latiuissime,
1671 1925 1791 1966 etjam

334 1978 465 2009 Donati
490 1982 594 2008 aetate
617 1977 709 2008 lecta
733 1977 812 2015 sint,
831 1976 909 2016 jure
930 1974 1146 2006 vindicantur
1160 1972 1335 2007 Terentio,
1352 1971 1416 2002 nisi
1431 1971 1518 2011 quod
1536 1971 1691 2001 Donatus
1707 1969 1792 2008 legit

334 2022 448 2052 odium.
475 2019 575 2052 Quod
594 2020 620 2050 si
637 2019 810 2057 admittas,
825 2019 874 2049 ita
890 2017 1102 2048 distinxerim
1116 2027 1123 2047 z
1149 2016 1277 2054 Dignus
1292 2024 1323 2046 es
1338 2014 1416 2044 Cum
1432 2016 1484 2044 tua
1497 2013 1664 2052 religione.-
1679 2011 1793 2042 odium.

336 2065 410 2096 Nisi
427 2063 540 2103 dignus
555 2063 657 2093 odium
673 2062 812 2101 scripsit
827 2061 1017 2099 Terentius,
1032 2060 1081 2091 uti
1097 2059 1235 2090 Phorm.
1250 2066 1306 2089 111.
1322 2059 1354 2088 2.
1368 2059 1422 2088 34.
1446 2057 1455 2073 ‘
1472 2055 1519 2086 Di
1535 2055 1599 2086 tibi
1614 2063 1729 2086 omnes
1745 2054 1794 2091 id,

337 2107 425 2148 quod
443 2117 476 2136 es
491 2106 625 2146 dignus,
641 2104 763 2136 duint.’
792 2104 892 2136 lVest.
943 2103 1057 2134 Odium
1081 2101 1184 2132 habet
1207 2101 1304 2131 Bem.
1327 2104 1364 2130 et
1385 2099 1430 2130 V.
1453 2097 1736 2139 quemadmodum
1757 2102 1794 2127 et

336 2151 406 2181 Do.
425 2149 521 2189 legit.
550 2149 607 2179 Fa.
655 2148 781 2179 Noster
797 2156 931 2188 quoque
950 2145 1153 2177 veterrimus
1169 2143 1291 2174 odium.-
1314 2147 1349 2173 et
1366 2141 1414 2173 sic
1437 2141 1581 2180 Nonius,
1597 2150 1630 2172 v.
1647 2139 1794 2179 Religio,

338 2198 373 2223 et
390 2192 575 2224 Cledouius
593 2201 625 2230 p.
644 2193 739 2221 1901.
764 2191 860 2221 Bent.
908 2189 1023 2220 Odium
1039 2188 1165 2228 legitur
1181 2186 1214 2217 in
1229 2185 1434 2216 membranis
1451 2184 1600 2224 optimis,
1620 2192 1687 2213 non
1711 2182 1795 2221 odio,

339 2240 378 2266 ut
394 2235 470 2266 edd.
496 2233 648 2275 quaedam
667 2233 807 2264 habent.
843 2232 985 2263 Vossius
1002 2231 1045 2262 de
1062 2229 1327 2262 Constructione
1344 2237 1373 2258 c.
1391 2229 1442 2258 13.
1460 2227 1581 2268 aliique
1597 2225 1703 2256 odium
1716 2233 1794 2255 cum

339 2279 348 2295 ‘
366 2277 505 2318 diguus'
523 2278 686 2316 jungunt,
713 2280 751 2307 ut
774 2275 890 2315 dignus
911 2274 1016 2305 odium
1040 2273 1193 2313 elliptice
1215 2271 1349 2302 dicatur
1375 2280 1448 2310 pro,
1473 2269 1593 2309 diguus
1610 2269 1650 2299 ad
1667 2267 1793 2298 odium.

339 2321 405 2351 Sed
425 2320 544 2351 melius
560 2324 612 2350 est
630 2324 706 2359 post
722 2328 838 2349 vocem
863 2319 872 2336 ‘
890 2316 1073 2358 religione’
1098 2317 1355 2355 interpungere,
1381 2318 1415 2344 et
1440 2313 1543 2343 odium
1557 2311 1717 2350 accipere
1734 2319 1795 2350 pro

340 2363 474 2394 homine
491 2363 620 2398 odioso,
635 2368 672 2392 ut
689 2363 697 2378 ‘
711 2360 840 2392 scelus’
857 2370 918 2400 pro
934 2359 1067 2391 homine
1084 2359 1245 2389 scelesto.
1263 2357 1304 2387 R.
1319 2356 1362 2386 D.
1403 2355 1519 2386 Odium
1534 2354 1619 2385 dant
1635 2353 1674 2384 Z.
1692 2353 1794 2384 Bent.

340 2406 441 2437 Both.
457 2406 638 2436 Pe1·l.--39
661 2403 775 2436 Guelf.
791 2407 822 2434 2.
852 2403 937 2434 Huic
951 2404 1118 2434 norm—41
1144 2401 1289 2439 Egomet.
1330 2398 1502 2429 Revocavi
1518 2406 1635 2428 vocem
1651 2405 1694 2427 ex
1709 2395 1795 2426 Mss.

342 2449 512 2480 nonnullis
529 2453 565 2479 et
581 2447 658 2478 edd.
674 2446 930 2488 antiquissimis,
955 2445 1168 2487 approbante
1185 2443 1289 2474 etiam
1306 2441 1416 2472 Rivio.
1462 2441 1589 2481 Vulgo,
1603 2448 1670 2479 ege.
1685 2438 1794 2470 West.

995 2533 1142 2566 NOTAE

387 2605 427 2633 37
450 2601 496 2632 At
511 2601 587 2632 mihi
604 2611 681 2631 unus
695 2600 870 2642 scrupulus]
894 2600 1042 2640 Scrupus
1139 2600 1181 2629 38
1205 2597 1330 2628 Nodum
1355 2596 1389 2627 in
1413 2595 1513 2636 scirpo
1534 2591 1664 2635 quaeris]
1685 2591 1799 2632 Scirpi

345 2657 399 2683 est
425 2651 561 2691 lapillus
587 2651 690 2691 pedes
717 2651 961 2682 ambulantium
985 2650 1044 2681 lae-
1090 2648 1188 2689 junci
1205 2652 1282 2678 sunt
1299 2647 1469 2687 palustres
1486 2645 1558 2675 sine
1574 2642 1682 2674 nodo:
1707 2641 1796 2672 unde

345 2701 439 2732 deus.
483 2700 682 2740 Scrupulus,
699 2701 773 2740 ejus
795 2700 1044 2738 diminutivum,
1098 2697 1322 2728 Proverbium
1347 2700 1400 2727 est
1427 2695 1469 2725 de
1491 2694 1542 2725 his
1565 2693 1622 2734 qui
1644 2693 1677 2724 in
1694 2691 1795 2724 rebus

346 2761 408 2792 per
425 2752 681 2782 translationem
707 2751 875 2790 significat
902 2750 1043 2782 difficul-
1097 2747 1198 2779 claris
1214 2746 1406 2788 scrupulum
1422 2749 1589 2787 quaerunt.

348 2806 468 2842 tatem,
483 2801 684 2840 molestiam,
700 2800 849 2832 dubium.
