1903 3306
552 244 778 277 Eunucm
811 243 923 273 xor.
944 241 1016 271 ιιι.
1049 241 1117 271 se.
1143 241 1170 270 1.
1499 227 1584 267 445

141 346 235 389 GN.
266 342 455 385 Gestire.
513 340 606 382 ΤΗ.
637 339 787 381 Vero:
819 336 994 378 credere
1012 346 1179 375 omnem
1201 333 1453 382 exercitum,

141 412 354 454 Consilia.
414 408 507 450 GN.
540 408 718 448 Mirum.
777 405 867 445 ΤΗ.
898 404 1012 444 Tum
1035 401 1179 441 sicubi
1201 413 1297 440 eum
1319 399 1456 439 satias

142 478 402 526 Hominum,
422 479 497 516 aut
516 475 657 527 negoti
679 472 899 526 siquando
921 471 1070 511 odium
1095 471 1287 521 ceperat,

141 545 441 598 Requiescere
458 542 534 583 ubi
555 542 756 591 volebat3
778 539 932 593 quasi:
951 534 1148 576 nostin'?
1210 533 1303 574 GN.
1336 533 1464 573 Scio:
1534 532 1591 571 15

143 612 286 664 Quasi
311 611 388 651 ubi
419 610 538 651 illam
566 611 802 662 exspueret
833 605 1054 646 miseriam
1079 615 1138 643 ex
1163 601 1322 642 animo.
1381 599 1474 639 ΤΗ.
1504 598 1591 638 Te-

310 690 403 718 neS.

141 745 256 786 Tum
276 757 347 784 me
368 742 596 783 convivam
618 740 759 781 solum
782 737 1031 779 abducebat
1052 734 1153 776 sibi.
1214 732 1306 774 GN.
1339 731 1460 772 Hui!

144 811 316 866 Regem
337 810 581 862 elegantem
602 820 769 848 narras,
826 805 920 846 ΤΗ.
952 803 1095 844 Immo
1119 802 1185 842 sic
1206 800 1335 841 homo
1353 803 1425 840 est

143 934 214 975 ΤΗ.
237 933 374 965 Scilicet.
420 932 490 963 GN,
517 929 681 968 Gestabat,
695 928 767 959 adeo
782 927 975 958 vehementer
991 928 1021 956 te
1046 923 1178 954 amabat.
1223 922 1295 953 ΤΗ.
1321 921 1372 951 Ita
1387 924 1442 951 est.
1487 919 1597 949 Totum

142 974 482 1015 exercitumvneaefidez'
497 972 713 1008 committebat,
737 970 863 1011 consilia
888 978 964 999 meae
986 967 1169 1007 pradentiae.
1215 965 1285 996 GN.
1311 964 1350 994 Id
1371 961 1596 994 admirandum.

106 1047 109 1051 ,
143 1019 211 1049 ΤΗ.
236 1019 326 1055 Tum,
340 1017 436 1047 sicubi
442 1015 576 1054 fastidio
591 1014 746 1045 hominum
765 1017 819 1043 aut
842 1011 933 1042 toedio
954 1009 1145 1048 negotiorum
1162 1008 1333 1044 tenebatur,
1345 1007 1373 1036 si
1390 1004 1503 1046 quietis
1518 1002 1598 1033 desi-

144 1061 230 1092 derio
249 1060 434 1101 capiebatur,
455 1058 558 1098 quasi:
584 1057 703 1087 scisne?
750 1056 819 1086 GN.
846 1053 943 1089 Quasi
959 1053 1076 1092 quando
1097 1053 1245 1082 evomeret
1272 1049 1356 1079 illam
1377 1047 1545 1078 molestiam
1560 1054 1599 1075 ex

144 1103 258 1134 animo.
302 1103 372 1133 ΤΗ.
400 1101 510 1132 Nosti:
533 1103 606 1130 tunc
628 1109 674 1129 me
698 1099 794 1129 solum
820 1096 982 1127 abductum
1007 1103 1121 1125 mensoe
1143 1093 1280 1123 comitem
1307 1091 1479 1121 adhibebat.
1525 1088 1596 1118 GN.

147 1145 242 1177 Hui!
265 1145 385 1184 Regem
396 1143 528 1184 lepidum
542 1151 699 1173 memoras.
743 1141 811 1171 ΤΗ.
835 1139 945 1177 Immo,
964 1137 1009 1168 sic
1032 1138 1117 1167 homo
1140 1137 1330 1175 comparatus
1350 1136 1418 1169 est;
1438 1140 1600 1172 per-pauco-

755 1243 995 1258 eeeeeeeeeeee

145 1327 179 1358 in
193 1330 225 1357 te
238 1329 284 1357 est
301 1324 344 1356 G.
363 1324 442 1355 EM.
466 1323 516 1354 Id.
542 1324 575 1354 in
598 1323 681 1353 Add.
728 1321 791 1356 Qui
813 1320 879 1360 legi
909 1319 1034 1349 debere
1063 1321 1097 1347 et
1125 1325 1242 1346 versus
1267 1318 1301 1345 et
1326 1314 1399 1353 ipsa
1435 1311 1600 1343 Latinitas

147 1369 344 1400 ostendunt.
371 1367 449 1398 Gov.
495 1365 675 1396 Veterrimi
701 1365 824 1403 quique
851 1362 986 1393 codices
1017 1364 1051 1391 et
1080 1363 1213 1389 veteres
1240 1355 1464 1388 Grammatici
1491 1355 1602 1389 Quod.-

148 1411 235 1443 bene
248 1410 391 1448 factum,
412 1416 446 1439 et
460 1409 523 1438 lroc
542 1417 652 1437 veram
671 1407 763 1436 nobis
781 1406 958 1436 lectionem
977 1402 1206 1438 conservavit,
1231 1410 1329 1440 quam
1348 1409 1366 1429 a
1395 1397 1509 1428 multis
1531 1397 1604 1435 jam

148 1454 283 1485 saeculis
300 1452 540 1492 discipulorum
559 1450 666 1490 gratia
683 1452 907 1487 corruperant
924 1445 1097 1481 Magistri.
1143 1445 1235 1482 Lego
1255 1443 1356 1479 enim,
1380 1440 1431 1480 qui
1453 1440 1498 1469 sal
1513 1438 1602 1469 habet

151 1496 242 1532 Quod
270 1496 303 1526 in
333 1498 364 1525 te
391 1498 448 1524 est.
492 1491 588 1523 ‘Sal'
620 1493 697 1522 olim
733 1500 858 1530 genere
889 1494 1009 1520 neutro
1038 1491 1124 1517 erat.
1171 1487 1228 1516 Pr.
1253 1495 1285 1525 p.
1303 1487 1378 1515 644.
1406 1482 1500 1513 salem
1527 1490 1604 1520 gen.

150 1548 253 1570 masc.
268 1548 309 1567 ex
325 1537 479 1567 hocloco
497 1536 595 1572 citat,
621 1535 683 1569 Qui
707 1534 796 1564 habet
820 1533 924 1570 salem,
946 1532 1024 1571 quod
1044 1530 1076 1560 in
1101 1533 1131 1559 te
1155 1531 1220 1559 est:
1245 1534 1278 1557 et
1305 1527 1419 1557 addit:
1445 1526 1454 1541 ‘
1470 1524 1605 1555 Inveni-

149 1586 254 1612 untur
269 1585 381 1611 tamen
397 1578 532 1619 qnidam
549 1576 780 1611 vetustissimi,
796 1576 896 1606 etiam
914 1578 1036 1604 neutro
1053 1581 1175 1610 genere
1197 1571 1260 1600 hoc
1285 1566 1492 1610 protulisse!
1536 1567 1605 1597 Cur

152 1629 266 1654 autem
283 1621 528 1652 vetustissimi?
551 1619 609 1660 qui
625 1619 788 1649 Terentio
817 1617 1022 1655 posteriores
1049 1615 1153 1644 multo
1177 1617 1267 1643 sunt.
1311 1614 1320 1628 ‘
1337 1611 1414 1642 Sal’
1441 1608 1604 1649 syllabam

151 1665 353 1706 productam
384 1673 457 1693 esse
487 1662 585 1693 testis
615 1661 710 1691 Beda
735 1661 777 1691 de
805 1659 927 1691 Meti-is
954 1668 988 1698 p.
1015 1660 1112 1688 2359.
1135 1657 1230 1686 Bent.
1267 1654 1322 1694 qui
1349 1654 1408 1684 dat
1431 1661 1541 1690 magno
1572 1651 1606 1681 in

151 1717 200 1739 vs.
228 1710 260 1738 9.
291 1706 350 1737 ubi
381 1706 464 1744 legit
493 1704 655 1735 Bothius:
680 1713 824 1740 magnam
850 1702 958 1732 alieno.
1003 1699 1117 1730 ‘Male
1147 1698 1202 1728 alii
1235 1697 1298 1732 Qui
1323 1697 1356 1726 in
1382 1700 1412 1726 te
1438 1694 1506 1725 est!
1530 1693 1607 1733 Bip.

155 1750 219 1786 Qui
234 1750 294 1780 ΒΓ.
337 1748 391 1778 Sal
406 1748 495 1778 habet
510 1747 610 1778 Both.
657 1746 727 1776 Pro
744 1747 931 1776 transmovet
948 1744 1027 1772 dant
1044 1740 1197 1778 transfert
1209 1740 1243 1771 J.
1262 1745 1295 1769 et
1309 1739 1463 1769 Venetus
1483 1736 1557 1767 cod.
1572 1740 1607 1766 et

153 1801 217 1833 pro
243 1791 368 1822 Scilicet
394 1791 452 1821 (lat
479 1789 517 1820 Si
541 1789 612 1820 licet
640 1798 723 1819 unus
748 1788 906 1818 pah—12
933 1786 1057 1816 Gestire
1084 1784 1167 1814 Mss.
1196 1782 1329 1822 plurimi
1346 1791 1420 1811 cum
1438 1779 1608 1815 editorum

178 1833 454 1865 raestantissimis.
496 1830 771 1862 Subaudiendum
789 1834 914 1865 autem,
938 1828 1064 1858 habere
1087 1827 1140 1856 vel
1167 1824 1269 1855 ferre.
1316 1824 1428 1863 Vulgo
1447 1832 1521 1852 curn
1541 1821 1608 1851 Ms.

183 1877 248 1917 ips.
279 1875 457 1916 Librisque
487 1874 570 1909 aliis,
600 1877 737 1913 gestare,
771 1871 905 1912 quando
932 1870 1061 1909 ellipsis
1092 1868 1195 1899 nulla.
1240 1866 1321 1904 Alii,
1353 1866 1475 1896 Verum.
1499 1865 1608 1894 west.

155 1919 283 1951 Omnes
299 1918 373 1948 libri
391 1921 557 1958 quotquot
572 1921 664 1952 sunt,
687 1920 722 1946 et
739 1914 867 1954 antiqui
884 1918 918 1944 et
935 1917 1103 1949 recentes,
1119 1917 1187 1940 tum
1204 1908 1368 1947 Terentii,
1387 1914 1455 1938 tum
1467 1906 1608 1945 Donati,

150 1961 277 1993 habent
292 1960 428 1992 Ges-lire.
459 1960 566 1991 Quam
584 1959 666 1989 lect.
684 1957 919 1993 admittentes,
936 1964 1156 1994 exponemus,
1174 1953 1287 1982 laetnm
1306 1960 1392 1986 esse,
1409 1955 1443 1980 et
1460 1948 1610 1989 gaudere

155 2013 198 2035 ex
215 2004 390 2040 convictu,
409 2003 541 2032 scilicet
568 2006 639 2031 tuo.
666 2000 725 2030 Fa.
771 1999 887 2029 Codex
916 2003 1029 2028 tamen
1052 1995 1249 2032 Bembinus,
1282 1993 1413 2024 Bembo
1439 1996 1610 2030 narrante,

157 2046 308 2077 Gestare:
332 2050 433 2085 atque
451 2045 498 2074 ita
514 2043 579 2073 dno
597 2053 637 2073 ex
654 2041 777 2072 nostris
793 2040 977 2070 veterrimi.
1025 2039 1143 2076 Miror,
1158 2038 1213 2077 qui
1234 2036 1381 2067 Faernus
1396 2035 1512 2065 dehac
1530 2034 1610 2064 lect.

156 2088 314 2119 dubitare
330 2087 491 2127 potuerit.
516 2086 612 2116 Bent.
660 2085 728 2114 Pro
748 2084 871 2122 Verum,
895 2083 990 2112 Bem.
1005 2081 1121 2116 habet,
1142 2080 1237 2110 Vero.-
1262 2088 1336 2118 quae
1354 2087 1419 2107 vox
1443 2081 1495 2107 est
1522 2085 1610 2106 asse-

156 2128 320 2168 verantis,
353 2134 389 2160 et
418 2131 449 2160 in
483 2127 653 2168 principio
684 2126 847 2156 orationis
876 2124 1011 2164 ponitur
1042 2123 1083 2153 ab
1110 2122 1350 2161 respondente..
1386 2120 1445 2150 Fa.
1490 2118 1611 2149 Nostri

157 2182 273 2203 omnes
295 2173 419 2209 Verum,
443 2176 475 2201 et
492 2174 596 2201 recte.
621 2170 718 2200 Bent.
767 2167 891 2198 Gestire
907 2167 987 2197 Par.
1016 2166 1099 2195 Perl.
1146 2164 1200 2194 Al.
1220 2163 1303 2193 Mss.
1322 2167 1357 2193 et
1374 2162 1452 2192 edd.
1473 2161 1612 2197 Gestire,

158 2216 258 2246 male.
295 2215 369 2255 Rip.
417 2214 572 2244 Gestare?
596 2217 631 2243 et
662 2211 774 2242 Verum
807 2210 887 2239 dant
911 2209 970 2239 Br.
998 2208 1099 2238 Both.
1147 2207 1279 2236 Gestare
1308 2210 1342 2235 et
1375 2205 1488 2235 Verum
1518 2204 1611 2233 Perl.

164 2257 343 2288 Exercitum
358 2266 446 2287 snum
460 2253 575 2286 Guelf.
592 2256 709 2285 2.-13
727 2252 834 2283 Satias
849 2257 902 2281 est
920 2252 950 2280 in
968 2251 1052 2281 Mss.
1069 2254 1102 2279 et
1121 2249 1219 2279 editis
1238 2246 1493 2287 probatissimis,
1509 2247 1612 2275 etiam

159 2300 348 2331 anni=l469.
366 2300 478 2339 itaque
495 2296 631 2334 flagitat
646 2300 802 2326 metrum.
850 2293 916 2324 Alii
931 2299 1043 2323 tamen
1072 2302 1146 2322 cum
1164 2292 1302 2321 Donato
1328 2290 1456 2320 satietas
1484 2290 1612 2327 legunt.

164 2341 266 2374 West.
311 2341 450 2372 satietas
466 2341 525 2370 ΒΓ.
545 2339 584 2370 Ζ.
601 2340 704 2369 Bent.
720 2338 797 2376 Rip.
814 2336 915 2367 Both.
945 2336 1035 2366 Perl.
1084 2335 1126 2364 Et
1151 2333 1277 2363 consilia
1305 2332 1448 2362 Bra—14
1473 2329 1509 2360 Si
1535 2330 1614 2369 quod

160 2385 256 2414 otium
273 2384 345 2414 ΕΡ.
373 2384 468 2414 W‘est.
514 2382 551 2412 Si
566 2382 668 2411 odium
684 2381 802 2420 quando
818 2377 957 2409 Both.-—
967 2381 1018 2408 15.
1038 2379 1077 2407 16
1103 2376 1174 2406 Hos
1193 2376 1286 2405 binos
1304 2383 1419 2404 versus
1443 2372 1613 2403 facessere

153 2426 441 2466 jubetGuyetus,
467 2429 586 2464 utpote
601 2423 760 2453 Terentio
775 2421 940 2460 indignos.
985 2420 1051 2450 Sed
1069 2425 1104 2449 et
1121 2423 1200 2458 apte
1224 2417 1410 2454 cohaerent,
1434 2419 1468 2446 et
1491 2415 1613 2446 Latine

162 2467 246 2499 dicti
272 2473 360 2507 sunt,
384 2473 419 2498 et
443 2467 619 2497 firmantur
642 2465 849 2495 auctoritate
875 2463 960 2493 Mss.
985 2466 1020 2492 et
1043 2461 1179 2491 Donati.
1206 2460 1299 2490 West.
1345 2459 1538 2497 Inter-rogat
1555 2457 1614 2488 ΒΓ.

162 2515 242 2551 post
267 2509 509 2542 ‘Tenes.’—17
535 2507 709 2540 Adhibebat
740 2507 783 2538 G.
812 2505 881 2537 ET.
909 2505 990 2536 EM.
1028 2504 1211 2534 West.—18
1247 2503 1336 2541 Lege
1366 2506 1402 2532 et
1432 2500 1616 2540 distingue,

819 2601 848 2631 N
857 2599 959 2630 OTAE

208 2673 248 2703 12
264 2669 388 2700 Gestire
405 2666 569 2709 [Gestare]
594 2666 675 2705 Pro,
693 2664 859 2706 gestabat.
959 2665 1000 2693 16
1025 2661 1124 2697 Quasi
1141 2661 1191 2691 ubi
1206 2661 1292 2692 illam
1310 2662 1471 2700 exspueret
1495 2659 1613 2690 miseri·

165 2721 322 2751 Muretus
340 2719 406 2749 ait:
433 2718 523 2748 Male
547 2717 579 2747 in
594 2716 760 2747 nonnullis
777 2714 860 2754 legi·
915 2711 980 2752 am]
1003 2714 1012 2729 ⁶
1026 2710 1225 2750 Miserimnf
1245 2710 1275 2741 id
1293 2716 1357 2745 est,
1373 2709 1558 2741 fastidium.

168 2777 223 2804 tur
243 2769 381 2802 Gestire.
