1903 3306
342 232 426 275 172
741 241 1029 275 JOACHIMUS
1063 243 1391 275 CAMERARIUS

507 335 697 383 Exclusit,
718 342 886 382 revocat,
906 336 1093 375 redeam?
1121 350 1198 375 non
1221 338 1252 375 si
1272 351 1333 376 me
1354 339 1543 376 obsecret.

343 421 420 465 Qui
439 435 588 470 ve1·suS‚
607 422 638 460 si
658 421 850 473 producas
870 422 1139 473 penultimam,
1158 422 1230 460 erit
1249 422 1467 474 dactylicus
1491 421 1741 464 σπονδαῗέων.

500 507 595 544 Tres
614 519 730 544 unam
750 513 914 558 pereunt
933 506 1203 545 adolescentes
1223 506 1420 546 mulierem
1438 521 1447 545 ε

342 591 463 629 Totus
497 591 730 642 dactylicus,
759 597 900 642 praeter
928 590 1106 630 ultimum
1140 591 1323 630 iambum.
1395 592 1482 630 Hoc
1517 604 1642 643 genus
1675 598 1713 630 et
1745 592 1796 630 ad

343 655 562 693 octonarios
582 654 810 706 producitur
831 668 854 693 a
875 655 1060 702 Cornicis,
1094 655 1159 706 qui
1190 662 1281 693 sunt
1301 656 1560 707 τετράμετροιε
1590 669 1613 694 a
1648 656 1795 694 Latinis

344 719 457 757 etiam
479 718 659 769 quadrati
678 724 879 757 vocantur.
935 719 1067 757 Habet
1101 719 1207 770 apud
1239 719 1400 757 eosdem
1435 725 1476 756 et
1504 720 1714 766 κατάληξιν,
1745 719 1799 756 ita

344 787 388 819 ut
408 782 457 819 ad
479 782 673 820 senarium
693 782 851 821 additus
872 782 1188 834 amphibrachys,
1207 782 1247 821 id
1267 789 1341 829 est,
1361 782 1512 834 syllaba
1530 782 1659 821 brevis
1679 782 1800 833 longa
1848 782 1857 786 “

342 846 501 884 brevis:
532 853 600 884 aut
630 847 831 895 bacchius,
863 847 902 885 id
934 854 1008 894 est,
1043 847 1195 900 syllaba
1211 847 1340 885 brevis
1359 846 1492 897 longa,
1525 845 1680 895 (ultima
1699 845 1799 884 enim

345 908 495 961 syllaba
514 910 637 948 omnis
657 924 792 949 versus
813 917 874 949 est
892 911 1147 960 indifferens,)
1166 910 1241 949 hoc
1260 923 1443 948 numeros
1462 909 1638 960 perficiat
1654 923 1663 948 :

505 995 606 1033 Nam
627 995 659 1033 si
679 996 876 1033 remittant
894 995 1094 1048 quippiam
1114 995 1383 1034 Philumenam
1401 1008 1410 1032 :

343 1077 407 1117 hic
437 1086 498 1117 est
526 1084 722 1131 τρίμετρος.
777 1080 985 1119 Addantur
1003 1081 1081 1119 illae
1102 1089 1180 1119 tres
1202 1080 1378 1132 syllabae,
1415 1084 1424 1101 ‘
1443 1078 1625 1126 dolores:
1658 1084 1697 1117 et
1728 1079 1802 1117 erit

338 1143 421 1193 jam
441 1144 676 1194 τετράμετροε
694 1147 964 1191 καταληκτικός.
1004 1144 1106 1182 Nam
1125 1145 1163 1181 in
1183 1144 1258 1182 hoc
1279 1157 1420 1195 genere
1441 1143 1504 1181 alii
1524 1142 1660 1194 pedes,
1681 1154 1800 1193 quam

346 1208 694 1259 supramemorati,
724 1221 802 1246 non
836 1209 1097 1246 nominantur.
1155 1207 1235 1246 Sed
1265 1221 1390 1259 neque
1411 1213 1615 1245 servarunt
1632 1206 1723 1253 hoe,
1757 1212 1802 1243 ut

346 1278 435 1309 ante
457 1273 653 1318 κατάληξιν
672 1285 824 1322 semper
844 1279 947 1310 esset
966 1273 1141 1310 iambus:
1173 1285 1301 1322 neque
1321 1284 1398 1309 non
1419 1283 1489 1323 pro
1510 1270 1663 1321 syllaba
1681 1269 1801 1320 longa

347 1335 577 1373 catalectica
599 1348 703 1386 saepe
724 1336 823 1374 duas
840 1337 976 1374 breves
997 1343 1237 1387 posuerunt:

508 1420 673 1473 AEdepol
694 1421 870 1469 lenones,
889 1435 975 1460 meo
996 1423 1138 1469 animo,
1159 1421 1315 1467 novisti,
1336 1420 1460 1458 Lusce
1478 1418 1619 1471 lepide.

349 1505 451 1544 Ante
470 1507 668 1554 κατάληξιν
685 1507 887 1559 τρίβραχυς
905 1514 966 1546 est
981 1522 990 1546 ε

510 1592 695 1630 Tacuisse
713 1592 929 1640 mavellem,
947 1591 1052 1630 haud
1074 1592 1176 1630 male
1195 1590 1383 1629 meditate
1403 1588 1503 1627 male
1524 1588 1695 1626 dicaces.

352 1675 453 1715 Ante
475 1677 672 1724 κατάληξιν
691 1683 751 1715 est
771 1677 982 1729 spondaeus
1000 1691 1009 1716 :

511 1762 618 1800 Bene
636 1775 708 1813 ego
727 1763 839 1800 istam
859 1763 975 1802 eduxi
996 1776 1093 1801 meae
1115 1761 1232 1808 domi,
1253 1767 1292 1799 et
1309 1759 1573 1812 pudice.—

639 1826 679 1863 Si
700 1826 815 1877 hujus
837 1826 1006 1864 miseret.

354 1913 456 1950 Ante
477 1912 673 1958 κατάληξιν
691 1918 751 1949 est
771 1911 950 1960 dactylus
968 1925 977 1949 z

514 1997 724 2046 Nunquam
745 2007 805 2034 me
826 2009 955 2034 orares
975 1997 1067 2047 quin
1089 1996 1222 2034 darem
1241 2009 1250 2034 ι
1281 2007 1384 2032 nunc
1413 1992 1520 2031 illum
1542 1997 1579 2030 te
1599 2002 1706 2029 orare
1725 2002 1805 2028 me·

618 2060 693 2098 lius
715 2069 788 2097 est.

356 2149 366 2167 ζ
384 2144 473 2183 Lius
495 2152 555 2183 est
569 2146 578 2158 ‘
599 2145 637 2183 in
659 2158 775 2183 unam
796 2145 985 2197 syllabam
1005 2150 1276 2183 concrescunt.
1334 2142 1386 2179 Hi
1405 2153 1540 2179 versus
1561 2137 1806 2190 appellantur

355 2209 619 2261 hipponaetei‚
654 2210 701 2246 ab
732 2217 902 2255 auctore,
923 2217 961 2246 et
980 2209 1113 2246 Latine
1135 2206 1370 2259 septenarii:
1400 2212 1482 2243 tum
1503 2203 1618 2249 enim,
1639 2201 1807 2239 Priscia-

357 2286 430 2310 nus
451 2274 516 2319 ait,
537 2273 750 2310 Varronem
772 2272 987 2323 scripsisse,
1015 2273 1096 2309 fieri
1126 2270 1400 2322 septenarium,
1433 2281 1521 2306 cum
1541 2266 1592 2305 ad
1612 2263 1806 2304 senarium

357 2337 563 2375 iambicum
581 2337 804 2388 trisyllabus
824 2349 892 2386 pes
914 2335 1094 2382 addatur,
1115 2335 1189 2373 hoc
1208 2333 1324 2372 modo
1343 2346 1353 2370 ι

521 2427 623 2472 Quid
644 2427 931 2466 immerentibus
951 2426 1096 2465 noces?
1126 2425 1219 2477 quid
1241 2423 1390 2462 invides
1412 2421 1576 2461 amicis?

360 2518 468 2556 Talia
489 2525 580 2556 sunt
599 2518 884 2570 Aristophanen
902 2520 939 2556 in
960 2519 1090 2563 Pluto,
1110 2530 1272 2569 quorum
1293 2517 1455 2568 primum
1476 2514 1549 2551 hoc
1568 2525 1578 2549 t

513 2601 563 2640 ³ss
582 2606 706 2641 πολλὰ
726 2602 769 2648 δὴ
789 2608 836 2655 τῷ
857 2603 1016 2658 δεσπότῃ
1035 2603 1167 2641 ταύτὸν
1186 2605 1300 2653 θύμον
1318 2602 1512 2652 φαγόντες.

362 2696 615 2734 Trochaicum
637 2708 791 2733 carmen
823 2703 882 2733 est
909 2696 1114 2734 iambicum
1150 2699 1453 2734 commutatum:
1484 2687 1677 2726 trochaeus
1698 2697 1806 2723 avo-

363 2759 551 2797 lubilitate
573 2765 610 2797 ct
630 2759 775 2797 ratione
797 2772 934 2797 nomen
956 2760 1084 2805 habet,
1115 2759 1330 2798 contrarius
1356 2768 1423 2807 pes
1445 2753 1586 2799 iambo,
1621 2755 1806 2788 constans
