1903 3306
336 186 422 228 376
835 196 871 226 Ρ,
902 196 1143 226 TERENTII
1179 198 1295 228 ΛΕΜ

338 289 404 330 S1.
436 288 582 340 Quasi
604 290 841 344 quicquam
862 291 904 331 in
925 291 1039 332 hunc
1054 291 1148 344 jam
1171 292 1349 344 gravius
1371 292 1458 334 dici
1482 295 1669 348 possiet.

336 356 441 397 Ain'
462 357 672 410 tandem?
705 358 817 398 civis
838 356 1091 411 Glycerium
1111 356 1195 399 'st't
1257 359 1344 400 PA.
1378 360 1450 401 Ita
1468 362 1728 415 praedicant.

338 424 407 465 S1.
439 424 510 465 Ita
529 425 811 477 praedicant?
844 438 870 465 o
890 425 1110 477 ingentem
1133 426 1467 469 confidentiam!
1679 439 1682 441 ’
1758 435 1787 474 5

339 490 461 531 Num
483 492 647 543 cogitat
663 492 771 544 quid
792 491 938 532 dicat?
971 505 1075 533 num
1094 492 1204 534 facti
1222 494 1369 547 piget?

337 556 460 598 Num
482 558 576 611 ejus
599 559 721 600 color
740 558 925 612 pudoris
946 559 1119 612 signum
1139 573 1327 614 usquam
1346 561 1548 605 indicat?

335 624 508 682 Adeon’
529 626 760 678 impotenti
780 638 876 666 esse
897 626 1057 676 animo,
1077 630 1308 680 ut‘praeter
1329 629 1492 670 civium

336 680 510 732 Mofem
531 697 666 745 atque
687 694 843 745 legem,
862 698 907 733 et
929 694 999 734 sui
1020 695 1287 736 voluntatem
1310 697 1467 749 patris,

334 758 503 799 Tamen
523 759 637 800 hanc
657 759 817 801 habere
839 760 1014 813 stu-(leat
1034 774 1136 802 cum
1157 775 1330 804 summo
1351 763 1546 817 probro?
1731 766 1786 807 10

337 825 424 866 PA.
456 826 533 866 Me
550 828 759 869 miserum
776 829 785 869 Ξ
847 827 913 868 S1.
946 828 1090 870 Hem!
1135 830 1323 873 modone
1353 832 1400 872 id
1435 831 1608 873 demum
1635 834 1787 884 sensti,

507 893 740 948 Pamphile
755 896 773 936 ‘t
1350 892 1405 911 '‘⁹''

336 959 453 1000 Olim
475 961 606 1011 istuc,
629 962 749 1012 olim,
772 976 874 1003 cum
891 963 957 1022 ‚ita
978 964 1173 1004 animum
1192 964 1365 1006 induxti
1386 970 1524 1025 tuum,

268 1063 277 1068 ,
337 1026 470 1077 Quod
491 1042 692 1082 cuperes,
714 1030 862 1084 aliquo
883 1018 1018 1084 fffi‘cto
1039 1030 1314 1072 efficiundum
1336 1033 1441 1085 tibi3

334 1188 424 1217 quam
439 1183 585 1219 meretur,
600 1180 634 1210 in
645 1180 724 1211 lzunc
738 1181 801 1211 dici
814 1180 922 1220 possit.
954 1181 1039 1211 Tune
1052 1182 1176 1212 tandem
1191 1181 1238 1213 ais
1252 1182 1433 1224 Glycerium
1445 1192 1509 1214 esse
1517 1183 1614 1215 civem
1622 1184 1786 1218 Atticam?

335 1220 402 1252 PA.
436 1222 489 1252 Ita
516 1223 632 1253 dicunt.
676 1224 726 1254 St.
751 1224 842 1254 Itane
864 1224 971 1254 dicunt
984 1222 998 1255 ,7
1022 1234 1038 1252 ο
1064 1224 1218 1262 insignem
1239 1226 1400 1257 audaciam
1411 1226 1426 1257 Ι
1460 1227 1545 1257 Num
1565 1227 1686 1265 cogitat
1709 1229 1784 1268 quid

334 1265 439 1294 debeat
455 1263 582 1297 dicere?
608 1266 691 1296 Num
698 1266 783 1303 sacti
795 1265 951 1307 poenitet?
980 1266 1070 1306 Vide,
1087 1277 1160 1297 num
1185 1267 1250 1304 eJ'us
1264 1269 1345 1298 color
1363 1269 1491 1309 pudoris
1514 1270 1636 1310 aliquod
1660 1270 1784 1309 signnm

334 1307 521 1337 demonstrat
539 1309 571 1339 in
587 1311 651 1339 toto
668 1307 778 1341 vultu?
800 1310 914 1340 adeone
928 1309 1090 1348 impotenti
1117 1313 1162 1340 est
1177 1310 1278 1340 animo
1293 1313 1440 1341 adversus
1453 1312 1640 1352 cupiditates
1652 1322 1736 1352 suas,
1749 1316 1785 1344 ut

332 1353 440 1380 contra
450 1350 590 1381 civitatis
602 1352 848 1383 consuetudi-nem
859 1359 888 1382 et
907 1353 1014 1390 legwn,
1028 1353 1132 1391 suique
1143 1353 1244 1392 patris
1257 1354 1454 1392 voluntatem,
1469 1357 1570 1386 tamen
1584 1355 1662 1386 hanc
1674 1355 1786 1386 habere

333 1394 457 1423 studeat
473 1403 541 1423 cum
555 1403 672 1424 summo
695 1396 839 1425 dedecore
853 1398 942 1435 atque
963 1393 1161 1433 ignominia?
1206 1395 1272 1427 ΡΑ.
1295 1397 1352 1426 Me
1364 1397 1534 1429 miserum!
1578 1397 1628 1430 St.
1652 1398 1786 1428 Modone

334 1433 367 1463 id
382 1437 505 1466 tandem
520 1437 644 1467 sensisti
656 1446 666 1471 ,·
691 1441 720 1468 te
734 1447 798 1468 esse
815 1438 979 1468 miserum?
1025 1437 1121 1476 Olim,
1142 1438 1226 1468 istud
1241 1439 1314 1469 olim
1329 1443 1403 1470 tunc
1418 1440 1533 1471 sentire
1547 1440 1694 1479 debuisti,
1717 1450 1786 1471 cum

334 1478 497 1509 decrevisti
522 1479 623 1520 aliquo
648 1481 735 1510 modo
758 1480 880 1521 exequi,
906 1481 986 1520 quod
1000 1489 1142 1520 cuperes:
1170 1482 1273 1512 eodem
1298 1483 1348 1513 die
1373 1483 1458 1514 istud
1483 1482 1606 1514 verbum
1631 1493 1702 1515 vere
1725 1482 1786 1514 tibi

935 1589 1033 1603 eetaee
1038 1591 1051 1602 e
1056 1590 1176 1603 mmo

335 1673 354 1700 4
380 1670 434 1701 Ηα
451 1680 513 1711 pro
524 1671 588 1703 Ain
604 1672 721 1704 Guelf.
733 1676 830 1704 2.——6
855 1672 949 1705 Alias
963 1675 1071 1715 pudet.
1089 1675 1146 1705 Er.
1191 1674 1246 1705 Sic
1263 1674 1376 1707 Guelf.
1391 1678 1486 1708 2.—⁷
1514 1675 1594 1707 Vide
1608 1685 1690 1706 num.
1715 1676 1785 1708 Do.

334 1713 420 1752 legit
434 1714 507 1745 sine
529 1715 618 1746 Vide.
635 1716 694 1746 Fa.
711 1717 796 1746 Num
808 1717 884 1754 ejus.
930 1717 1058 1748 Omnes
1084 1717 1210 1757 ubique
1238 1718 1391 1749 codices:
1422 1719 1501 1750 Vide
1521 1728 1604 1750 num.
1651 1718 1786 1758 Nempe

336 1756 496 1787 viderunt
514 1757 638 1797 aliquid
662 1760 770 1789 versui
789 1760 920 1791 deesse.
967 1760 1080 1799 Lego:
1098 1761 1255 1790 Numnam
1276 1761 1350 1797 ejus.
1378 1762 1478 1792 Rent.
1507 1761 1595 1791 Num
1607 1761 1688 1791 color
1702 1762 1784 1792 enim

333 1799 460 1837 pudoris
476 1799 573 1830 Both.
592 1800 648 1841 qui
666 1806 784 1832 notat:
806 1803 814 1818 ‘
827 1802 853 1832 C
868 1806 1031 1842 sequente
1045 1812 1092 1832 vs.
1113 1802 1231 1832 Adeon'
1243 1803 1334 1834 enim.
1381 1803 1457 1834 Hoc
1477 1803 1558 1833 enim
1574 1803 1663 1840 hinc,
1674 1804 1707 1834 ni
1725 1803 1785 1834 fal-

335 1841 400 1879 lor,
416 1841 570 1872 excidit.'
619 1844 693 1873 Vide
706 1854 778 1874 mim
794 1844 896 1875 habet
912 1845 972 1876 ΒΥ,
1002 1845 1076 1875 Vide
1092 1854 1152 1875 non
1169 1844 1285 1876 Guelf.
1301 1848 1398 1876 2.—8
1413 1845 1499 1876 Adeo
1511 1845 1687 1885 impotente.
1701 1845 1746 1877 Ο.
1762 1847 1785 1877 l.

337 1892 365 1914 s,
391 1884 520 1920 Acleon;
548 1894 646 1923 quam
672 1890 785 1916 tamen
809 1887 991 1917 dictionem
1022 1887 1196 1927 oportebit
1219 1897 1280 1927 per
1303 1887 1470 1927 synizesin
1494 1888 1706 1919 contrahere.
1723 1889 1783 1920 Fa.

336 1924 457 1966 Apage
472 1927 646 1967 Synizesin
664 1928 760 1959 istam
774 1928 883 1960 Adon:
909 1929 1101 1969 Legendum
1115 1928 1201 1959 Adeo
1217 1930 1379 1969 inpotenti.
1405 1930 1592 1961 Bent.——-10
1610 1930 1651 1961 R.
1671 1930 1786 1961 Tamen

336 1968 447 1999 habere
462 1970 565 2009 cupiat
581 1980 649 2000 cnm
661 1981 686 2001 s,
700 1981 732 2011 p.
757 1971 855 2002 Lind.
900 1972 970 2002 Pro
986 1973 1107 2002 studeat
1125 1972 1157 2001 in
1183 1972 1238 2003 ed.
1262 1972 1475 2012 Sandbyensi
1504 1972 1630 2012 legitur
1656 1973 1786 2012 cupiat,-

337 2011 426 2050 quod
453 2021 533 2042 sane
559 2012 686 2043 Simoni
714 2014 801 2044 irato
819 2013 932 2053 aptius
949 2014 1092 2046 videtur.
1115 2014 1211 2044 Zeun.
1258 2014 1374 2054 Capiat
1390 2019 1425 2045 et
1441 2015 1599 2045 Exn—lle
1612 2014 1708 2054 Hem,
1721 2025 1786 2046 mo·

334 2054 411 2083 done
425 2059 475 2084 est
492 2055 522 2084 in
540 2055 640 2085 editis
658 2056 904 2087 vetustissimis.
953 2058 999 2087 Et
1014 2058 1149 2087 videtur
1167 2058 1374 2096 appositum.
1404 2057 1474 2087 Pro
1489 2056 1585 2087 sensti
1607 2057 1694 2088 Mss.
1713 2058 1786 2097 qui-

336 2095 413 2125 dam
428 2102 463 2127 et
481 2097 564 2127 editi
579 2098 705 2128 sensisti
731 2099 860 2138 legunt.
890 2100 984 2131 West.
1022 2100 1168 2130 Modone.
1197 2099 1239 2130 Ο.
1256 2099 1277 2129 Ι.
1296 2109 1323 2130 s.
1347 2104 1518 2140 quotquot
1544 2098 1625 2135 vidi,
1648 2099 1787 2139 habent,

337 2138 432 2179 Hem,
446 2141 525 2172 mod.
557 2141 617 2171 Fa.
661 2141 717 2172 Sic
734 2147 770 2172 et
786 2142 890 2174 nostri
905 2152 1030 2173 omnes.
1053 2142 1148 2172 Bent.
1194 2141 1335 2173 Omittit
1350 2142 1436 2173 Hem
1454 2142 1514 2173 ΒΓ.
1527 2146 1564 2173 et
1576 2142 1634 2172 dat
1648 2142 1786 2174 sensisti.

995 2248 1136 2281 NOTAE

379 2330 397 2358 7
425 2329 508 2359 Num
519 2328 584 2366 ejus
600 2330 695 2371 color]
722 2332 868 2363 Pudoris
880 2334 1034 2365 colorest
1089 2333 1190 2365 citur.

338 2377 441 2408 rubor
462 2379 495 2408 in
520 2378 621 2420 facie,
647 2381 735 2413 sicut
758 2383 887 2414 timoris
905 2386 1032 2424 pallor:

337 2428 427 2459 unde
444 2429 573 2461 Latinis
588 2430 598 2447 ‘
617 2431 822 2464 erubescere
833 2433 840 2445 '
855 2439 918 2473 est,
931 2435 1034 2475 pude-

337 2477 425 2517 fieri,
452 2478 584 2519 pudore
612 2479 769 2514 suffundi.
809 2483 940 2515 Graecis
970 2485 1034 2525 ἐρυ-

337 2528 432 2567 θριᾷν,
462 2528 656 2570 rubescere,
687 2531 776 2562 idem
809 2539 863 2564 est
893 2543 944 2573 ac,
976 2544 1036 2575 pu·

337 2577 432 2608 dere.

380 2630 400 2658 8
426 2627 595 2667 [inpotenti
612 2630 730 2670 animo]
753 2631 928 2673 Impotens
953 2633 1036 2666 dici-

339 2681 408 2717 tur,
446 2678 503 2718 qui
541 2679 608 2709 suis
644 2681 889 2720 cupiditatibus
931 2684 1035 2725 impe-

341 2735 415 2759 rare
431 2736 498 2758 non
514 2732 640 2769 potest.
685 2729 817 2764 Graecis
838 2732 970 2772 ἀκρατὴς
988 2734 1037 2766 di-

1131 2384 1256 2414 Proeter
1275 2383 1390 2415 civium
1414 2383 1534 2414 Morem
1558 2387 1651 2424 atque
1673 2385 1788 2425 legem]

1090 2434 1161 2464 Lex
1185 2438 1259 2464 erat
1285 2434 1428 2464 Athenis
1452 2444 1470 2464 a
1492 2434 1626 2465 Pericle
1648 2435 1730 2473 lata,
1743 2435 1788 2466 de

1090 2493 1159 2524 qua
1170 2483 1323 2514 meminit
1336 2483 1542 2515 Plutarchus
1554 2484 1588 2514 in
1598 2484 1671 2526 ejus
1683 2485 1766 2515 Vita
1778 2496 1788 2525 ;

1091 2544 1166 2575 quae
1193 2534 1334 2565 vetabat
1355 2534 1522 2566 connubia
1543 2544 1620 2565 cum
1637 2535 1790 2575 peregri-

1091 2584 1143 2615 nis
1160 2585 1320 2626 jungme,
1347 2590 1397 2624 ut,
1416 2585 1443 2616 si
1467 2585 1541 2625 quis
1564 2594 1632 2615 non
1648 2594 1689 2614 ex
1706 2584 1790 2616 (luo-

1090 2635 1153 2667 bus
1183 2635 1451 2667 Atheniensibus
1485 2640 1696 2676 nasceretur,
1728 2646 1789 2667 no-

1090 2686 1167 2716 thus
1184 2690 1289 2725 esset,
1306 2686 1472 2726 planeque
1495 2694 1619 2725 expers
1642 2687 1789 2718 omnium

1090 2736 1253 2767 honorum
1266 2735 1602 2777 magistratuumque.
