1903 3306
572 240 633 269 DE
668 240 851 270 METRIS
885 240 1095 270 commis.
1479 232 1564 274 207

114 346 199 384 gaS,
219 333 269 372 ad
290 332 445 384 singula
465 343 585 371 metra
605 333 804 384 paululum
828 333 1018 371 subsistas
1032 340 1184 385 oportet
1201 346 1209 376 ;
1241 335 1346 385 quod
1365 335 1396 372 si
1413 335 1563 379 feceris,

112 398 260 436 videbis
281 410 358 435 non
386 397 504 435 modo
536 397 681 435 nullam
713 398 751 435 in
786 398 912 435 medio
934 412 1046 435 versu
1077 409 1266 434 caesuram
1299 398 1393 443 fieri,
1426 398 1494 436 sed
1527 405 1566 435 et

113 461 268 511 singula
286 466 423 505 metra,
445 460 545 498 intra
578 474 668 499 suos
690 461 979 512 quodammodo
1009 461 1149 499 limites
1171 461 1371 508 conclusa,
1403 462 1564 512 integris

113 524 349 562 dictionibus
369 523 482 570 finiri,
504 525 558 562 ita
576 532 619 561 ut
634 538 826 574 nusquam
847 538 965 562 unum
982 525 1160 576 idemque
1180 526 1339 563 verbum
1358 526 1395 562 in
1414 526 1566 564 diversa

112 594 235 626 metra
265 586 525 625 distrahatur:
555 587 661 637 quod
682 588 797 625 etiam
817 588 854 625 in
885 588 985 625 veris
1019 588 1205 640 exemplis
1236 589 1464 640 plerumque
1484 589 1565 627 fieri

112 649 408 702 comperiemus,
428 657 472 688 ut
491 650 565 688 hoc
582 650 739 697 indicio,
761 652 792 689 si
820 650 979 689 dubium
1008 651 1218 703 aliquando
1246 653 1423 691 inciderit
1441 653 1565 703 (quod

111 714 304 753 interdum
323 714 382 762 fit)
411 713 460 752 ad
491 714 690 764 quodnam
717 728 842 765 genus
862 729 995 754 versus
1017 716 1241 753 referendus
1263 716 1325 761 sit,
1359 716 1566 753 iambicum

112 778 200 817 dico
219 791 268 816 an
289 777 544 825 trochaicum,
579 777 611 815 si
639 777 689 815 ad
711 778 951 816 trochaicum
979 792 1102 830 genus
1132 779 1359 817 reducendo
1391 780 1508 817 verba
1527 779 1564 816 in

111 849 317 881 metrorum
364 842 603 880 finitionibus
642 842 785 880 crebris
824 844 985 881 caesuris
1022 843 1256 890 incidantur,
1294 844 1368 882 hoc
1406 844 1565 894 inquam

111 905 256 945 indicio
277 906 372 944 satis
391 913 497 944 certo
528 907 714 957 cognosci
744 908 869 958 possit
895 908 1054 948 alterius
1076 921 1162 946 esse
1184 908 1349 959 generis.
1408 907 1461 946 Ut
1480 908 1565 946 haec

111 983 200 1021 quae
221 970 299 1008 dixi
318 970 432 1022 hujus
453 970 633 1008 carminis
662 970 817 1022 propria
848 984 934 1010 esse
967 971 1089 1011 lector
1110 972 1262 1010 facilius
1286 971 1566 1022 deprehendat,

109 1047 264 1074 versum
285 1048 400 1086 quem
423 1034 587 1086 exempli
607 1034 694 1072 loco
726 1034 872 1073 adduxi
903 1036 942 1073 in
961 1036 1206 1088 bisegmenta
1225 1036 1300 1074 hac
1331 1043 1424 1074 nota
1439 1042 1455 1087 Η
1485 1035 1567 1073 dis-

109 1098 220 1145 tinxi,
239 1099 483 1149 bisegmenta
502 1110 592 1136 vero
613 1098 650 1137 in
670 1105 793 1137 metra
811 1099 885 1137 hac
900 1115 958 1147 z,
977 1106 1101 1138 metra
1131 1099 1298 1151 denique
1318 1100 1357 1138 in
1377 1099 1498 1151 pedes
1519 1113 1567 1137 ex

112 1162 252 1213 quibus
271 1168 456 1201 constant
473 1161 547 1199 hac
563 1183 594 1199 -.
651 1163 781 1212 Atque
800 1162 937 1200 harum
970 1169 1148 1201 notarum
1177 1163 1337 1214 primam
1356 1176 1425 1215 per
1443 1169 1564 1201 totam

111 1226 214 1264 hanc
252 1225 460 1264 editionem
499 1225 538 1262 in
574 1226 746 1264 versibus
784 1228 1032 1274 tetrametris,
1070 1227 1136 1279 qui
1175 1227 1291 1265 etiam
1330 1226 1509 1277 quadrati
1546 1240 1568 1264 a

112 1289 260 1327 Latinis
292 1290 346 1328 rei
377 1290 549 1328 metricae
581 1290 833 1341 scriptoribus
855 1290 1048 1338 dicuntur,
1079 1304 1231 1341 semper
1252 1290 1439 1334 adhibui;
1469 1290 1567 1329 alias

110 1366 200 1392 vero
220 1353 319 1391 duas
349 1361 463 1391 notas
492 1354 536 1392 iis
557 1361 708 1392 tantum
737 1355 777 1392 in
804 1354 991 1402 locis,ubi
1012 1361 1175 1393 metrum
1195 1353 1417 1406 impeditius
1438 1354 1564 1393 visum

112 1424 185 1464 est,
215 1423 254 1455 et
278 1417 494 1457 molestiam
524 1418 696 1469 aliquam
725 1418 860 1458 lectori
888 1432 1024 1472 parum
1045 1420 1084 1457 in
1113 1419 1173 1457 his
1203 1418 1413 1457 exercitato
1433 1432 1565 1458 creare

110 1481 317 1532 potuisset.
952 1525 973 1541 ρ

167 1545 238 1583 His
267 1545 317 1583 de
345 1545 420 1583 hoc
460 1545 551 1583 ficto
580 1546 757 1598 exemplo
800 1546 928 1593 dictis,
974 1547 1024 1584 ad
1062 1546 1160 1584 illud
1197 1559 1289 1585 vera
1325 1546 1507 1597 quaedam
1546 1561 1567 1586 e

111 1609 292 1648 Terentio
322 1616 451 1647 sumta
471 1609 553 1660 jam
583 1610 876 1661 expendamus:
908 1611 1041 1662 qualia
1071 1617 1163 1649 sunt
1184 1610 1270 1648 haec
1301 1623 1348 1648 ex
1377 1611 1477 1649 Eun.
1502 1624 1564 1651 ιν.

113 1673 152 1710 6.
177 1674 208 1711 1.

153 1753 225 1787 ΤΗ.
250 1753 356 1786 Credo
372 1754 530 1796 equidem·
541 1753 736 1795 illumzjam
750 1752 942 1785 adfu-turum
959 1762 1034 1785 esse
1048 1753 1081 1795 ss,
1103 1758 1143 1785 ut
1163 1754 1239 1786 ἴ11ᾞΠ
1258 1764 1278 1786 a
1293 1759 1341 1786 me
1353 1772 1363 1779 -
1378 1754 1545 1797 eripizat
1561 1767 1570 1795 ;

196 1807 415 1840 sine-veniat.

153 1859 288 1902 Atqui·
300 1860 323 1892 si
339 1860 575 1901 illamzdigit⁰
591 1861 760 1901 at-tigerit
774 1862 787 1903 Η
801 1866 873 1900 un0,
888 1859 973 1891 oculi
986 1878 998 1885 -
1012 1859 1377 1895 illico-:effodi-enrtur.

155 1913 273 1955 Usque
291 1914 364 1946 ad⁸⁰
380 1919 430 1946 eg⁰
441 1933 453 1938 -
464 1913 691 1945 umiszferre
704 1931 717 1937 -
730 1919 849 1954 possum
865 1914 896 1944 in
913 1914 925 1955 ΙΙ
939 1913 1079 1954 epum„
1095 1918 1131 1944 et
1147 1914 1370 1954 magn-„nifica
1386 1915 1503 1954 verba,

154 1967 272 1998 Verba
285 1985 297 1992 -
309 1968 387 1999 dum
405 1968 524 1999 sint:
538 1979 546 1998 z
571 1973 670 1998 verum
686 1968 765 1998 enim
778 1985 788 1992 -
802 1967 828 1998 si
843 1967 884 1998 ad
901 1977 971 1998 rem
985 1968 997 2008 Η
1011 1966 1299 1999 conse-rentur:
1313 1991 1322 2008 ‚
1348 1969 1539 2009 vapulabit.

156 2020 223 2052 CH.
246 2020 352 2052 Thais
366 2039 389 2062 -,
405 2020 704 2062 egojamzdudum
720 2020 774 2052 hic
787 2038 797 2045 -
810 2020 922 2052 adsum.
959 2020 1028 2052 ΤΗ.
1054 2020 1084 2052 Ο
1095 2021 1108 2061 Η
1120 2020 1164 2051 mi
1180 2020 1367 2060 Chre-mes,
1383 2026 1411 2052 te
1425 2021 1517 2062 ipsum
1528 2030 1569 2053 Ξ

200 2075 456 2114 expec·tabam.

155 2127 234 2159 Scin
252 2132 290 2158 tu
303 2146 314 2152 -
325 2127 443 2159 turbam
457 2127 593 2159 hanc:
605 2129 765 2168 propter·
777 2130 806 2157 te
821 2135 892 2157 esse
905 2126 918 2167 ll
929 2125 1064 2157 factam?
1081 2130 1115 2158 et
1127 2143 1152 2167 -,
1170 2126 1249 2157 adeo
1264 2126 1305 2158 ad
1316 2135 1358 2159 z
1371 2132 1399 2158 te
1415 2128 1572 2159 atti-nere

199 2180 287 2212 hanc

158 2233 304 2266 Omnem
316 2251 328 2259 ·
340 2234 416 2264 rem?
460 2233 527 2264 Cn.
553 2232 608 2263 Ad
634 2242 687 2263 me
698 2232 764 2264 z?
799 2231 878 2274 qui?
901 2231 994 2273 quasi
1007 2250 1018 2257 -
1031 2231 1119 2263 istuc
1130 2232 1161 2273 ΙΙ.
1206 2233 1273 2265 ΤΗ.
1308 2233 1388 2274 quia
1415 2234 1573 2266 dum-tibi

201 2295 393 2318 sozrorem
406 2304 418 2310 -
429 2286 551 2317 studeo

157 2340 310 2372 Reddere
323 2357 337 2364 ·
346 2350 385 2372 ac
401 2340 619 2373 rezstituere
631 2358 658 2379 -,
681 2338 754 2370 haec
771 2342 860 2381 atque
873 2339 886 2380 ss
900 2339 1103 2381 hujfismo-di
1120 2349 1192 2370 sum
1204 2347 1246 2373 τ’,
1258 2339 1365 2371 multa
1376 2357 1388 2361 -
1399 2349 1508 2380 passa.

118 2409 268 2454 Quibus
289 2408 411 2447 addas
431 2409 517 2447 haec
535 2422 582 2447 ex
604 2409 746 2447 Heaut.
766 2421 835 2446 111.
859 2411 895 2446 3.
920 2410 953 2445 l.

161 2479 229 2511 CH.
263 2478 352 2512 Quid
378 2479 467 2511 istuc
480 2497 492 2504 -
506 2483 616 2520 quaeso
645 2483 749 2510 est:
764 2478 774 2508 ?
800 2478 857 2519 qul
880 2478 957 2509 istic
971 2495 982 2502 -
995 2486 1067 2508 mos
1096 2481 1161 2516 est,
1174 2478 1186 2518 ΙΙ
1201 2476 1344 2518 Clitiph0
1357 2479 1391 2508 -?
1425 2479 1518 2509 itane
1532 2487 1573 2509 Σ·-

203 2532 274 2564 fieri
289 2536 441 2573 o-portet
454 2533 466 2563 ?
1324 2573 1329 2582 ,

162 2586 225 2618 CL.
249 2585 340 2618 Quid
357 2595 418 2625 ego
433 2603 445 2609 -
458 2584 524 2615 feci
535 2584 598 2616 z?
643 2584 711 2616 Cu.
736 2583 861 2615 Vidin-
873 2592 936 2624 ego
951 2586 984 2614 te
1002 2583 1014 2624 Η
1025 2582 1123 2614 modo
1138 2588 1257 2614 manum
1271 2584 1331 2615 -iu
1347 2584 1487 2617 sinum:
1498 2585 1573 2616 huic

202 2639 514 2671 mere-trici——et
531 2649 560 2670 v.
576 2641 608 2670 6.

160 2693 327 2726 Hominem
343 2693 502 2725 a·micum
513 2700 555 2723 ;-..
570 2691 738 2732 recipere·
750 2690 791 2722 ad
809 2696 850 2730 te,
872 2694 961 2732 atquc
972 2691 984 2731 u
996 2690 1070 2731 ejus
1087 2691 1297 2723 a-micam:
1310 2690 1530 2730 satagi-tane.

161 2746 226 2777 Vel
255 2746 325 2778 heri
353 2745 385 2776 in
402 2763 413 2770 ·
430 2745 652 2787 vinozquaffl
683 2744 918 2776 immo-destas
932 2745 944 2784 Η
958 2743 1079 2777 fuisti-.
1139 2745 1200 2777 ΞΥ.
1238 2745 1380 2777 Factum
1394 2752 1436 2777 Ξ
1451 2767 1458 2776 .
1504 2745 1571 2775 Cn.

207 2800 318 2832 Quam
334 2799 515 2831 mo-lestus.
