1903 3306
544 221 749 252 ANDRIAE
783 218 892 249 Ac'r.
916 218 960 247 v.
992 217 1060 247 sc.
1087 218 1162 247 111.
1496 205 1582 246 375

133 319 231 371 Age
252 330 365 359 nunc
379 316 489 370 jam,
510 327 592 368 ego
613 314 690 368 pol
710 311 856 361 hodie,
879 312 917 353 si
934 311 1052 368 &19³
1082 310 1162 351 tibi
1526 309 1583 350 25

135 385 396 434 Ostendam,
414 383 566 424 herum
588 381 696 436 quid
717 382 777 422 sit
792 379 948 434 pericli
967 378 1132 426 fallere,
1153 380 1196 417 et

133 452 223 513 1113,
240 456 422 505 patrem.
484 449 572 490 CH.
592 448 681 498 Ah,
703 461 757 488 ne
777 447 887 488 saevi
914 448 1156 498 tantopere.
1217 442 1283 483 SI.
1316 440 1355 481 O
1378 440 1576 490 Chreme,

134 512 354 561 Pietatem
375 516 520 570 gnati!
552 529 696 556 nonne
716 520 761 556 te
782 514 962 554 miseret
982 512 1098 552 mei‘?

133 587 328 628 Tantum
347 584 538 625 laborem
559 595 716 635 capere
738 582 795 622 ob
820 580 952 620 talem
973 579 1144 619 filium?

132 653 246 706 Age,
269 650 499 704 Pamphile
518 663 530 701 ;
561 650 650 699 exi,
674 647 910 702 Pamphile
931 660 940 688 ε
964 645 1124 704 θρᾳιῃρ
1149 648 1190 686 te
1212 643 1381 698 pudet?
1527 640 1583 681 30

132 785 166 812 ut
181 785 267 812 terra
282 791 314 812 se
328 790 447 811 movere
461 789 519 811 non
531 780 640 820 possit.
681 778 751 818 Age
766 787 868 814 mme;
895 776 964 815 jam
980 786 1048 815 ege,
1069 776 1129 816 pol,
1158 773 1258 813 hodie,
1271 773 1299 803 si
1322 772 1402 809 viro,
1419 775 1449 801 te
1465 769 1585 807 docebo,

132 834 221 864 quam
236 823 437 863 periculosum
455 823 496 853 sie
521 823 627 853 herum
646 831 768 852 servum
786 821 914 857 fallere,
930 823 959 850 et
977 819 1189 858 Pamphilum,
1202 819 1336 856 patrem.
1382 814 1450 845 CH.
1472 811 1526 842 Ah
1547 821 1586 842 ne

132 867 206 897 adeo
221 876 300 896 soeve
314 869 345 896 te
357 874 458 904 gera-5.
503 865 553 895 Si.
580 865 719 901 Chreme,
731 867 837 902 specta
847 863 995 902 pietatem
1001 862 1069 903 filii
1084 861 1143 891 mei
1160 860 1192 889 in
1206 862 1338 899 patrem.
1384 856 1437 886 An
1452 864 1512 884 non
1525 854 1586 884 mei

131 908 298 946 misereris,
310 909 389 948 quod
400 910 505 938 tantas
519 916 672 937 (erumnas
686 906 791 945 patiar
806 905 842 936 ob
859 906 951 936 talem
958 901 1091 943 filium?
1114 902 1198 942 Age,
1216 899 1399 940 Pamphilu
1413 897 1478 935 exi,
1490 897 1584 927 Pam-

130 950 224 991 phile.
267 950 322 982 An
336 960 395 982 non
403 951 520 990 pudore
536 950 596 980 ullo
611 949 742 991 afficeris
757 947 772 980 ’.ἲ

738 1045 978 1061 “elueret-ee

133 1127 209 1164 post
229 1123 344 1154 Tamen
366 1123 426 1154 Fa.
443 1126 536 1154 recte
555 1122 702 1162 judicat.
727 1122 813 1153 Perl.
860 1120 934 1151 Nec
952 1119 1142 1159 interrogat
1157 1117 1194 1148 Z.
1212 1120 1291 1157 post
1313 1118 1321 1134 ‘
1337 1116 1415 1156 est,'
1439 1124 1503 1146 nec
1519 1114 1587 1145 dis·

133 1166 259 1207 tinguit
283 1169 360 1205 post
390 1166 514 1196 Tamen.
563 1166 697 1196 Tametsi
723 1165 782 1194 Br.
806 1173 869 1194 nec
898 1163 1019 1203 pungit
1046 1166 1124 1202 post
1143 1161 1270 1191 Tamen.
1314 1160 1476 1190 Testatur
1490 1157 1585 1188 Perl.

133 1212 168 1239 tu
185 1213 265 1239 ante
287 1209 296 1225 ‘
311 1208 401 1239 Cura
414 1207 422 1221 ’
445 1209 570 1238 habere
594 1206 710 1238 Guelf.
728 1210 758 1238 3.
782 1210 817 1237 et
835 1206 947 1236 Tamen
964 1209 997 1235 tu
1011 1215 1085 1235 cara
1102 1203 1227 1234 habere
1244 1205 1359 1233 1.-—25
1388 1201 1472 1240 Tibi,
1495 1200 1588 1231 Dave

134 1252 176 1282 G.
192 1252 259 1282 ΕΤ.
277 1251 357 1281 ΕΜ.
375 1250 473 1282 West.
507 1251 597 1282 Davo
613 1255 692 1290 post
708 1250 717 1266 ⁴
732 1249 794 1280 tibi
807 1248 814 1261 ’
829 1246 949 1279 Guelf.
965 1250 996 1278 1.
1020 1248 1107 1278 Peri.
1139 1246 1179 1277 A.
1195 1254 1286 1276 nunc.
1320 1245 1395 1274 dam
1409 1254 1465 1283 ego
1481 1243 1587 1273 ΒΓ.-

131 1297 175 1324 26
192 1294 284 1333 Lege
299 1293 529 1324 commodiore
546 1293 684 1324 ordine:
702 1293 776 1332 quid
792 1293 909 1323 herum.
927 1291 1027 1321 Bent.
1063 1290 1121 1320 Sic
1137 1288 1274 1318 ordinat
1289 1292 1324 1318 et
1341 1287 1434 1317 Perl.
1463 1285 1588 1316 Herum

132 1336 207 1377 quid
220 1336 263 1367 sit
275 1336 386 1376 pericli
408 1337 566 1366 ostendam
581 1334 697 1372 fallere
720 1334 822 1365 Both.
852 1337 861 1352 ‘
874 1334 918 1364 Et
930 1332 939 1345 ¹
961 1333 1105 1364 mittunt
1122 1332 1223 1362 Bent·
1236 1330 1276 1361 Z.
1299 1330 1401 1360 Both.
1418 1329 1450 1359 in
1468 1338 1517 1360 vs.
1535 1330 1587 1358 27.

131 1381 215 1410 —27
230 1378 297 1414 Ha,
308 1378 381 1409 saeri
389 1388 427 1410 ne
443 1382 527 1409 tanto
543 1387 632 1417 opere
646 1377 743 1408 Bodl.
764 1377 864 1409 West.
879 1376 1019 1407 Chreme.
1039 1375 1167 1406 Omnes
1183 1372 1256 1404 fere
1272 1373 1292 1402 l.
1303 1382 1328 1403 s,
1345 1373 1374 1402 Ο
1385 1371 1535 1402 Chreme.-
1551 1375 1588 1401 et

133 1430 212 1452 sane
228 1421 387 1460 majorem
404 1421 579 1461 emphasin
595 1420 710 1451 habet.
727 1420 785 1450 Fa.
822 1419 876 1450 Ita
892 1428 1008 1450 omnes
1024 1417 1145 1455 nostri,
1162 1415 1292 1447 duobus
1308 1414 1475 1454 exceptis.
1491 1414 1588 1444 Bent.

132 1464 173 1495 In
190 1463 248 1494 ΒΓ,
266 1463 356 1495 forte
373 1463 480 1504 primo
497 1463 600 1495 fuisse
616 1464 728 1494 saevz'as
743 1466 862 1493 censet
878 1462 1091 1492 Bruns.—28
1107 1460 1218 1500 Vulgo
1231 1462 1308 1498 post
1323 1459 1331 1475 ‘
1347 1456 1460 1497 gnati'
1482 1456 1586 1486 inter-

132 1506 308 1547 pungstur,
329 1506 440 1537 minus
457 1507 554 1538 bene.
578 1507 764 1537 Both.—30
789 1505 831 1536 Te
846 1504 977 1536 omittit
992 1504 1085 1536 Perl.
1107 1508 1143 1534 et
1167 1502 1202 1532 id
1221 1500 1346 1532 habere
1364 1500 1449 1533 GM.
1476 1503 1586 1530 notat.

135 1549 181 1580 Et
196 1549 267 1589 quis
280 1552 311 1580 te
327 1549 385 1581 dat
399 1549 457 1580 ΒΓ.

788 1610 933 1644 NOTAE

173 1678 216 1707 27
241 1676 270 1707 Ο
287 1676 428 1714 Chreme,
443 1676 602 1707 Pietatem
625 1676 708 1717 nati]
736 1675 821 1707 Sub·
920 1679 961 1707 30
986 1674 1107 1715 Ecquid
1127 1676 1159 1704 te
1178 1670 1290 1713 pudet]
1314 1670 1396 1702 Sub.
1420 1668 1582 1710 decipere

133 1727 224 1767 audi,
241 1732 373 1768 specta.
409 1727 525 1759 Itonia
540 1732 605 1759 est.
884 1729 1031 1766 patrem.

515 2017 723 2060 ACTUS
756 2017 814 2058 V.
876 2015 1085 2058 SCENA
1116 2015 1207 2058 III.

445 2138 751 2170 PAMPHlLUS·
813 2138 948 2168 SIMO.
1011 2136 1263 2167 CHREMES.

133 2220 221 2262 ΡΑ.
253 2218 382 2270 QUIS
403 2231 472 2260 me
492 2219 616 2260 volt?
649 2217 784 2271 perii:
831 2220 956 2271 pater
977 2220 1062 2257 est.
1123 2215 1190 2256 S1.
1224 2213 1345 2264 Quid
1369 2214 1454 2263 ais,
1486 2225 1581 2253 om-

299 2286 451 2327 nium'i
512 2284 601 2326 CH.
634 2285 724 2334 Ah,

130 2353 247 2395 Rem
266 2353 420 2406 potius
440 2352 586 2407 ipsam
607 2351 694 2401 dic,
718 2363 769 2392 ac
790 2350 917 2391 mitte
938 2350 1056 2391 male
1076 2349 1215 2402 loqui.

171 2475 239 2506 ΡΑ.
266 2473 347 2510 Quis
371 2482 419 2504 me
442 2472 600 2514 appellat?
633 2473 733 2504 Pater
759 2475 816 2504 est.
859 2471 911 2501 St.
949 2471 1031 2506 Quid
1047 2471 1104 2508 ais,
1127 2470 1261 2501 omnium
1280 2465 1470 2500 deterrime?
1516 2468 1586 2498 Cu.

130 2517 195 2558 Ah,
209 2526 275 2549 rem
298 2515 402 2557 potius
426 2516 526 2557 ipsam
540 2525 648 2556 narra,
674 2526 709 2546 ac
723 2524 808 2546 cessa
834 2514 1024 2545 maledicere.
1068 2514 1118 2545 S1.
1144 2512 1241 2548 Quasi
1256 2513 1417 2553 quicquam
1437 2510 1588 2549 acerbius,

744 2607 764 2617 e

965 2607 984 2617 a·

176 2677 193 2705 l
220 2673 378 2705 Omnium.
409 2671 497 2704 GM.
526 2671 771 2709 sceleratissime,
798 2674 834 2701 et
860 2680 935 2711 sup.
957 2670 1076 2710 script.
1103 2669 1287 2710 nequissime
1300 2681 1310 2701 .-
1331 2669 1418 2710 qnod
1448 2669 1495 2700 id.
1525 2679 1586 2709 pro

132 2718 244 2758 glossa
256 2721 308 2748 est
321 2717 356 2746 in
373 2715 432 2746 ΒΓ.
478 2714 547 2746 Sed
563 2713 781 2754 aposiopesin
797 2713 883 2744 hanc
899 2722 974 2744 esse
990 2713 1055 2744 Do.
1073 2712 1139 2744 ait:
1154 2722 1219 2744 nec
1236 2714 1271 2744 in
1288 2712 1356 2745 ullo
1369 2711 1446 2742 cod.
1459 2711 1512 2742 vel
1529 2712 1584 2741 ed.

133 2759 284 2801 sequitur
300 2758 479 2799 quicquam
496 2761 575 2798 post
600 2757 608 2773 ‘
620 2755 794 2788 omnium.'
838 2755 925 2788 lude
942 2756 1023 2787 lect.
1039 2755 1097 2787 illa
1115 2755 1237 2787 merito
1254 2760 1425 2795 suspecta.
1449 2754 1586 2785 Perl.—
