1945 3296
331 246 389 290 52
770 253 950 284 vicrron
984 252 1047 282 DE
1080 250 1334 281 coMOEoiA.

332 358 472 390 natura
491 349 700 396 desiderat,
720 347 864 399 duplici
885 360 923 385 ss
945 345 1081 384 Latine
1101 344 1259 395 quidem
1278 348 1501 389 annotatur,
1522 342 1638 381 sicuti
1656 343 1784 393 φιλιπ-

332 418 445 461 πίὲω,
477 414 706 465 philippisso
727 419 799 450 est.
857 412 915 448 Ita
936 408 1102 461 κωμῳδία
1123 407 1236 458 quasi
1255 405 1489 459 κωμαέῳὸία,
1519 404 1698 443 videlicet
1717 416 1790 442 co·

331 477 585 518 messantium
615 477 812 514 hominum
836 474 1045 512 cantilena.
1102 471 1201 514 Quae
1223 471 1450 508 Graecorum
1467 475 1506 507 et
1527 467 1676 506 Donati
1695 481 1786 506 sen-

332 543 455 582 tentia
473 542 637 579 maxime
667 539 820 590 placet:
851 551 936 576 cum
969 535 1184 587 praesertim
1205 534 1456 573 doctissimus
1477 533 1643 583 quisque
1663 530 1788 569 fatea-

332 612 395 644 tur
414 606 454 643 in
474 605 720 656 Dionysiacis
740 601 1088 641 comessationibus
1109 600 1148 637 id
1179 612 1304 650 genus
1323 597 1514 649 poematis
1537 609 1560 634 a
1578 595 1786 634 Veteribus

332 669 452 707 fuisse
472 669 722 708 celebratum.
779 667 811 705 Ii
830 678 919 704 vero
939 665 1030 702 mihi
1051 664 1158 702 nullo
1178 670 1294 714 pacto
1314 660 1482 700 blandiri
1503 666 1683 712 possunt,
1717 658 1786 710 qui

333 746 475 771 nomen
494 732 568 770 hoc
585 731 658 769 ἀπὸ
678 738 750 769 τῶν
765 737 892 775 κωμῶν
909 729 1080 767 derivare
1096 726 1264 766 contend
1272 732 1355 771 unt,
1371 724 1555 776 quoniam
1571 722 1787 762 Athenien-

334 809 396 834 ses
416 795 537 846 (apud
557 807 655 846 quos
677 801 807 831 natam
826 794 918 839 fere,
939 799 978 830 et
998 800 1152 830 auctam
1174 803 1261 828 esse
1285 787 1529 827 Comoediam
1558 799 1674 825 nemo
1704 798 1786 824 am-

333 858 446 909 bigit)
478 858 611 911 ὃὴμους
644 864 846 903 vocarunt,
883 870 971 906 quae
1011 856 1059 893 ab
1094 854 1180 892 aliis
1214 861 1330 904 κῶμαι
1362 852 1529 891 fuissent
1561 849 1786 901 appellatae.

336 922 542 962 Enimvero
562 923 657 960 illud
680 936 799 960 unum
819 922 910 958 mihi
930 921 1129 971 negotium
1149 919 1255 965 facit,
1290 931 1337 956 ne
1358 917 1506 956 seilicet
1527 915 1693 953 Comum
1711 914 1786 953 ἀπὸ

333 993 405 1025 τῶν
426 995 554 1037 κωμῶν
583 986 736 1023 Graecia
765 985 928 1023 dixerit:
958 982 1287 1034 quemadmodum
1319 980 1486 1019 Romani
1518 979 1787 1018 Fornacaliam

334 1050 497 1088 servatis
519 1051 566 1087 ab
587 1049 769 1087 incendio
790 1049 944 1086 coluere
963 1047 1184 1085 fornacibus
1204 1059 1213 1084 ε
1243 1053 1282 1084 et
1316 1043 1526 1095 Robigum,
1560 1042 1640 1081 sive
1665 1042 1787 1080 Rubi-

335 1113 477 1164 ginem,
499 1120 615 1163 atque
636 1113 731 1150 alios
752 1112 984 1163 complures,
1017 1123 1041 1148 a
1074 1110 1215 1161 quibus
1242 1115 1458 1160 praeessent
1477 1108 1592 1146 rebus
1613 1106 1788 1158 appella-

334 1190 438 1215 vere.
478 1176 699 1226 Utcumque
719 1183 848 1214 tamen
871 1187 956 1213 sese
976 1187 1035 1212 res
1054 1173 1212 1220 habeat,
1232 1174 1315 1223 περὶ
1335 1173 1375 1211 τὸ
1391 1171 1580 1222 κωμάὲειν
1599 1169 1788 1221 appellari

336 1239 577 1278 Comoediam
599 1240 746 1277 affirmo
765 1252 774 1277 :
805 1238 1003 1289 quoniam,
1034 1236 1108 1275 etsi
1126 1239 1206 1286 περὶ
1227 1239 1290 1275 τὰς
1309 1240 1428 1287 κώμας
1448 1234 1601 1273 dicatur
1620 1235 1638 1271 ὁ
1661 1241 1788 1284 κῶμος,

333 1311 465 1341 tamen
486 1304 533 1341 ab
553 1315 599 1341 eo
619 1304 659 1342 τὸ
680 1303 879 1352 κωμᾶἓειν,
910 1301 1016 1339 unde
1036 1300 1201 1353 κωμῳδία
1220 1299 1331 1350 quasi
1357 1299 1604 1350 κωμαὲόντων
1623 1297 1698 1350 φ’ὃὴ
1717 1310 1789 1335 no-

333 1367 515 1404 minatur.
554 1367 696 1405 Verum
718 1380 765 1404 ex
784 1366 869 1418 ipso
883 1366 966 1417 jam
985 1365 1140 1403 nomine
1159 1363 1286 1415 patuit
1303 1375 1482 1414 quaenam
1503 1360 1676 1399 definitio
1696 1375 1788 1413 pos-

334 1430 385 1468 sit
417 1429 631 1468 Comoediae
666 1431 888 1477 convenire,
924 1431 1065 1480 po'e'ma
1103 1429 1252 1466 scilicet
1285 1424 1555 1464 demulcendis
1589 1424 1787 1464 hominum

333 1494 542 1540 mentibus,
573 1494 894 1545 excutiendisque
926 1492 1173 1544 potissimum
1207 1490 1408 1529 cachinnis
1437 1487 1788 1529 accommodatum.

335 1557 424 1594 Hoc
444 1557 568 1596 innuit
587 1557 788 1609 Virgilius,
808 1566 847 1595 et
864 1557 919 1594 illi
939 1556 1182 1601 Graecorum,
1202 1553 1268 1606 qui
1287 1553 1458 1591 Θάλειαν
1478 1551 1636 1589 Musam
1657 1552 1787 1589 Comi-

335 1621 390 1658 cis
409 1621 617 1670 praesidere
638 1622 872 1659 cecinerunt.
918 1621 1016 1664 Quae
1037 1619 1199 1664 scilicet,
1218 1616 1367 1655 festivis
1387 1614 1585 1667 pullulans
1598 1614 1714 1665 jocis,
1736 1615 1786 1654 ad

333 1683 452 1722 risum
485 1698 611 1735 usque
645 1685 825 1724 delectet.
884 1685 970 1722 Hoc
1004 1684 1120 1721 etiam
1155 1680 1384 1719 Aristoteles
1415 1680 1694 1730 comprobavit,
1728 1681 1787 1718 in-

334 1747 486 1797 quiens,
523 1748 629 1799 quod
669 1749 707 1785 in
740 1747 979 1799 turpitudine
1012 1745 1217 1784 ridiculum
1248 1750 1321 1791 est,
1359 1742 1599 1780 Comoediam
1633 1742 1786 1782 imitari.

335 1811 664 1863 Quandoquidem
684 1812 777 1850 illud
809 1811 981 1862 inprimis
1001 1812 1128 1862 poe‘tae
1148 1810 1262 1848 rebus
1283 1815 1322 1847 et
1340 1807 1467 1846 verbis
1488 1807 1640 1846 efficere
1669 1820 1788 1846 cona-

334 1874 501 1912 bantur:
531 1875 616 1925 ipsa
649 1875 804 1926 quidem
839 1889 879 1913 re
912 1874 1098 1921 bifariam,
1128 1872 1309 1911 videlicet
1328 1871 1388 1910 vel
1409 1870 1591 1923 opinione
1612 1883 1696 1918 sua,
1725 1872 1788 1910 vel

336 1936 492 1975 alterius
512 1940 764 1989 persuasione
795 1939 982 1990 deceptas
1012 1937 1198 1988 fingendo
1227 1948 1441 1988 personas:
1472 1934 1614 1973 deinde
1643 1948 1788 1986 magna

334 2001 503 2047 nomina,
520 2002 580 2039 vel
603 2002 709 2040 Deos
725 2002 943 2040 mortalium
959 2001 1165 2052 postremis
1182 1998 1469 2050 componendo,
1487 1998 1602 2037 sicuti
1621 1998 1785 2037 Plautus

333 2064 371 2100 in
407 2064 684 2117 Amphitryone
717 2066 953 2104 Mercurium
988 2065 1146 2103 simulat
1178 2077 1292 2115 agere
1325 2063 1476 2101 Sosiam
1494 2075 1503 2100 :
1543 2062 1605 2101 vel
1636 2070 1785 2108 contra,

335 2128 662 2179 quemadmodum
683 2130 720 2166 in
743 2129 864 2166 Ranis
893 2128 1163 2179 Aristophanis
1197 2126 1346 2164 Fabula
1366 2125 1558 2163 Xanthias
1582 2125 1658 2163 vile
1677 2138 1786 2163 man-

335 2192 476 2242 cipium
498 2192 706 2231 Herculem
737 2193 832 2243 agit.
889 2193 1103 2230 Verborum
1138 2199 1266 2228 autem
1299 2189 1425 2228 modis
1458 2196 1607 2240 septem
1637 2189 1787 2227 Comici

335 2256 434 2292 risus
455 2256 703 2294 excitabant:
735 2257 793 2294 vel
815 2256 962 2294 scilicet
981 2256 1092 2306 plura
1115 2255 1338 2306 significans
1359 2254 1516 2291 verbum
1536 2260 1786 2304 usurpantes,

334 2320 439 2370 quod
461 2320 701 2371 grammatici
730 2319 866 2357 dicunt
887 2321 1125 2370 ὁμωνυμίανε
1156 2318 1217 2356 vel
1237 2318 1349 2368 plura
1370 2316 1664 2367 significationis
1684 2317 1786 2368 ejus-

336 2385 436 2430 dem,
457 2383 562 2434 quod
583 2390 723 2421 vocant
744 2383 1003 2431 συνωνυμίανε
1035 2381 1094 2419 vel
1119 2381 1315 2432 proprium
1336 2379 1495 2430 aliquod
1514 2379 1694 2418 ludentes
1715 2394 1786 2418 no-

335 2461 421 2486 men
455 2460 500 2485 ea
530 2447 687 2498 quidem
718 2447 879 2493 ratione,
909 2459 986 2497 qna
1018 2459 1088 2484 nos
1119 2444 1312 2483 interdum
1347 2448 1356 2465 ¹
1374 2442 1587 2482 oratorem'
1620 2443 1783 2482 dicimus

337 2515 346 2531 ί
365 2510 579 2556 aratorem,'
598 2510 702 2561 quod
723 2510 777 2548 illi
796 2516 1024 2560 nuncupant
1040 2512 1294 2559 παρωνυμίαν,
1311 2507 1372 2545 vel
1389 2506 1526 2545 eadem
1544 2507 1688 2558 saepius
1705 2521 1784 2546 non

334 2575 538 2612 invenuste
567 2573 789 2624 repetendo,
821 2573 925 2623 quod
957 2572 1156 2622 appellant
1187 2570 1444 2622 ἀδολεσχίανε
1474 2569 1693 2621 cujusmodi
1724 2578 1785 2609 est

334 2638 430 2675 illud
452 2638 670 2674 Ennianum
690 2637 737 2674 ab
757 2637 857 2674 Aulo
878 2635 1006 2674 Gellio
1027 2636 1201 2681 citatum,
1223 2635 1286 2672 ubi
1309 2636 1466 2672 verbum
1487 2633 1561 2672 boc
1597 2639 1606 2655 ‘
1622 2634 1762 2672 frustra
1778 2635 1788 2649 '

337 2710 376 2739 et
395 2706 403 2722 ⁶
420 2700 620 2746 frustrari,'
640 2700 768 2737 decies
788 2700 925 2737 eodem
946 2699 1031 2736 loco
1053 2698 1292 2736 inculcatur:
1314 2697 1374 2735 vel
1395 2696 1631 2748 aspernandi
1652 2697 1782 2736 studio

337 2763 561 2802 diminutiva
581 2763 814 2801 formantes:
848 2763 905 2800 vel
936 2762 1105 2812 aliquam
1138 2761 1242 2799 haud
1273 2760 1440 2799 absurde
1459 2760 1608 2798 literam
1628 2768 1782 2800 mutan-
