1976 3296
766 210 1037 241 PRAEFA'HO.
1601 204 1627 241 5

174 321 292 351 mum
308 310 410 362 post
430 306 526 361 ejus
547 306 640 347 fata
661 305 706 346 in
737 305 929 346 solidum
959 305 1064 347 mihi
1088 304 1274 345 tributus
1293 317 1302 345 ε
1336 305 1410 345 ille
1433 319 1628 348 commu—

174 377 350 416 nicatus
371 387 538 414 mecum
562 386 588 413 a
611 373 729 414 Nob.
751 372 880 422 Viro,
897 371 970 412 Jo.
991 371 1060 412 De
1077 370 1189 420 Wit,
1213 371 1493 425 Amplissimi
1513 372 1627 423 Viri,

173 442 246 483 Jo.
285 442 355 483 De
387 441 498 489 Wit,
532 441 631 481 urbi
665 440 965 481 Dordracenae
1000 452 1143 492 nuper
1183 451 1208 479 a
1238 438 1449 489 Seeretis,
1493 439 1627 489 Filio,

174 509 450 550 Summorum
485 506 705 560 quondam
729 507 848 560 apud
871 507 1072 547 Batavos
1096 505 1314 555 Virorum,
1335 506 1409 548 Jo.
1433 510 1476 547 et
1497 506 1627 549 Corn.

173 576 244 616 De
262 575 360 616 Wit
382 576 585 629 Nepote:
606 575 675 615 hic
692 588 716 615 e
732 575 1011 616 Bibliotheca
1027 575 1200 626 insigni,
1216 575 1316 616 Viri
1333 575 1630 628 Nobilissimi,

173 641 391 683 Theodori
421 641 801 691 Boendermakeri,
828 641 1042 682 Canonici
1064 642 1109 682 S.
1132 641 1311 683 Martini
1332 644 1450 696 apud
1483 645 1631 687 Ultra-

166 709 373 764 jectinos,
395 710 607 751 coenitus.
670 709 740 750 De
764 708 864 749 aliis
897 708 1042 749 Libris
1074 722 1202 749 manu
1232 712 1444 761 exaratis,
1470 713 1631 765 quibus

175 775 356 818 Gabriel
384 777 599 826 Faernus,
632 777 867 830 Philippus
895 776 1081 825 Pareus,
1114 776 1381 819 Franciscus
1412 778 1628 834 Guyetus,

173 843 369 885 Joannes
402 844 627 885 Henricus
670 844 914 893 Boeclerus,
959 842 1036 884 sed
1078 849 1119 885 et
1163 845 1312 897 plures
1353 846 1431 886 alii
1467 847 1632 888 dudum

175 915 273 951 sunt
305 912 389 961 usi,
429 924 632 965 quosque
668 911 830 964 partim
864 911 909 950 in
941 915 1091 964 partes
1124 913 1297 961 vocavi,
1341 914 1485 955 dicere
1527 915 1633 956 nihil

176 979 346 1020 attinet.
410 979 564 1020 Nolim
603 982 745 1019 tamen
777 979 1021 1029 existimes,
1062 980 1124 1020 ita
1163 980 1363 1032 religiose
1395 995 1422 1022 a
1452 995 1521 1022 me
1554 996 1633 1023 ex-

176 1058 354 1087 cussam
394 1047 623 1088 Librorum
657 1047 867 1095 omnium,
908 1059 1018 1099 quos
1054 1046 1248 1097 laudavi,
1275 1049 1553 1102 scripturam,
1586 1056 1634 1091 ut

119 1154 122 1156 ,
175 1126 326 1155 omnes
358 1115 510 1167 apices
540 1113 841 1168 persequendo
878 1113 1001 1163 nihil,
1038 1114 1157 1167 quod
1192 1127 1218 1154 a
1246 1116 1427 1167 vulgata
1447 1118 1634 1160 lectione

176 1182 330 1231 abiret,
371 1195 458 1222 non
494 1183 777 1222 observatum
814 1181 1064 1221 dimiserim.
1132 1181 1198 1221 Ea
1238 1183 1360 1233 mihi,
1396 1188 1446 1225 ut
1482 1199 1633 1227 verum

174 1249 330 1299 fatear,
361 1250 504 1291 inanis
534 1249 680 1291 futura
710 1262 860 1302 opera,
890 1249 1169 1302 obscuraque
1190 1250 1288 1291 visa
1308 1255 1375 1292 est
1393 1252 1633 1306 diligentia,

176 1318 448 1359 incertiorem
462 1318 630 1358 factura
652 1317 897 1365 Lectorem,
921 1329 1051 1370 quam
1070 1317 1108 1357 is
1121 1317 1265 1358 fuerat
1285 1317 1460 1360 dudum.
1514 1320 1635 1371 Quid

178 1385 299 1440 quod
336 1384 540 1426 ridendos
574 1384 742 1438 passim
777 1384 1056 1436 propinarem
1097 1386 1274 1438 publice
1313 1386 1455 1427 bonos
1492 1393 1637 1431 cetera

178 1453 383 1502 Codices,
404 1452 443 1493 si
464 1452 650 1504 singula,
673 1465 772 1505 quae
794 1452 836 1491 in
858 1452 1093 1493 manifesto
1120 1453 1284 1494 cubare
1319 1455 1478 1497 mendo
1511 1470 1635 1498 nemo

178 1534 312 1562 sanus
331 1520 575 1573 negaverit,
605 1520 842 1560 identidem
865 1520 1136 1569 exscribere,
1170 1526 1304 1575 atque
1334 1524 1391 1563 ad
1424 1537 1635 1565 nauseam

178 1601 318 1643 usque
337 1592 531 1641 repetere
551 1587 820 1628 voluissem?
867 1587 968 1628 Non
988 1587 1121 1639 igitur
1134 1601 1203 1628 me
1225 1590 1378 1631 saeculi
1395 1591 1637 1644 fastidium,

181 1656 260 1697 sed
281 1663 399 1697 certa
431 1656 640 1696 deterruit
664 1655 785 1696 ratio.
849 1654 984 1704 Quod
1013 1667 1068 1695 ne
1101 1656 1230 1708 gratis
1266 1657 1437 1698 dixisse
1469 1660 1636 1712 videar,

179 1737 344 1773 eorum,
369 1736 468 1777 quae
496 1723 602 1763 mihi
632 1724 807 1776 potiora
831 1723 1014 1764 sectanti
1040 1723 1155 1764 ultro
1178 1737 1224 1765 se
1242 1725 1532 1778 ingessemnt,
1560 1729 1638 1770 bo-

179 1804 280 1832 nam
301 1795 470 1845 partem
490 1790 660 1832 Tecum
680 1790 750 1831 hic
772 1791 1096 1831 communicare
1117 1791 1263 1832 visum
1281 1796 1359 1834 est.
1422 1793 1485 1834 En
1507 1797 1639 1848 igitur

181 1858 398 1900 absurdas
428 1859 689 1911 optimorum
727 1856 946 1899 Codicum
982 1858 1223 1901 lectiones:
1258 1858 1371 1901 And.
1393 1860 1498 1903 Act.
1534 1874 1566 1902 1.
1598 1866 1636 1906 1.

181 1926 278 1967 138.
313 1925 410 1966 Sine
444 1932 490 1966 ut
524 1926 696 1966 eveniat.
757 1924 862 1966 Act.
885 1937 956 1966 111.
977 1926 1020 1967 3.
1039 1926 1112 1967 24.
1146 1924 1371 1981 Insperatoe
1395 1930 1546 1983 mtptiae
1567 1929 1640 1972 hoc

181 2001 304 2049 atque
342 1992 472 2034 invito
506 1992 743 2047 Pamphilo.
807 1992 912 2035 Act.
957 2005 1022 2035 lv.
1064 1996 1104 2037 1.
1146 1995 1215 2036 59.
1249 1994 1358 2036 Hem
1399 1997 1468 2037 secl
1505 2013 1638 2042 mane.

182 2061 287 2104 Act.
310 2073 353 2102 V.
376 2063 505 2103 1.19.
541 2060 840 2116 Objurgantem
875 2061 1082 2104 ancillam.
1143 2063 1255 2104 Eun.
1290 2063 1392 2106 Act.
1430 2078 1460 2106 1.
1495 2068 1535 2108 2.
1569 2068 1639 2110 35.

182 2128 411 2183 Abreptam
431 2143 450 2169 e
472 2129 608 2170 Samo.
670 2130 772 2171 Act.
793 2142 844 2172 11.
865 2131 907 2172 3.
929 2132 969 2172 ’7.
1006 2129 1321 2186 Ofortunatum
1343 2147 1487 2173 senem.
1548 2135 1641 2177 lbi-

185 2195 284 2237 dem
319 2197 389 2238 24.
424 2195 616 2237 Reddam
655 2205 842 2238 creatura
863 2198 1065 2253 junceus:
1108 2204 1152 2241 et
1186 2201 1256 2241 45.
1292 2199 1457 2241 Scilicet
1493 2201 1639 2246 desine.

185 2262 292 2306 Act.
316 2275 392 2306 ΙΙΙ.
425 2265 466 2306 l.
498 2267 541 2307 6.
576 2264 653 2306 Est
681 2267 782 2307 isluc
813 2266 956 2308 (latrem
986 2267 1231 2322 profectum.
1292 2268 1550 2310 Act.111.5.
1570 2271 1639 2312 37.

187 2330 340 2373 Diaizae
356 2331 516 2374 misisse.
576 2332 676 2375 Act.
701 2346 764 2374 1v.
785 2335 826 2375 6.
848 2335 918 2376 31.
952 2334 1102 2376 Animo
1116 2336 1287 2390 potenti.
1348 2335 1452 2377 Act.
1475 2349 1520 2376 v.
1541 2337 1580 2379 2.
1598 2337 1638 2378 8.

186 2397 444 2440 Miserrimus
470 2400 564 2455 feci
589 2400 834 2456 fligilando.
896 2402 1063 2444 Heaut.
1094 2402 1199 2444 Act.
1242 2415 1295 2445 ΙΙ.
1338 2404 1377 2444 1.
1416 2404 1485 2445 16.
1522 2404 1645 2449 Quod

184 2466 325 2508 deinde
356 2468 404 2518 ei,
435 2475 539 2509 recte
567 2476 635 2511 est.
695 2469 796 2511 Act.
820 2481 892 2512 111.
914 2471 955 2511 3.
976 2471 1048 2512 31.
1085 2469 1297 2514 Quantum
1327 2471 1403 2511 tibi
1429 2473 1556 2526 operis
1579 2473 1643 2514 Di

185 2534 299 2575 dant.
360 2537 463 2577 Act.
502 2548 548 2578 V.
577 2538 618 2578 1.
654 2538 694 2579 1.
729 2537 886 2579 Idcirco
920 2538 1012 2579 scio.
1072 2538 1260 2594 Adelph.
1292 2540 1396 2581 Act.
1432 2553 1461 2580 1.
1498 2541 1537 2582 2.
1572 2544 1642 2584 64.

182 2601 295 2647 Cum
315 2602 470 2656 placeo.
530 2604 633 2646 Act.
656 2616 729 2646 111.
751 2605 793 2647 2.
813 2606 886 2648 35.
921 2604 1095 2647 Patrem
1132 2607 1190 2648 ita
1220 2608 1480 2649 obsecratum.
1541 2608 1641 2651 Act.

188 2681 261 2711 111.
279 2671 319 2711 3.
340 2671 409 2712 23.
446 2671 682 2727 Congruum
706 2673 840 2714 istum.
899 2673 1002 2717 Act.
1027 2686 1091 2716 lv.
1113 2677 1155 2718 2.
1176 2676 1246 2717 23.
1280 2674 1374 2716 Non
1390 2677 1544 2730 puduit
1575 2692 1641 2717 sc:

185 2741 227 2780 et
246 2738 317 2780 28.
352 2736 525 2794 Referre
546 2754 623 2780 non
644 2740 855 2782 audebam.
916 2741 1021 2784 Act.
1047 2755 1108 2783 iv.
1140 2745 1181 2786 3.
1218 2744 1287 2786 14.
1322 2742 1381 2784 Et
1412 2752 1516 2785 certo
1547 2745 1641 2795 scio,
