1903 3306
311 205 397 246 408
812 216 850 244 P.
883 215 1126 246 TERENTH
1162 215 1279 245 AFRI

312 311 485 362 Tremo,
508 311 763 365 horreoque,
783 317 1019 364 postquam
1045 310 1205 363 aspexi
1225 309 1351 350 hanc.
1412 309 1501 350 PA.
1523 309 1653 352 Bono
1674 311 1784 353 ani-v

486 393 558 420 mo
582 392 656 420 es:

314 447 494 488 Accede
515 446 571 488 ad
593 448 736 499 ignem
758 447 886 495 hunc,
903 445 998 499 jam
1022 445 1219 485 calesces
1241 445 1341 498 plus
1362 445 1483 486 satis.
1741 448 1770 488 5

313 515 405 555 TH.
439 514 552 564 Quis
572 514 642 555 hic
662 514 886 568 loquitur?
908 513 1045 562 ehem,
1067 511 1153 553 tun’
1173 513 1245 553 hic
1268 526 1380 564 eras,
1398 514 1458 555 mi
1476 513 1712 555 Phaedria?

316 581 437 632 Quid
458 582 529 623 hic
552 583 738 624 stabas?
763 596 839 623 cur
857 594 944 622 non
964 585 1085 623 recta
1105 581 1353 623 introibas‘l
1416 581 1504 624 PA.
1534 581 1743 623 Ceterum

316 649 388 690 De
411 649 668 690 exclusione
689 650 870 690 verbum
891 649 1072 689 nullum.
1132 649 1225 690 ΤΗ.
1259 648 1380 699 Quid
1402 650 1556 690 taces?

316 716 407 756 PH.
440 716 571 766 Sane,
593 716 697 769 quia
718 729 821 757 vero
843 715 912 757 hae
931 716 1039 757 mihi
1061 719 1217 770 patent
1237 730 1409 770 semper
1427 717 1566 758 fores:

317 782 413 825 Aut
434 785 541 838 quia
562 798 658 825 sum
681 784 802 838 apud
823 788 865 825 te
887 785 1070 838 primus.
1128 785 1221 826 ΤΗ.
1255 784 1401 826 Missa
1419 785 1546 826 istaec
1566 784 1679 826 face.
1718 783 1774 824 10

318 852 410 893 PH.
442 852 564 903 Quid
585 853 754 894 missa?
785 866 811 893 ο
843 852 997 902 Thais,
1019 853 1174 903 Thais,
1194 853 1362 894 utinam
1383 858 1502 894 esset
1519 853 1625 894 mihi

319 920 433 961 Pars
455 934 587 974 aequa
608 922 769 962 amoris
789 925 950 971 tecum,
978 935 1031 962 ac
1053 922 1219 975 pariter
1238 921 1375 971 fieret,

319 988 381 1029 Ut
403 992 477 1029 aut
498 989 579 1030 hoc
600 990 680 1029 tibi
703 989 870 1030 doleret
888 990 1056 1040 itidem,
1074 993 1123 1031 ut
1143 990 1252 1031 mihi
1273 989 1403 1038 dolet,

319 1057 411 1096 Aut
432 1069 511 1110 ego
532 1057 643 1098 istuc
665 1058 745 1098 abs
767 1062 809 1098 te
831 1057 996 1099 sactum
1019 1059 1142 1099 nihili
1163 1058 1416 1112 penderem.

318 1124 409 1165 Tu.
447 1125 515 1164 Ne
536 1126 684 1166 crucia
708 1132 764 1175 te,
788 1127 991 1176 obsecro,
1015 1127 1160 1168 anime
1181 1127 1256 1177 mi,
1277 1127 1337 1167 mi
1359 1125 1581 1167 Phaedria.
1721 1123 1778 1164 15

321 1192 426 1233 Non
448 1193 539 1245 pol,
562 1207 648 1246 quo
672 1207 921 1247 quenquam
946 1194 1044 1248 plus
1066 1208 1222 1244 amem,
1243 1199 1323 1235 aut
1342 1194 1445 1248 plus
1466 1193 1660 1246 diligam,

322 1261 388 1301 Eo
410 1261 494 1301 seci
513 1274 521 1302 :
553 1261 629 1301 sed
652 1261 715 1302 ita
735 1266 828 1302 erat
848 1274 945 1302 res:
976 1261 1229 1302 faciundum
1251 1261 1350 1303 suit.

321 1328 409 1369 PA.
442 1328 602 1379 Credo,
625 1334 676 1370 ut
697 1329 759 1379 fit,
785 1332 947 1371 misera
968 1343 1058 1384 prae
1081 1343 1231 1371 amore
1253 1328 1441 1370 exclusti
1461 1328 1573 1369 hunc
1595 1327 1728 1368 foras.

322 1468 377 1499 que
382 1458 521 1498 frigore,
536 1458 588 1489 uhi
604 1458 681 1489 hunc
696 1458 800 1488 videre
813 1458 900 1498 coepi.
943 1458 1010 1488 PA.
1029 1457 1095 1488 Fac
1107 1458 1171 1488 allo
1178 1456 1321 1496 sortique
1333 1455 1378 1486 sis
1391 1455 1555 1495 animo‚ne
1565 1453 1761 1495 perturberis
1772 1462 1783 1484 ε

319 1503 347 1531 si
364 1502 470 1532 horres
476 1501 619 1540 frigore,
633 1502 740 1532 accede
755 1503 794 1532 ad
807 1501 885 1531 hunc
900 1500 1002 1540 ignem
1014 1500 1179 1541 (nimirum
1198 1498 1364 1537 Thaidem)
1376 1509 1386 1529 :
1400 1499 1472 1538 J‘um
1486 1498 1605 1540 culefies
1616 1498 1780 1539 plusquam

320 1546 399 1574 sutis
411 1546 462 1575 sit.
507 1545 580 1576 ΤΗ.
608 1545 688 1581 Quis
702 1544 751 1574 hic
774 1543 934 1584 loquitur?
958 1544 1036 1581 hem,
1060 1547 1133 1574 lune
1157 1552 1237 1581 erim,
1260 1542 1304 1573 mi
1326 1539 1501 1573 Plaeaedria?
1523 1541 1599 1581 quid
1619 1541 1669 1572 hic
1691 1545 1780 1572 stans

322 1586 489 1619 manebas?
511 1597 566 1618 cur
587 1597 646 1617 non
669 1591 754 1617 recta
769 1588 889 1617 domum
915 1584 1167 1625 ingrediebaris?
1212 1586 1278 1617 PA.
1302 1585 1354 1615 De
1374 1588 1486 1623 cetero,
1512 1585 1592 1624 quod
1615 1584 1781 1615 excluserit

323 1630 439 1661 cedibus
458 1630 647 1670 Plroerlrium,
665 1630 839 1660 introducto
854 1630 966 1668 milite,
982 1640 1019 1660 ne
1034 1639 1128 1660 unum
1143 1628 1267 1669 quidem
1287 1627 1410 1657 verbum
1423 1628 1564 1667 protulit.
1607 1627 1678 1658 ΤΗ.
1696 1626 1782 1662 Quid

321 1679 417 1713 luces,
433 1672 605 1704 Phoezlria?
653 1674 720 1704 PH.
747 1673 844 1707 Quasi
867 1683 937 1702 vcro
958 1673 1007 1702 hoe
1031 1672 1107 1702 mihi
1131 1681 1247 1711 semper
1270 1675 1386 1709 apertae
1399 1670 1570 1708 sintfores,
1583 1673 1637 1700 aut
1654 1669 1726 1710 quia
1742 1678 1783 1699 ex

324 1716 385 1746 luis
400 1716 591 1746 ‹mearat-ibus
606 1715 664 1746 tibi
678 1716 737 1746 sim
751 1717 923 1755 proecipuus
935 1716 1056 1753 gratia.
1101 1715 1169 1746 ΤΗ.
1197 1714 1318 1744 Omitte
1341 1714 1405 1744 hoec
1427 1713 1532 1743 odiosa
1554 1712 1659 1743 verbu.
1706 1712 1779 1743 ΡΗ.

327 1757 506 1790 Omillum?
534 1760 562 1789 0
582 1759 687 1795 Thais,
714 1758 831 1789 Thais!
855 1759 976 1789 utinum
1002 1760 1107 1788 mutuo
1133 1766 1237 1787 umore
1263 1756 1341 1786 milri
1359 1757 1569 1796 responderes,
1575 1754 1731 1796 fieretque
1747 1757 1782 1784 ut

324 1802 463 1841 injuriae,
489 1812 580 1842 quum
603 1802 679 1832 mihi
695 1801 817 1838 fecisti,
843 1802 990 1832 memoria
1007 1805 1038 1831 te
1051 1810 1136 1840 oeque
1151 1810 1187 1830 uc
1203 1810 1248 1830 me
1263 1800 1426 1837 cruciaret,
1442 1802 1496 1828 uut
1512 1798 1602 1829 nihili
1617 1808 1685 1828 eum
1696 1798 1784 1828 ‹esti-

324 1855 448 1876 murem.
492 1846 518 1875 Τ
521 1853 558 1876 Η.
585 1846 635 1876 Ne
651 1848 682 1875 te
703 1845 805 1875 dolore
829 1845 962 1886 ‹ffligus‚
987 1843 1120 1883 obsecro,
1145 1843 1187 1873 mi
1211 1842 1358 1879 animale,
1372 1842 1415 1872 mi
1431 1840 1607 1877 Plaaedrz'm
1631 1850 1704 1879 non,
1725 1849 1784 1880 per

326 1888 496 1926 Pollucem,
515 1899 576 1919 non
599 1889 631 1919 id
654 1891 815 1928 propterea
823 1887 902 1925 jeci,
918 1888 997 1927 quod
1012 1887 1108 1917 alium
1123 1886 1218 1916 ullum
1234 1885 1345 1923 majori
1360 1894 1474 1923 umore,
1487 1893 1578 1923 quum
1594 1887 1624 1913 te
1639 1883 1784 1924 complec-

326 1935 388 1967 tar,
405 1934 459 1962 aut
475 1932 624 1962 cariorem
640 1931 776 1968 habeam,
791 1932 844 1961 sed
859 1930 892 1960 in
908 1940 940 1960 eo
957 1933 1041 1960 statu
1054 1939 1105 1959 res
1117 1932 1196 1967 erut,
1212 1932 1246 1958 ut
1261 1928 1306 1958 itu
1315 1927 1422 1966 fucere
1438 1937 1484 1958 me
1497 1926 1680 1967 oportuerit.
1717 1926 1782 1957 PA.

327 1973 407 2005 Suae
433 1984 518 2013 vero,
544 1977 580 2005 ut
594 1974 673 2015 fieri
695 1974 783 2013 solet,
806 1976 936 2013 propter
960 1982 1107 2011 aurorem,
1131 1981 1189 2011 quo
1212 1972 1298 2001 ‘illum
1320 1970 1530 2011 prosequitur,
1546 1970 1644 2000 eidem
1657 1968 1786 2000 occlusit

945 2066 1145 2078 “neven-te
1149 2066 1187 2077 ‘e

373 2138 391 2165 4
417 2134 465 2165 M.
494 2137 559 2164 esto
583 2143 644 2174 pro
669 2143 710 2165 es.
756 2133 822 2164 Sed
851 2138 885 2164 et
914 2133 963 2164 ita
988 2133 1077 2165 Pall.
1105 2139 1189 2165 treS.
1216 2133 1378 2164 nest-6
1400 2131 1433 2164 J.
1454 2130 1639 2171 obloquitur.
1683 2129 1786 2170 Vulg.

329 2177 475 2208 tun'eras
491 2178 615 2208 hia—7
643 2177 733 2217 Lips.
760 2179 846 2207 recta
872 2176 1024 2207 intrabas.
1052 2175 1169 2208 Guelf.
1199 2179 1228 2206 1.
1256 2175 1381 2206 introib.
1398 2175 1548 2205 vim—12
1570 2174 1638 2205 Aut
1662 2183 1724 2214 pro
1749 2183 1786 2204 ac

331 2219 447 2251 Guelf.
468 2223 496 2250 1.
542 2220 589 2250 Ac
611 2222 730 2260 pariter
745 2219 855 2260 fieret,
876 2219 927 2259 ut]
952 2219 992 2250 In
1016 2220 1072 2250 lib.
1091 2220 1187 2250 Beni.
1206 2219 1371 2258 particula
1387 2221 1421 2248 ut
1438 2216 1656 2257 subsequenti
1673 2216 1786 2247 versui

329 2264 543 2304 adjungitur:
570 2263 618 2293 ita
635 2264 643 2279 ‘
656 2262 755 2293 fieret
768 2262 775 2275 ’
795 2263 934 2302 primani
954 2263 1123 2303 producit.
1150 2262 1295 2292 Fu.-13
1320 2261 1421 2292 Both.
1434 2260 1544 2300 fieret,
1559 2260 1624 2290 Aut
1638 2258 1698 2290 tibi
1712 2259 1787 2290 h.—

332 2310 371 2337 14
396 2306 480 2337 Cod.
498 2304 736 2344 Academicus,
750 2305 806 2336 ‘cili
819 2307 1078 2345 penderem—15
1102 2305 1195 2344 lips.
1212 2304 1298 2334 alter
1314 2309 1348 2334 et
1366 2303 1409 2334 G.
1424 2302 1572 2333 cruciare.
1616 2302 1729 2333 Anime
1744 2301 1786 2331 mi

331 2348 497 2388 Plzoedrz'u]
522 2349 575 2378 Sic
601 2349 660 2379 Fa.
690 2348 750 2388 [G.
766 2349 825 2378 ΒΓ.
842 2349 914 2378 ΕΤ.
933 2348 1013 2379 ΕΜ.
1034 2347 1090 2387 Ζ.]
1116 2352 1230 2377 errato
1256 2346 1376 2386 opinor
1403 2344 1630 2386 Typograpbi.
1676 2344 1787 2375 Recte

332 2392 402 2431 alii,
425 2392 528 2422 anime
544 2391 598 2430 mi,
615 2391 657 2421 mi
674 2391 837 2422 Plraedria.
860 2391 963 2422 Bent.
1008 2391 1110 2422 Both.
1127 2390 1230 2429 legit:
1257 2390 1306 2420 Ne
1322 2389 1426 2419 crucia
1441 2388 1570 2418 nimium
1592 2391 1633 2423 te,
1653 2387 1786 2422 obsecro,

330 2436 374 2465 mi
402 2432 578 2465 Phaedria!
613 2439 647 2464 et
673 2438 782 2472 notat,
817 2438 824 2450 ¹
843 2434 894 2463 Ne
918 2433 1023 2464 crucia
1050 2437 1091 2470 te,
1121 2433 1253 2471 obsecro,
1282 2432 1385 2464 anime
1413 2430 1468 2466 mi,
1493 2430 1656 2466 Phoedriu,
1686 2439 1789 2460 versu

331 2478 457 2508 hiante.
504 2477 605 2507 Bent.
622 2477 723 2507 anime
737 2477 792 2513 mi,
804 2477 847 2507 mi
862 2476 1025 2515 Phaedria,
1046 2475 1239 2515 κακοφώνως.
1284 2475 1490 2514 Con-uptam
1507 2482 1630 2504 censeo
1646 2471 1788 2503 verbum

332 2521 446 2556 anime,
470 2529 488 2549 a
506 2529 571 2560 quo
589 2529 695 2559 prope
711 2519 821 2559 abest,
837 2519 925 2560 quod
944 2520 1094 2559 reposui,
1110 2519 1250 2550 nimium.
1280 2517 1331 2548 Cf.
1347 2517 1474 2547 Heaut.
1490 2515 1663 2547 180.'-18
1686 2515 1788 2546 Bodl.

333 2563 487 2593 excludit:
512 2567 608 2602 patet
625 2571 705 2593 vero
722 2563 897 2593 Donatum
921 2563 968 2593 cel
983 2563 1115 2593 exclusti
1132 2562 1266 2602 legisse,
1290 2560 1379 2601 quod
1397 2563 1512 2590 tuetur
1537 2558 1597 2590 Fa.
1625 2558 1673 2589 rel
1686 2558 1790 2588 exclu-

333 2606 416 2636 sisti.
464 2605 521 2636 Pr.
539 2604 593 2635 lib.
611 2614 684 2637 xxv.
710 2610 744 2636 et
764 2605 857 2645 Lips.
874 2605 1017 2636 exclusit.
1045 2605 1150 2636 West.
1196 2603 1312 2634 Verba
1330 2602 1451 2633 Fae'rni
1475 2602 1548 2632 haec
1571 2607 1669 2632 sunt:
1691 2600 1700 2617 ‘
1719 2600 1787 2630 Ex-

333 2650 423 2679 clusit
450 2648 528 2678 hunc
547 2647 653 2687 sorus]
678 2648 734 2678 Ita
751 2653 788 2679 nt
804 2658 908 2688 supra
924 2647 1049 2678 habent
1069 2656 1184 2678 omnes
1202 2646 1329 2686 antiqui
1348 2645 1430 2676 libb.
1449 2648 1483 2674 at
1499 2653 1612 2674 omnes
1630 2648 1789 2674 recentes

336 2698 369 2722 et
389 2692 451 2721 Do.
470 2700 508 2721 ac
526 2690 585 2720 Pr.
611 2691 787 2721 exclusisti.-
811 2701 875 2730 ego
895 2691 1027 2721 exclusti
1051 2689 1232 2730 legendum
1249 2689 1408 2723 arbitror,
1425 2686 1543 2716 ordine
1561 2689 1690 2717 tautum
1706 2686 1788 2716 dua-

336 2744 407 2764 rum
426 2734 598 2763 literarum
617 2743 658 2763 ex
677 2734 816 2774 antiqua
832 2734 911 2764 lect.
929 2734 1124 2764 immutato:
1150 2733 1197 2762 ita
1222 2730 1403 2762 conveniet
1428 2739 1502 2759 cum
1532 2728 1642 2759 verbis
1659 2727 1791 2759 Donati

336 2776 495 2818 dicentis,
515 2776 524 2793 ‘
542 2777 789 2808 Parmenonem
814 2776 876 2807 boc
907 2776 1061 2807 intulisse
1077 2774 1159 2816 παρὰ
1173 2773 1371 2816 προσδοκίαν,
1393 2771 1556 2803 intuendo
1572 2772 1731 2814 puellam,
1755 2776 1790 2802 et
