<?xml version="1.0" encoding="UTF-8"?>
<!DOCTYPE html PUBLIC "-//W3C//DTD XHTML 1.0 Transitional//EN"
    "http://www.w3.org/TR/xhtml1/DTD/xhtml1-transitional.dtd">
<html xmlns="http://www.w3.org/1999/xhtml" xml:lang="en" lang="en">
 <head>
  <title>
</title>
<meta http-equiv="Content-Type" content="text/html;charset=utf-8" />
  <meta name='ocr-system' content='tesseract 3.04.00' />
  <meta name='ocr-capabilities' content='ocr_page ocr_carea ocr_par ocr_line ocrx_word'/>
</head>
<body>
  <div class='ocr_page' id='page_1' title='image "./pubterentiiafric01tereuoft/pubterentiiafric01tereuoft_0143.png"; bbox 0 0 1903 3306; ppageno 0'>
   <div class='ocr_carea' id='block_1_1' title="bbox 571 228 1535 267">
    <p class='ocr_par' dir='ltr' id='par_1_1' title="bbox 571 228 1535 267">
     <span class='ocr_line' id='line_1_1' title="bbox 571 228 1535 267; baseline 0.007 -7"><span class='ocrx_word' id='word_1_1' title='bbox 571 231 699 260; x_wconf 69' lang='lat' dir='ltr'>nivii</span> <span class='ocrx_word' id='word_1_2' title='bbox 735 231 1044 263; x_wconf 75' lang='lat' dir='ltr'>CASTIGATlo.</span> <span class='ocrx_word' id='word_1_3' title='bbox 1454 228 1535 267; x_wconf 76' lang='lat'>1:33</span> 
     </span>
    </p>
   </div>
   <div class='ocr_carea' id='block_1_2' title="bbox 76 323 1536 2541">
    <p class='ocr_par' dir='ltr' id='par_1_2' title="bbox 76 323 1536 2541">
     <span class='ocr_line' id='line_1_2' title="bbox 87 323 1534 379; baseline 0.006 -21"><span class='ocrx_word' id='word_1_4' title='bbox 87 328 159 368; x_wconf 90' lang='lat' dir='ltr'>tra,</span> <span class='ocrx_word' id='word_1_5' title='bbox 175 323 278 374; x_wconf 86' lang='lat' dir='ltr'>apud</span> <span class='ocrx_word' id='word_1_6' title='bbox 294 323 508 374; x_wconf 85' lang='lat' dir='ltr'>Virgilium,</span> <span class='ocrx_word' id='word_1_7' title='bbox 524 324 658 362; x_wconf 87' lang='lat' dir='ltr'>ultima</span> <span class='ocrx_word' id='word_1_8' title='bbox 675 324 930 374; x_wconf 80' lang='lat' dir='ltr'>praecedentis</span> <span class='ocrx_word' id='word_1_9' title='bbox 948 325 1054 362; x_wconf 83' lang='lat' dir='ltr'>initio</span> <span class='ocrx_word' id='word_1_10' title='bbox 1071 326 1306 377; x_wconf 82' lang='lat' dir='ltr'>quandoque</span> <span class='ocrx_word' id='word_1_11' title='bbox 1327 329 1534 379; x_wconf 85' lang='lat' dir='ltr'>insequen-</span> 
     </span>
     <span class='ocr_line' id='line_1_3' title="bbox 86 385 1532 444; baseline 0.006 -23"><span class='ocrx_word' id='word_1_12' title='bbox 86 385 134 422; x_wconf 87' lang='lat' dir='ltr'>tis</span> <span class='ocrx_word' id='word_1_13' title='bbox 156 386 404 424; x_wconf 84' lang='lat' dir='ltr'>absorbetur:</span> <span class='ocrx_word' id='word_1_14' title='bbox 425 385 539 436; x_wconf 83' lang='lat' dir='ltr'>quale</span> <span class='ocrx_word' id='word_1_15' title='bbox 559 395 619 425; x_wconf 87' lang='lat' dir='ltr'>est</span> <span class='ocrx_word' id='word_1_16' title='bbox 637 400 646 424; x_wconf 75' lang='grc' dir='ltr'>ε</span> <span class='ocrx_word' id='word_1_17' title='bbox 678 394 689 412; x_wconf 84' lang='lat'>‘</span> <span class='ocrx_word' id='word_1_18' title='bbox 704 387 806 424; x_wconf 89' lang='lat' dir='ltr'>Ecce</span> <span class='ocrx_word' id='word_1_19' title='bbox 825 387 955 425; x_wconf 86' lang='lat' dir='ltr'>furens</span> <span class='ocrx_word' id='word_1_20' title='bbox 978 389 1115 426; x_wconf 89' lang='lat' dir='ltr'>animis</span> <span class='ocrx_word' id='word_1_21' title='bbox 1137 389 1272 428; x_wconf 90' lang='lat' dir='ltr'>aderat</span> <span class='ocrx_word' id='word_1_22' title='bbox 1295 391 1532 444; x_wconf 64' lang='lat' dir='ltr'>Tyrinthius‚</span> 
     </span>
     <span class='ocr_line' id='line_1_4' title="bbox 86 450 1534 507; baseline 0.005 -21"><span class='ocrx_word' id='word_1_23' title='bbox 86 461 316 500; x_wconf 84' lang='lat' dir='ltr'>omnemque</span> <span class='ocrx_word' id='word_1_24' title='bbox 335 450 550 488; x_wconf 87' lang='lat' dir='ltr'><strong>Accessum</strong></span> <span class='ocrx_word' id='word_1_25' title='bbox 571 450 769 489; x_wconf 62' lang='lat' dir='ltr'>lustrans!</span> <span class='ocrx_word' id='word_1_26' title='bbox 825 450 1054 502; x_wconf 88' lang='lat' dir='ltr'>Cujusmodi</span> <span class='ocrx_word' id='word_1_27' title='bbox 1076 466 1208 490; x_wconf 89' lang='lat' dir='ltr'>versus</span> <span class='ocrx_word' id='word_1_28' title='bbox 1230 455 1443 507; x_wconf 79' lang='grc' dir='ltr'>ὑπέρμετροι</span> <span class='ocrx_word' id='word_1_29' title='bbox 1474 456 1534 493; x_wconf 89' lang='lat' dir='ltr'>di—</span> 
     </span>
     <span class='ocr_line' id='line_1_5' title="bbox 86 513 1533 564; baseline 0.006 -15"><span class='ocrx_word' id='word_1_30' title='bbox 86 518 239 557; x_wconf 88' lang='lat' dir='ltr'>cuntur,</span> <span class='ocrx_word' id='word_1_31' title='bbox 269 513 383 551; x_wconf 86' lang='lat' dir='ltr'>sicuti</span> <span class='ocrx_word' id='word_1_32' title='bbox 413 520 553 564; x_wconf 81' lang='lat' dir='ltr'>praeter</span> <span class='ocrx_word' id='word_1_33' title='bbox 573 515 900 553; x_wconf 86' lang='lat' dir='ltr'>aliosDiomedes</span> <span class='ocrx_word' id='word_1_34' title='bbox 922 517 1104 554; x_wconf 84' lang='lat' dir='ltr'>ostendit.</span> <span class='ocrx_word' id='word_1_35' title='bbox 1162 517 1298 560; x_wconf 85' lang='lat' dir='ltr'>Qualis</span> <span class='ocrx_word' id='word_1_36' title='bbox 1321 519 1383 556; x_wconf 90' lang='lat' dir='ltr'>ille</span> <span class='ocrx_word' id='word_1_37' title='bbox 1404 520 1533 564; x_wconf 82' lang='lat' dir='ltr'>etiam,</span> 
     </span>
     <span class='ocr_line' id='line_1_6' title="bbox 86 575 1532 631; baseline 0.006 -18"><span class='ocrx_word' id='word_1_38' title='bbox 86 575 190 626; x_wconf 85' lang='lat' dir='ltr'>apud</span> <span class='ocrx_word' id='word_1_39' title='bbox 209 575 360 614; x_wconf 89' lang='lat' dir='ltr'>Terent.</span> <span class='ocrx_word' id='word_1_40' title='bbox 382 576 420 613; x_wconf 92' lang='lat' dir='ltr'>in</span> <span class='ocrx_word' id='word_1_41' title='bbox 441 577 565 615; x_wconf 88' lang='lat' dir='ltr'><strong>Andr.</strong></span> <span class='ocrx_word' id='word_1_42' title='bbox 596 582 605 599; x_wconf 89' lang='lat'>‘</span> <span class='ocrx_word' id='word_1_43' title='bbox 625 578 731 616; x_wconf 91' lang='lat' dir='ltr'>Tuus</span> <span class='ocrx_word' id='word_1_44' title='bbox 752 586 860 628; x_wconf 88' lang='lat' dir='ltr'>pater</span> <span class='ocrx_word' id='word_1_45' title='bbox 893 579 1009 617; x_wconf 90' lang='lat' dir='ltr'>modo</span> <span class='ocrx_word' id='word_1_46' title='bbox 1039 593 1099 618; x_wconf 93' lang='lat' dir='ltr'>me</span> <span class='ocrx_word' id='word_1_47' title='bbox 1130 581 1348 631; x_wconf 88' lang='lat' dir='ltr'>prehendit,</span> <span class='ocrx_word' id='word_1_48' title='bbox 1384 582 1437 620; x_wconf 87' lang='lat' dir='ltr'>ait</span> <span class='ocrx_word' id='word_1_49' title='bbox 1466 584 1532 621; x_wconf 90' lang='lat' dir='ltr'>tibi</span> 
     </span>
     <span class='ocr_line' id='line_1_7' title="bbox 86 638 1532 690; baseline 0.006 -14"><span class='ocrx_word' id='word_1_50' title='bbox 86 651 245 677; x_wconf 85' lang='lat' dir='ltr'>uxorem</span> <span class='ocrx_word' id='word_1_51' title='bbox 277 638 369 677; x_wconf 89' lang='lat' dir='ltr'>dare</span> <span class='ocrx_word' id='word_1_52' title='bbox 401 652 486 678; x_wconf 85' lang='lat' dir='ltr'>sese</span> <span class='ocrx_word' id='word_1_53' title='bbox 520 641 649 679; x_wconf 86' lang='lat' dir='ltr'>Hodie</span> <span class='ocrx_word' id='word_1_54' title='bbox 663 641 688 679; x_wconf 73' lang='grc' dir='ltr'>τ’</span> <span class='ocrx_word' id='word_1_55' title='bbox 714 643 803 680; x_wconf 87' lang='lat' dir='ltr'>item</span> <span class='ocrx_word' id='word_1_56' title='bbox 839 643 915 680; x_wconf 86' lang='lat' dir='ltr'>alia</span> <span class='ocrx_word' id='word_1_57' title='bbox 949 644 1084 690; x_wconf 86' lang='lat' dir='ltr'>multa,</span> <span class='ocrx_word' id='word_1_58' title='bbox 1116 647 1188 682; x_wconf 84' lang='lat' dir='ltr'>&amp;c.</span> <span class='ocrx_word' id='word_1_59' title='bbox 1259 645 1324 684; x_wconf 85' lang='lat' dir='ltr'>Sic</span> <span class='ocrx_word' id='word_1_60' title='bbox 1353 646 1452 684; x_wconf 90' lang='lat' dir='ltr'>enim</span> <span class='ocrx_word' id='word_1_61' title='bbox 1487 660 1532 684; x_wconf 87' lang='lat' dir='ltr'>ex</span> 
     </span>
     <span class='ocr_line' id='line_1_8' title="bbox 84 703 1532 758; baseline 0.006 -19"><span class='ocrx_word' id='word_1_62' title='bbox 84 703 355 753; x_wconf 86' lang='lat' dir='ltr'>observatione</span> <span class='ocrx_word' id='word_1_63' title='bbox 385 704 630 755; x_wconf 87' lang='lat' dir='ltr'>antiquorum</span> <span class='ocrx_word' id='word_1_64' title='bbox 661 705 838 744; x_wconf 89' lang='lat' dir='ltr'>codicum</span> <span class='ocrx_word' id='word_1_65' title='bbox 872 707 1065 758; x_wconf 86' lang='lat' dir='ltr'>legimus;</span> <span class='ocrx_word' id='word_1_66' title='bbox 1094 722 1166 747; x_wconf 92' lang='lat' dir='ltr'>nec</span> <span class='ocrx_word' id='word_1_67' title='bbox 1197 722 1308 747; x_wconf 88' lang='lat' dir='ltr'>secus</span> <span class='ocrx_word' id='word_1_68' title='bbox 1340 709 1532 757; x_wconf 83' lang='lat' dir='ltr'>Donatus,</span> 
     </span>
     <span class='ocr_line' id='line_1_9' title="bbox 83 765 1535 817; baseline 0.006 -14"><span class='ocrx_word' id='word_1_69' title='bbox 83 772 128 804; x_wconf 88' lang='lat' dir='ltr'>ut</span> <span class='ocrx_word' id='word_1_70' title='bbox 146 765 303 816; x_wconf 88' lang='lat' dir='ltr'>quidem</span> <span class='ocrx_word' id='word_1_71' title='bbox 323 773 362 805; x_wconf 87' lang='lat' dir='ltr'>et</span> <span class='ocrx_word' id='word_1_72' title='bbox 382 766 560 806; x_wconf 87' lang='lat' dir='ltr'>Romana</span> <span class='ocrx_word' id='word_1_73' title='bbox 579 768 697 806; x_wconf 90' lang='lat' dir='ltr'>habet</span> <span class='ocrx_word' id='word_1_74' title='bbox 715 777 755 807; x_wconf 88' lang='lat' dir='ltr'>et</span> <span class='ocrx_word' id='word_1_75' title='bbox 785 770 938 808; x_wconf 88' lang='lat' dir='ltr'>Veneta</span> <span class='ocrx_word' id='word_1_76' title='bbox 969 771 1099 817; x_wconf 88' lang='lat' dir='ltr'>editio,</span> <span class='ocrx_word' id='word_1_77' title='bbox 1130 773 1463 811; x_wconf 83' lang='lat' dir='ltr'>consentientibus</span> <span class='ocrx_word' id='word_1_78' title='bbox 1497 782 1535 812; x_wconf 88' lang='lat' dir='ltr'>et</span> 
     </span>
     <span class='ocr_line' id='line_1_10' title="bbox 85 829 1533 886; baseline 0.007 -20"><span class='ocrx_word' id='word_1_79' title='bbox 85 829 170 867; x_wconf 83' lang='lat' dir='ltr'>aliis</span> <span class='ocrx_word' id='word_1_80' title='bbox 189 830 435 880; x_wconf 89' lang='lat' dir='ltr'>quibusdam.</span> <span class='ocrx_word' id='word_1_81' title='bbox 493 832 567 870; x_wconf 87' lang='lat' dir='ltr'>Hic</span> <span class='ocrx_word' id='word_1_82' title='bbox 596 832 713 883; x_wconf 85' lang='lat' dir='ltr'>igitur</span> <span class='ocrx_word' id='word_1_83' title='bbox 746 833 841 871; x_wconf 92' lang='lat' dir='ltr'>illud</span> <span class='ocrx_word' id='word_1_84' title='bbox 870 838 937 872; x_wconf 91' lang='lat' dir='ltr'>‘se</span> <span class='ocrx_word' id='word_1_85' title='bbox 958 835 967 849; x_wconf 80' lang='lat'><strong><em>⁹</em></strong></span> <span class='ocrx_word' id='word_1_86' title='bbox 991 835 1028 872; x_wconf 92' lang='lat' dir='ltr'>in</span> <span class='ocrx_word' id='word_1_87' title='bbox 1064 836 1138 873; x_wconf 86' lang='lat' dir='ltr'>fine</span> <span class='ocrx_word' id='word_1_88' title='bbox 1169 837 1304 886; x_wconf 90' lang='lat' dir='ltr'>prioris</span> <span class='ocrx_word' id='word_1_89' title='bbox 1337 838 1533 876; x_wconf 80' lang='lat' dir='ltr'>absorberi</span> 
     </span>
     <span class='ocr_line' id='line_1_11' title="bbox 84 894 1532 949; baseline 0.007 -19"><span class='ocrx_word' id='word_1_90' title='bbox 84 902 244 932; x_wconf 85' lang='lat' dir='ltr'>necesse</span> <span class='ocrx_word' id='word_1_91' title='bbox 263 901 324 932; x_wconf 88' lang='lat' dir='ltr'>est</span> <span class='ocrx_word' id='word_1_92' title='bbox 339 894 450 933; x_wconf 90' lang='lat' dir='ltr'>initio</span> <span class='ocrx_word' id='word_1_93' title='bbox 470 897 686 947; x_wconf 81' lang='lat' dir='ltr'>sequentiS,</span> <span class='ocrx_word' id='word_1_94' title='bbox 706 898 812 948; x_wconf 90' lang='lat' dir='ltr'>quod</span> <span class='ocrx_word' id='word_1_95' title='bbox 834 905 872 935; x_wconf 93' lang='lat' dir='ltr'>et</span> <span class='ocrx_word' id='word_1_96' title='bbox 892 898 987 936; x_wconf 86' lang='lat' dir='ltr'>alias</span> <span class='ocrx_word' id='word_1_97' title='bbox 1010 899 1051 936; x_wconf 83' lang='lat' dir='ltr'>fit</span> <span class='ocrx_word' id='word_1_98' title='bbox 1067 899 1171 949; x_wconf 90' lang='lat' dir='ltr'>apud</span> <span class='ocrx_word' id='word_1_99' title='bbox 1192 900 1373 939; x_wconf 90' lang='lat' dir='ltr'>eundem.</span> <span class='ocrx_word' id='word_1_100' title='bbox 1432 903 1532 940; x_wconf 86' lang='lat' dir='ltr'>Sunt</span> 
     </span>
     <span class='ocr_line' id='line_1_12' title="bbox 83 959 1533 1014; baseline 0.006 -20"><span class='ocrx_word' id='word_1_101' title='bbox 83 963 213 995; x_wconf 86' lang='lat' dir='ltr'>autem</span> <span class='ocrx_word' id='word_1_102' title='bbox 233 971 365 996; x_wconf 89' lang='lat' dir='ltr'>versus</span> <span class='ocrx_word' id='word_1_103' title='bbox 385 959 584 1006; x_wconf 83' lang='lat' dir='ltr'>trochaici,</span> <span class='ocrx_word' id='word_1_104' title='bbox 605 967 656 1006; x_wconf 90' lang='lat' dir='ltr'>et,</span> <span class='ocrx_word' id='word_1_105' title='bbox 677 961 743 1011; x_wconf 92' lang='lat' dir='ltr'>qui</span> <span class='ocrx_word' id='word_1_106' title='bbox 763 961 867 998; x_wconf 91' lang='lat' dir='ltr'>volet</span> <span class='ocrx_word' id='word_1_107' title='bbox 886 962 1023 1006; x_wconf 83' lang='lat' dir='ltr'>metiri,</span> <span class='ocrx_word' id='word_1_108' title='bbox 1058 963 1113 1000; x_wconf 90' lang='lat' dir='ltr'>sic</span> <span class='ocrx_word' id='word_1_109' title='bbox 1133 963 1246 1014; x_wconf 88' lang='lat' dir='ltr'>plane</span> <span class='ocrx_word' id='word_1_110' title='bbox 1267 963 1409 1002; x_wconf 88' lang='lat' dir='ltr'>habere</span> <span class='ocrx_word' id='word_1_111' title='bbox 1429 978 1533 1003; x_wconf 77' lang='lat' dir='ltr'>com·</span> 
     </span>
     <span class='ocr_line' id='line_1_13' title="bbox 83 1020 1533 1079; baseline 0.006 -21"><span class='ocrx_word' id='word_1_112' title='bbox 83 1020 216 1071; x_wconf 88' lang='lat' dir='ltr'>periet.</span> <span class='ocrx_word' id='word_1_113' title='bbox 245 1022 349 1060; x_wconf 88' lang='lat' dir='ltr'>Talis</span> <span class='ocrx_word' id='word_1_114' title='bbox 364 1029 425 1061; x_wconf 89' lang='lat' dir='ltr'>est</span> <span class='ocrx_word' id='word_1_115' title='bbox 440 1023 503 1061; x_wconf 89' lang='lat' dir='ltr'>ille</span> <span class='ocrx_word' id='word_1_116' title='bbox 520 1037 566 1061; x_wconf 90' lang='lat' dir='ltr'>ex</span> <span class='ocrx_word' id='word_1_117' title='bbox 587 1024 767 1075; x_wconf 84' lang='lat' dir='ltr'>Hecyra:</span> <span class='ocrx_word' id='word_1_118' title='bbox 790 1030 798 1046; x_wconf 91' lang='lat'>‘</span> <span class='ocrx_word' id='word_1_119' title='bbox 819 1026 1016 1077; x_wconf 85' lang='lat' dir='ltr'>Disjunxit</span> <span class='ocrx_word' id='word_1_120' title='bbox 1034 1026 1138 1064; x_wconf 90' lang='lat' dir='ltr'>illum</span> <span class='ocrx_word' id='word_1_121' title='bbox 1156 1027 1204 1064; x_wconf 92' lang='lat' dir='ltr'>ab</span> <span class='ocrx_word' id='word_1_122' title='bbox 1224 1027 1305 1074; x_wconf 88' lang='lat' dir='ltr'>illa,</span> <span class='ocrx_word' id='word_1_123' title='bbox 1325 1035 1533 1079; x_wconf 84' lang='lat' dir='ltr'>postquam</span> 
     </span>
     <span class='ocr_line' id='line_1_14' title="bbox 83 1084 1532 1141; baseline 0.006 -20"><span class='ocrx_word' id='word_1_124' title='bbox 83 1084 223 1136; x_wconf 86' lang='lat' dir='ltr'>etipse</span> <span class='ocrx_word' id='word_1_125' title='bbox 244 1098 330 1123; x_wconf 91' lang='lat' dir='ltr'>sese</span> <span class='ocrx_word' id='word_1_126' title='bbox 351 1087 401 1124; x_wconf 92' lang='lat' dir='ltr'>Et</span> <span class='ocrx_word' id='word_1_127' title='bbox 421 1087 525 1125; x_wconf 89' lang='lat' dir='ltr'>illam</span> <span class='ocrx_word' id='word_1_128' title='bbox 543 1094 580 1125; x_wconf 89' lang='lat' dir='ltr'>et</span> <span class='ocrx_word' id='word_1_129' title='bbox 600 1087 700 1126; x_wconf 89' lang='lat' dir='ltr'>hanc</span> <span class='ocrx_word' id='word_1_130' title='bbox 721 1102 809 1139; x_wconf 81' lang='lat' dir='ltr'>quae</span> <span class='ocrx_word' id='word_1_131' title='bbox 831 1089 935 1127; x_wconf 92' lang='lat' dir='ltr'>domi</span> <span class='ocrx_word' id='word_1_132' title='bbox 955 1096 1037 1127; x_wconf 87' lang='lat' dir='ltr'>erat</span> <span class='ocrx_word' id='word_1_133' title='bbox 1053 1091 1237 1141; x_wconf 86' lang='lat' dir='ltr'>cognovit</span> <span class='ocrx_word' id='word_1_134' title='bbox 1257 1091 1376 1130; x_wconf 87' lang='lat' dir='ltr'>satis.&#39;</span> <span class='ocrx_word' id='word_1_135' title='bbox 1418 1093 1532 1131; x_wconf 85' lang='lat' dir='ltr'>Tales</span> 
     </span>
     <span class='ocr_line' id='line_1_15' title="bbox 81 1148 1533 1202; baseline 0.006 -17"><span class='ocrx_word' id='word_1_136' title='bbox 81 1148 199 1185; x_wconf 87' lang='lat' dir='ltr'>etiam</span> <span class='ocrx_word' id='word_1_137' title='bbox 220 1150 324 1200; x_wconf 87' lang='lat' dir='ltr'>apud</span> <span class='ocrx_word' id='word_1_138' title='bbox 345 1150 527 1189; x_wconf 90' lang='lat' dir='ltr'>Plautum</span> <span class='ocrx_word' id='word_1_139' title='bbox 549 1164 652 1202; x_wconf 90' lang='lat' dir='ltr'>saepe</span> <span class='ocrx_word' id='word_1_140' title='bbox 673 1161 904 1191; x_wconf 85' lang='lat' dir='ltr'>occurrunt:</span> <span class='ocrx_word' id='word_1_141' title='bbox 935 1153 1040 1191; x_wconf 84' lang='lat' dir='ltr'>velut</span> <span class='ocrx_word' id='word_1_142' title='bbox 1073 1154 1111 1191; x_wconf 92' lang='lat' dir='ltr'>in</span> <span class='ocrx_word' id='word_1_143' title='bbox 1148 1154 1371 1193; x_wconf 84' lang='lat' dir='ltr'>Aulularia:</span> <span class='ocrx_word' id='word_1_144' title='bbox 1402 1159 1412 1177; x_wconf 89' lang='lat'>‘</span> <span class='ocrx_word' id='word_1_145' title='bbox 1431 1156 1533 1194; x_wconf 87' lang='lat' dir='ltr'>Cen-</span> 
     </span>
     <span class='ocr_line' id='line_1_16' title="bbox 83 1211 1533 1267; baseline 0.006 -18"><span class='ocrx_word' id='word_1_146' title='bbox 83 1211 165 1249; x_wconf 85' lang='lat' dir='ltr'>sen&#39;</span> <span class='ocrx_word' id='word_1_147' title='bbox 186 1213 374 1251; x_wconf 84' lang='lat' dir='ltr'>talentum</span> <span class='ocrx_word' id='word_1_148' title='bbox 394 1227 577 1265; x_wconf 84' lang='lat' dir='ltr'>magnum</span> <span class='ocrx_word' id='word_1_149' title='bbox 599 1215 747 1252; x_wconf 87' lang='lat' dir='ltr'>exorari</span> <span class='ocrx_word' id='word_1_150' title='bbox 766 1224 923 1267; x_wconf 89' lang='lat' dir='ltr'>potesse</span> <span class='ocrx_word' id='word_1_151' title='bbox 951 1218 1012 1255; x_wconf 92' lang='lat' dir='ltr'>Ab</span> <span class='ocrx_word' id='word_1_152' title='bbox 1032 1218 1130 1256; x_wconf 89' lang='lat' dir='ltr'>istoc</span> <span class='ocrx_word' id='word_1_153' title='bbox 1152 1218 1271 1264; x_wconf 86' lang='lat' dir='ltr'>sene,&#39;</span> <span class='ocrx_word' id='word_1_154' title='bbox 1298 1221 1371 1256; x_wconf 86' lang='lat' dir='ltr'>&amp;c.</span> <span class='ocrx_word' id='word_1_155' title='bbox 1429 1219 1533 1263; x_wconf 87' lang='lat' dir='ltr'>Quid</span> 
     </span>
     <span class='ocr_line' id='line_1_17' title="bbox 83 1277 1533 1333; baseline 0.006 -20"><span class='ocrx_word' id='word_1_156' title='bbox 83 1283 211 1314; x_wconf 86' lang='lat' dir='ltr'>autem</span> <span class='ocrx_word' id='word_1_157' title='bbox 243 1277 393 1323; x_wconf 88' lang='lat' dir='ltr'>mirum,</span> <span class='ocrx_word' id='word_1_158' title='bbox 426 1277 459 1315; x_wconf 89' lang='lat' dir='ltr'>si</span> <span class='ocrx_word' id='word_1_159' title='bbox 490 1277 528 1314; x_wconf 91' lang='lat' dir='ltr'>in</span> <span class='ocrx_word' id='word_1_160' title='bbox 563 1278 768 1317; x_wconf 86' lang='lat' dir='ltr'>trochaicis</span> <span class='ocrx_word' id='word_1_161' title='bbox 800 1279 1051 1331; x_wconf 87' lang='lat' dir='ltr'>iambicisque</span> <span class='ocrx_word' id='word_1_162' title='bbox 1083 1283 1250 1332; x_wconf 84' lang='lat' dir='ltr'>reperias</span> <span class='ocrx_word' id='word_1_163' title='bbox 1278 1283 1533 1333; x_wconf 79' lang='grc' dir='ltr'>ὑπερμέτρους,</span> 
     </span>
     <span class='ocr_line' id='line_1_18' title="bbox 81 1340 1533 1393; baseline 0.006 -17"><span class='ocrx_word' id='word_1_164' title='bbox 81 1352 170 1377; x_wconf 88' lang='lat' dir='ltr'>cum</span> <span class='ocrx_word' id='word_1_165' title='bbox 192 1340 229 1377; x_wconf 90' lang='lat' dir='ltr'>in</span> <span class='ocrx_word' id='word_1_166' title='bbox 251 1340 456 1392; x_wconf 89' lang='lat' dir='ltr'>Sapphicis</span> <span class='ocrx_word' id='word_1_167' title='bbox 475 1341 590 1379; x_wconf 88' lang='lat' dir='ltr'>etiam</span> <span class='ocrx_word' id='word_1_168' title='bbox 611 1341 785 1380; x_wconf 78' lang='lat' dir='ltr'>invenias</span> <span class='ocrx_word' id='word_1_169' title='bbox 807 1343 910 1393; x_wconf 92' lang='lat' dir='ltr'>apud</span> <span class='ocrx_word' id='word_1_170' title='bbox 934 1344 1167 1383; x_wconf 79' lang='lat' dir='ltr'>Horatium?</span> <span class='ocrx_word' id='word_1_171' title='bbox 1198 1346 1369 1384; x_wconf 85' lang='lat' dir='ltr'>Utuntur</span> <span class='ocrx_word' id='word_1_172' title='bbox 1385 1347 1533 1386; x_wconf 89' lang='lat' dir='ltr'>Comici</span> 
     </span>
     <span class='ocr_line' id='line_1_19' title="bbox 81 1404 1533 1462; baseline 0.006 -21"><span class='ocrx_word' id='word_1_173' title='bbox 81 1411 122 1442; x_wconf 88' lang='lat' dir='ltr'>et</span> <span class='ocrx_word' id='word_1_174' title='bbox 157 1404 311 1442; x_wconf 78' lang='lat' dir='ltr'>diaeresi</span> <span class='ocrx_word' id='word_1_175' title='bbox 342 1404 568 1451; x_wconf 85' lang='lat' dir='ltr'>identidem,</span> <span class='ocrx_word' id='word_1_176' title='bbox 599 1405 796 1455; x_wconf 83' lang='lat' dir='ltr'>quomodo</span> <span class='ocrx_word' id='word_1_177' title='bbox 829 1406 867 1443; x_wconf 89' lang='lat' dir='ltr'>in</span> <span class='ocrx_word' id='word_1_178' title='bbox 893 1406 1082 1458; x_wconf 87' lang='lat' dir='ltr'>Adelphis</span> <span class='ocrx_word' id='word_1_179' title='bbox 1113 1408 1238 1459; x_wconf 85' lang='lat' dir='ltr'>‘jam&#39;</span> <span class='ocrx_word' id='word_1_180' title='bbox 1267 1409 1385 1447; x_wconf 84' lang='lat' dir='ltr'>semel</span> <span class='ocrx_word' id='word_1_181' title='bbox 1417 1418 1533 1462; x_wconf 86' lang='lat' dir='ltr'>atque</span> 
     </span>
     <span class='ocr_line' id='line_1_20' title="bbox 80 1467 1533 1524; baseline 0.006 -19"><span class='ocrx_word' id='word_1_182' title='bbox 80 1469 218 1506; x_wconf 85' lang='lat' dir='ltr'>iterum</span> <span class='ocrx_word' id='word_1_183' title='bbox 238 1467 472 1518; x_wconf 88' lang='lat' dir='ltr'>disyllabum</span> <span class='ocrx_word' id='word_1_184' title='bbox 492 1468 645 1519; x_wconf 86' lang='lat' dir='ltr'>legitur,</span> <span class='ocrx_word' id='word_1_185' title='bbox 675 1477 718 1507; x_wconf 90' lang='lat' dir='ltr'>ut</span> <span class='ocrx_word' id='word_1_186' title='bbox 737 1476 775 1507; x_wconf 92' lang='lat' dir='ltr'>et</span> <span class='ocrx_word' id='word_1_187' title='bbox 796 1470 897 1521; x_wconf 87' lang='lat' dir='ltr'>apud</span> <span class='ocrx_word' id='word_1_188' title='bbox 921 1472 1103 1510; x_wconf 89' lang='lat' dir='ltr'>Plautum</span> <span class='ocrx_word' id='word_1_189' title='bbox 1125 1485 1418 1524; x_wconf 84' lang='lat' dir='ltr'>nonnunquam.</span> <span class='ocrx_word' id='word_1_190' title='bbox 1473 1475 1533 1513; x_wconf 88' lang='lat' dir='ltr'>Ita</span> 
     </span>
     <span class='ocr_line' id='line_1_21' title="bbox 80 1531 1531 1588; baseline 0.006 -20"><span class='ocrx_word' id='word_1_191' title='bbox 80 1531 187 1582; x_wconf 86' lang='lat' dir='ltr'>apud</span> <span class='ocrx_word' id='word_1_192' title='bbox 208 1531 420 1579; x_wconf 87' lang='lat' dir='ltr'>Catullum,</span> <span class='ocrx_word' id='word_1_193' title='bbox 439 1537 449 1553; x_wconf 91' lang='lat'>‘</span> <span class='ocrx_word' id='word_1_194' title='bbox 468 1532 621 1570; x_wconf 87' lang='lat' dir='ltr'>soluit:’</span> <span class='ocrx_word' id='word_1_195' title='bbox 650 1533 753 1584; x_wconf 91' lang='lat' dir='ltr'>apud</span> <span class='ocrx_word' id='word_1_196' title='bbox 776 1534 994 1580; x_wconf 85' lang='lat' dir='ltr'>Horatium,</span> <span class='ocrx_word' id='word_1_197' title='bbox 1017 1541 1025 1557; x_wconf 93' lang='lat'>‘</span> <span class='ocrx_word' id='word_1_198' title='bbox 1044 1536 1166 1587; x_wconf 90' lang='lat' dir='ltr'>syluae</span> <span class='ocrx_word' id='word_1_199' title='bbox 1181 1536 1204 1574; x_wconf 90' lang='lat'>:&#39;</span> <span class='ocrx_word' id='word_1_200' title='bbox 1225 1537 1328 1588; x_wconf 88' lang='lat' dir='ltr'>apud</span> <span class='ocrx_word' id='word_1_201' title='bbox 1351 1539 1531 1585; x_wconf 89' lang='lat' dir='ltr'>Statium,</span> 
     </span>
     <span class='ocr_line' id='line_1_22' title="bbox 80 1595 1533 1655; baseline 0.006 -22"><span class='ocrx_word' id='word_1_202' title='bbox 80 1599 93 1616; x_wconf 90' lang='lat'>‘</span> <span class='ocrx_word' id='word_1_203' title='bbox 109 1595 262 1634; x_wconf 63' lang='lat' dir='ltr'>suasit!</span> <span class='ocrx_word' id='word_1_204' title='bbox 299 1595 349 1633; x_wconf 91' lang='lat' dir='ltr'>Et</span> <span class='ocrx_word' id='word_1_205' title='bbox 369 1596 564 1634; x_wconf 87' lang='lat' dir='ltr'>contraria</span> <span class='ocrx_word' id='word_1_206' title='bbox 592 1596 680 1634; x_wconf 87' lang='lat' dir='ltr'>huic</span> <span class='ocrx_word' id='word_1_207' title='bbox 706 1598 831 1648; x_wconf 87' lang='lat' dir='ltr'>figura</span> <span class='ocrx_word' id='word_1_208' title='bbox 852 1599 1082 1650; x_wconf 82' lang='lat' dir='ltr'>SynaeresiS,</span> <span class='ocrx_word' id='word_1_209' title='bbox 1102 1613 1190 1651; x_wconf 89' lang='lat' dir='ltr'>quae</span> <span class='ocrx_word' id='word_1_210' title='bbox 1210 1607 1249 1638; x_wconf 91' lang='lat' dir='ltr'>et</span> <span class='ocrx_word' id='word_1_211' title='bbox 1265 1602 1533 1655; x_wconf 80' lang='grc' dir='ltr'>ἐπισυναλοιφὴ</span> 
     </span>
     <span class='ocr_line' id='line_1_23' title="bbox 78 1658 1536 1713; baseline 0.006 -16"><span class='ocrx_word' id='word_1_212' title='bbox 78 1658 232 1706; x_wconf 89' lang='lat' dir='ltr'>dicitur,</span> <span class='ocrx_word' id='word_1_213' title='bbox 261 1672 339 1711; x_wconf 90' lang='lat' dir='ltr'>qua</span> <span class='ocrx_word' id='word_1_214' title='bbox 364 1659 462 1698; x_wconf 88' lang='lat' dir='ltr'>duas</span> <span class='ocrx_word' id='word_1_215' title='bbox 494 1660 532 1697; x_wconf 90' lang='lat' dir='ltr'>in</span> <span class='ocrx_word' id='word_1_216' title='bbox 566 1673 683 1698; x_wconf 86' lang='lat' dir='ltr'>unam</span> <span class='ocrx_word' id='word_1_217' title='bbox 714 1661 903 1713; x_wconf 82' lang='lat' dir='ltr'>syllabam</span> <span class='ocrx_word' id='word_1_218' title='bbox 934 1664 1196 1702; x_wconf 87' lang='lat' dir='ltr'>contrahunt:</span> <span class='ocrx_word' id='word_1_219' title='bbox 1226 1671 1282 1712; x_wconf 88' lang='lat' dir='ltr'>ut,</span> <span class='ocrx_word' id='word_1_220' title='bbox 1313 1668 1536 1713; x_wconf 79' lang='lat' dir='ltr'>‘servibas,’</span> 
     </span>
     <span class='ocr_line' id='line_1_24' title="bbox 78 1723 1532 1780; baseline 0.006 -20"><span class='ocrx_word' id='word_1_221' title='bbox 78 1735 162 1774; x_wconf 87' lang='lat' dir='ltr'>pro,</span> <span class='ocrx_word' id='word_1_222' title='bbox 183 1723 402 1768; x_wconf 76' lang='lat' dir='ltr'>serviebas:</span> <span class='ocrx_word' id='word_1_223' title='bbox 433 1728 443 1745; x_wconf 91' lang='lat'>‘</span> <span class='ocrx_word' id='word_1_224' title='bbox 460 1725 614 1771; x_wconf 86' lang='lat' dir='ltr'>scibas‚’</span> <span class='ocrx_word' id='word_1_225' title='bbox 635 1738 717 1776; x_wconf 91' lang='lat' dir='ltr'>pro,</span> <span class='ocrx_word' id='word_1_226' title='bbox 738 1725 890 1764; x_wconf 89' lang='lat' dir='ltr'>sciebas</span> <span class='ocrx_word' id='word_1_227' title='bbox 908 1739 918 1764; x_wconf 73' lang='grc' dir='ltr'>ε</span> <span class='ocrx_word' id='word_1_228' title='bbox 948 1727 1062 1765; x_wconf 89' lang='lat' dir='ltr'>sicuti</span> <span class='ocrx_word' id='word_1_229' title='bbox 1090 1727 1194 1779; x_wconf 91' lang='lat' dir='ltr'>apud</span> <span class='ocrx_word' id='word_1_230' title='bbox 1215 1728 1323 1780; x_wconf 82' lang='lat' dir='ltr'>Virg.</span> <span class='ocrx_word' id='word_1_231' title='bbox 1355 1736 1363 1751; x_wconf 95' lang='lat'>‘</span> <span class='ocrx_word' id='word_1_232' title='bbox 1384 1731 1532 1769; x_wconf 86' lang='lat' dir='ltr'>Ferrei-</span> 
     </span>
     <span class='ocr_line' id='line_1_25' title="bbox 78 1787 1530 1846; baseline 0.006 -22"><span class='ocrx_word' id='word_1_233' title='bbox 78 1787 432 1837; x_wconf 82' lang='lat' dir='ltr'>que-Eumenidum</span> <span class='ocrx_word' id='word_1_234' title='bbox 454 1788 639 1835; x_wconf 88' lang='lat' dir='ltr'>thalami‚&#39;</span> <span class='ocrx_word' id='word_1_235' title='bbox 659 1796 697 1826; x_wconf 88' lang='lat' dir='ltr'>et</span> <span class='ocrx_word' id='word_1_236' title='bbox 718 1802 822 1839; x_wconf 88' lang='lat' dir='ltr'>saepe</span> <span class='ocrx_word' id='word_1_237' title='bbox 844 1790 954 1828; x_wconf 87' lang='lat' dir='ltr'>alias.</span> <span class='ocrx_word' id='word_1_238' title='bbox 995 1791 1195 1841; x_wconf 86' lang='lat' dir='ltr'>Frequens</span> <span class='ocrx_word' id='word_1_239' title='bbox 1212 1792 1328 1830; x_wconf 90' lang='lat' dir='ltr'>etiam</span> <span class='ocrx_word' id='word_1_240' title='bbox 1345 1800 1405 1831; x_wconf 90' lang='lat' dir='ltr'>est</span> <span class='ocrx_word' id='word_1_241' title='bbox 1425 1795 1530 1846; x_wconf 90' lang='lat' dir='ltr'>apud</span> 
     </span>
     <span class='ocr_line' id='line_1_26' title="bbox 78 1850 1530 1906; baseline 0.005 -18"><span class='ocrx_word' id='word_1_242' title='bbox 78 1850 301 1889; x_wconf 81' lang='lat' dir='ltr'>Terentium</span> <span class='ocrx_word' id='word_1_243' title='bbox 318 1851 358 1889; x_wconf 91' lang='lat' dir='ltr'>in</span> <span class='ocrx_word' id='word_1_244' title='bbox 378 1866 557 1891; x_wconf 89' lang='lat' dir='ltr'>versuum</span> <span class='ocrx_word' id='word_1_245' title='bbox 577 1854 778 1892; x_wconf 90' lang='lat' dir='ltr'>mensione</span> <span class='ocrx_word' id='word_1_246' title='bbox 798 1857 1015 1906; x_wconf 75' lang='grc' dir='ltr'>συναλοιφή,</span> <span class='ocrx_word' id='word_1_247' title='bbox 1032 1869 1119 1905; x_wconf 78' lang='lat' dir='ltr'>quae</span> <span class='ocrx_word' id='word_1_248' title='bbox 1136 1856 1191 1901; x_wconf 86' lang='lat' dir='ltr'>fit,</span> <span class='ocrx_word' id='word_1_249' title='bbox 1208 1869 1294 1893; x_wconf 86' lang='lat' dir='ltr'>curn</span> <span class='ocrx_word' id='word_1_250' title='bbox 1311 1856 1350 1893; x_wconf 90' lang='lat' dir='ltr'>in</span> <span class='ocrx_word' id='word_1_251' title='bbox 1367 1856 1530 1896; x_wconf 90' lang='lat' dir='ltr'>diversis</span> 
     </span>
     <span class='ocr_line' id='line_1_27' title="bbox 78 1913 1532 1967; baseline 0.006 -15"><span class='ocrx_word' id='word_1_252' title='bbox 78 1913 312 1953; x_wconf 87' lang='lat' dir='ltr'>dictionibus</span> <span class='ocrx_word' id='word_1_253' title='bbox 334 1915 523 1954; x_wconf 88' lang='lat' dir='ltr'>vocalium</span> <span class='ocrx_word' id='word_1_254' title='bbox 544 1917 644 1954; x_wconf 90' lang='lat' dir='ltr'>inter</span> <span class='ocrx_word' id='word_1_255' title='bbox 664 1930 705 1954; x_wconf 91' lang='lat' dir='ltr'>se</span> <span class='ocrx_word' id='word_1_256' title='bbox 727 1918 949 1956; x_wconf 71' lang='lat' dir='ltr'>coeuntium</span> <span class='ocrx_word' id='word_1_257' title='bbox 970 1918 1090 1957; x_wconf 85' lang='lat' dir='ltr'>altera</span> <span class='ocrx_word' id='word_1_258' title='bbox 1109 1919 1216 1957; x_wconf 83' lang='lat' dir='ltr'>velut</span> <span class='ocrx_word' id='word_1_259' title='bbox 1235 1919 1472 1967; x_wconf 87' lang='lat' dir='ltr'>obliteratur,</span> <span class='ocrx_word' id='word_1_260' title='bbox 1493 1929 1532 1960; x_wconf 86' lang='lat' dir='ltr'>et</span> 
     </span>
     <span class='ocr_line' id='line_1_28' title="bbox 78 1979 1529 2036; baseline 0.005 -20"><span class='ocrx_word' id='word_1_261' title='bbox 78 1979 258 2028; x_wconf 77' lang='grc' dir='ltr'>ἔκθλιψις,</span> <span class='ocrx_word' id='word_1_262' title='bbox 277 1980 428 2030; x_wconf 83' lang='lat' dir='ltr'>quoties</span> <span class='ocrx_word' id='word_1_263' title='bbox 449 1993 486 2017; x_wconf 92' lang='lat' dir='ltr'>m</span> <span class='ocrx_word' id='word_1_264' title='bbox 505 1993 593 2018; x_wconf 90' lang='lat' dir='ltr'>cum</span> <span class='ocrx_word' id='word_1_265' title='bbox 613 1981 735 2019; x_wconf 87' lang='lat' dir='ltr'>vocali</span> <span class='ocrx_word' id='word_1_266' title='bbox 755 1981 1000 2032; x_wconf 81' lang='lat' dir='ltr'>praecedente</span> <span class='ocrx_word' id='word_1_267' title='bbox 1020 1982 1250 2021; x_wconf 87' lang='lat' dir='ltr'>excluditur.</span> <span class='ocrx_word' id='word_1_268' title='bbox 1294 1984 1529 2036; x_wconf 87' lang='lat' dir='ltr'>Quanquam</span> 
     </span>
     <span class='ocr_line' id='line_1_29' title="bbox 79 2043 1528 2097; baseline 0.006 -18"><span class='ocrx_word' id='word_1_269' title='bbox 79 2054 157 2080; x_wconf 88' lang='lat' dir='ltr'>non</span> <span class='ocrx_word' id='word_1_270' title='bbox 177 2056 327 2095; x_wconf 88' lang='lat' dir='ltr'>semper</span> <span class='ocrx_word' id='word_1_271' title='bbox 345 2043 446 2082; x_wconf 90' lang='lat' dir='ltr'>idem</span> <span class='ocrx_word' id='word_1_272' title='bbox 466 2044 557 2082; x_wconf 90' lang='lat' dir='ltr'>elidi</span> <span class='ocrx_word' id='word_1_273' title='bbox 585 2045 741 2083; x_wconf 89' lang='lat' dir='ltr'>solitum</span> <span class='ocrx_word' id='word_1_274' title='bbox 761 2046 862 2097; x_wconf 89' lang='lat' dir='ltr'>apud</span> <span class='ocrx_word' id='word_1_275' title='bbox 885 2046 1046 2085; x_wconf 85' lang='lat' dir='ltr'>Veteres</span> <span class='ocrx_word' id='word_1_276' title='bbox 1067 2053 1232 2084; x_wconf 90' lang='lat' dir='ltr'>testatur</span> <span class='ocrx_word' id='word_1_277' title='bbox 1252 2047 1441 2086; x_wconf 89' lang='lat' dir='ltr'>Priscian.</span> <span class='ocrx_word' id='word_1_278' title='bbox 1462 2049 1528 2087; x_wconf 94' lang='lat' dir='ltr'>lib.</span> 
     </span>
     <span class='ocr_line' id='line_1_30' title="bbox 79 2106 1528 2159; baseline 0.003 -15"><span class='ocrx_word' id='word_1_279' title='bbox 79 2119 110 2144; x_wconf 87' lang='lat'>1.</span> <span class='ocrx_word' id='word_1_280' title='bbox 141 2106 245 2145; x_wconf 90' lang='lat' dir='ltr'>velut</span> <span class='ocrx_word' id='word_1_281' title='bbox 265 2107 368 2159; x_wconf 85' lang='lat' dir='ltr'>apud</span> <span class='ocrx_word' id='word_1_282' title='bbox 389 2108 609 2147; x_wconf 88' lang='lat' dir='ltr'>Terentium</span> <span class='ocrx_word' id='word_1_283' title='bbox 638 2110 676 2147; x_wconf 91' lang='lat' dir='ltr'>in</span> <span class='ocrx_word' id='word_1_284' title='bbox 710 2110 889 2148; x_wconf 91' lang='lat' dir='ltr'>Eunuchi</span> <span class='ocrx_word' id='word_1_285' title='bbox 919 2118 995 2148; x_wconf 86' lang='lat' dir='ltr'>act.</span> <span class='ocrx_word' id='word_1_286' title='bbox 1028 2124 1100 2148; x_wconf 91' lang='lat'>111.</span> <span class='ocrx_word' id='word_1_287' title='bbox 1133 2124 1251 2149; x_wconf 89' lang='lat' dir='ltr'>scena</span> <span class='ocrx_word' id='word_1_288' title='bbox 1272 2113 1308 2149; x_wconf 87' lang='lat'>3.</span> <span class='ocrx_word' id='word_1_289' title='bbox 1338 2116 1348 2133; x_wconf 83' lang='lat'>‘</span> <span class='ocrx_word' id='word_1_290' title='bbox 1368 2112 1456 2149; x_wconf 87' lang='lat' dir='ltr'>Una</span> <span class='ocrx_word' id='word_1_291' title='bbox 1475 2113 1528 2150; x_wconf 88' lang='lat' dir='ltr'>ire</span> 
     </span>
     <span class='ocr_line' id='line_1_31' title="bbox 77 2171 1526 2228; baseline 0.005 -21"><span class='ocrx_word' id='word_1_292' title='bbox 77 2182 166 2208; x_wconf 88' lang='lat' dir='ltr'>cum</span> <span class='ocrx_word' id='word_1_293' title='bbox 186 2171 308 2209; x_wconf 88' lang='lat' dir='ltr'>amica</span> <span class='ocrx_word' id='word_1_294' title='bbox 327 2171 594 2223; x_wconf 89' lang='lat' dir='ltr'>imperatorem</span> <span class='ocrx_word' id='word_1_295' title='bbox 615 2173 654 2210; x_wconf 90' lang='lat' dir='ltr'>in</span> <span class='ocrx_word' id='word_1_296' title='bbox 670 2173 758 2211; x_wconf 89' lang='lat' dir='ltr'>via.&#39;</span> <span class='ocrx_word' id='word_1_297' title='bbox 796 2173 867 2211; x_wconf 87' lang='lat' dir='ltr'>Est</span> <span class='ocrx_word' id='word_1_298' title='bbox 883 2174 984 2211; x_wconf 90' lang='lat' dir='ltr'>enim</span> <span class='ocrx_word' id='word_1_299' title='bbox 1000 2175 1172 2213; x_wconf 91' lang='lat' dir='ltr'>secundo</span> <span class='ocrx_word' id='word_1_300' title='bbox 1194 2175 1281 2213; x_wconf 90' lang='lat' dir='ltr'>loco</span> <span class='ocrx_word' id='word_1_301' title='bbox 1297 2176 1526 2228; x_wconf 89' lang='lat' dir='ltr'>tribrachys.</span> 
     </span>
     <span class='ocr_line' id='line_1_32' title="bbox 77 2233 1526 2289; baseline 0.006 -18"><span class='ocrx_word' id='word_1_302' title='bbox 77 2233 195 2277; x_wconf 84' lang='lat' dir='ltr'>Quod</span> <span class='ocrx_word' id='word_1_303' title='bbox 215 2235 246 2272; x_wconf 86' lang='lat' dir='ltr'>si</span> <span class='ocrx_word' id='word_1_304' title='bbox 266 2248 303 2272; x_wconf 86' lang='lat' dir='ltr'>m</span> <span class='ocrx_word' id='word_1_305' title='bbox 323 2235 502 2282; x_wconf 86' lang='lat' dir='ltr'>elidatur,</span> <span class='ocrx_word' id='word_1_306' title='bbox 532 2237 603 2274; x_wconf 90' lang='lat' dir='ltr'>erit</span> <span class='ocrx_word' id='word_1_307' title='bbox 622 2236 762 2274; x_wconf 87' lang='lat' dir='ltr'>ibidem</span> <span class='ocrx_word' id='word_1_308' title='bbox 781 2237 1035 2289; x_wconf 85' lang='lat' dir='ltr'>pyrrhichius,</span> <span class='ocrx_word' id='word_1_309' title='bbox 1069 2239 1131 2276; x_wconf 89' lang='lat' dir='ltr'>cui</span> <span class='ocrx_word' id='word_1_310' title='bbox 1154 2239 1283 2277; x_wconf 90' lang='lat' dir='ltr'>nullus</span> <span class='ocrx_word' id='word_1_311' title='bbox 1304 2240 1342 2276; x_wconf 91' lang='lat' dir='ltr'>in</span> <span class='ocrx_word' id='word_1_312' title='bbox 1362 2240 1526 2279; x_wconf 90' lang='lat' dir='ltr'>iambico</span> 
     </span>
     <span class='ocr_line' id='line_1_33' title="bbox 76 2296 1528 2353; baseline 0.005 -18"><span class='ocrx_word' id='word_1_313' title='bbox 76 2296 201 2336; x_wconf 87' lang='lat' dir='ltr'>locus.</span> <span class='ocrx_word' id='word_1_314' title='bbox 257 2298 321 2336; x_wconf 88' lang='lat' dir='ltr'>Sic</span> <span class='ocrx_word' id='word_1_315' title='bbox 352 2297 466 2337; x_wconf 83' lang='lat' dir='ltr'>alibix</span> <span class='ocrx_word' id='word_1_316' title='bbox 496 2303 506 2321; x_wconf 76' lang='lat'><em>¹</em></span> <span class='ocrx_word' id='word_1_317' title='bbox 523 2299 691 2338; x_wconf 89' lang='lat' dir='ltr'>Primum</span> <span class='ocrx_word' id='word_1_318' title='bbox 721 2302 849 2347; x_wconf 89' lang='lat' dir='ltr'>istam,</span> <span class='ocrx_word' id='word_1_319' title='bbox 883 2315 999 2353; x_wconf 90' lang='lat' dir='ltr'>quam</span> <span class='ocrx_word' id='word_1_320' title='bbox 1019 2303 1153 2349; x_wconf 88' lang='lat' dir='ltr'>habes,</span> <span class='ocrx_word' id='word_1_321' title='bbox 1174 2303 1279 2341; x_wconf 91' lang='lat' dir='ltr'>unde</span> <span class='ocrx_word' id='word_1_322' title='bbox 1299 2303 1420 2342; x_wconf 85' lang='lat' dir='ltr'>habes</span> <span class='ocrx_word' id='word_1_323' title='bbox 1439 2317 1528 2341; x_wconf 87' lang='lat' dir='ltr'>ves·</span> 
     </span>
     <span class='ocr_line' id='line_1_34' title="bbox 76 2359 1528 2418; baseline 0.005 -19"><span class='ocrx_word' id='word_1_324' title='bbox 76 2359 185 2399; x_wconf 74' lang='lat' dir='ltr'>tem?</span> <span class='ocrx_word' id='word_1_325' title='bbox 218 2361 354 2399; x_wconf 63' lang='lat' dir='ltr'>taces?</span> <span class='ocrx_word' id='word_1_326' title='bbox 402 2361 549 2400; x_wconf 89' lang='lat' dir='ltr'>Eodem</span> <span class='ocrx_word' id='word_1_327' title='bbox 570 2364 686 2402; x_wconf 88' lang='lat' dir='ltr'>modo</span> <span class='ocrx_word' id='word_1_328' title='bbox 716 2364 818 2415; x_wconf 89' lang='lat' dir='ltr'>apud</span> <span class='ocrx_word' id='word_1_329' title='bbox 840 2365 1084 2411; x_wconf 87' lang='lat' dir='ltr'>Juvenalem,</span> <span class='ocrx_word' id='word_1_330' title='bbox 1120 2371 1130 2387; x_wconf 88' lang='lat'>‘</span> <span class='ocrx_word' id='word_1_331' title='bbox 1148 2366 1247 2404; x_wconf 90' lang='lat' dir='ltr'>Cum</span> <span class='ocrx_word' id='word_1_332' title='bbox 1267 2374 1422 2418; x_wconf 88' lang='lat' dir='ltr'>propter</span> <span class='ocrx_word' id='word_1_333' title='bbox 1442 2368 1528 2418; x_wconf 88' lang='lat' dir='ltr'>plu—</span> 
     </span>
     <span class='ocr_line' id='line_1_35' title="bbox 76 2425 1524 2481; baseline 0.006 -19"><span class='ocrx_word' id='word_1_334' title='bbox 76 2425 170 2463; x_wconf 87' lang='lat' dir='ltr'>rima</span> <span class='ocrx_word' id='word_1_335' title='bbox 188 2431 270 2463; x_wconf 87' lang='lat' dir='ltr'>tum</span> <span class='ocrx_word' id='word_1_336' title='bbox 288 2425 348 2463; x_wconf 89' lang='lat' dir='ltr'>his</span> <span class='ocrx_word' id='word_1_337' title='bbox 369 2425 570 2478; x_wconf 83' lang='lat' dir='ltr'>Praecipue</span> <span class='ocrx_word' id='word_1_338' title='bbox 589 2428 747 2474; x_wconf 88' lang='lat' dir='ltr'>causis,’</span> <span class='ocrx_word' id='word_1_339' title='bbox 766 2431 905 2480; x_wconf 84' lang='lat' dir='ltr'>Satyra</span> <span class='ocrx_word' id='word_1_340' title='bbox 926 2443 990 2468; x_wconf 85' lang='lat' dir='ltr'>1x.</span> <span class='ocrx_word' id='word_1_341' title='bbox 1041 2430 1101 2468; x_wconf 91' lang='lat' dir='ltr'>De</span> <span class='ocrx_word' id='word_1_342' title='bbox 1121 2430 1253 2481; x_wconf 84' lang='lat' dir='ltr'>figuris</span> <span class='ocrx_word' id='word_1_343' title='bbox 1274 2431 1412 2470; x_wconf 87' lang='lat' dir='ltr'>ceteris</span> <span class='ocrx_word' id='word_1_344' title='bbox 1433 2431 1524 2471; x_wconf 89' lang='lat' dir='ltr'>nihil</span> 
     </span>
     <span class='ocr_line' id='line_1_36' title="bbox 76 2488 494 2541; baseline 0.005 -15"><span class='ocrx_word' id='word_1_345' title='bbox 76 2488 140 2526; x_wconf 88' lang='lat' dir='ltr'>hic</span> <span class='ocrx_word' id='word_1_346' title='bbox 160 2488 367 2526; x_wconf 88' lang='lat' dir='ltr'>dicendum</span> <span class='ocrx_word' id='word_1_347' title='bbox 386 2496 494 2541; x_wconf 86' lang='lat' dir='ltr'>puto.</span> 
     </span>
    </p>
   </div>
  </div>
 </body>
</html>
