1903 3306
353 245 379 272 A
414 242 664 272 TEREN‘NO
699 241 885 271 LA'rmss
922 241 1321 273 [N'rssRPnss'rA'rA.
1483 235 1560 274 [17

665 336 751 374 Act.
774 348 836 372 iv.
858 336 922 372 Sc.
942 348 1003 372 lv.

113 418 123 434 ⁴
143 414 295 451 Amarae
314 411 493 449 mulieres
515 412 631 449 sunt.'
674 410 890 449 Menander
910 410 1013 461 apud
1035 411 1233 448 Stobaeum
1250 424 1259 448 ι

111 475 223 514 Φύσει
243 478 335 525 γυνὴ
355 475 529 522 δησήνιόν
548 478 627 514 ἐστι
649 478 706 512 καὶ
726 477 866 524 πικρόν.

115 539 266 578 Natura
288 539 390 577 mala
409 539 546 578 mulier
566 546 682 590 atque
705 539 872 577 effraenis
894 546 967 576 est.

679 626 766 663 Act.
784 638 825 664 v.
849 626 913 662 Sc.
934 637 1005 663 111.

112 698 290 737 ‘Abhinc
329 711 480 737 menses
511 698 646 737 decem
679 699 784 738 fere!
820 699 920 737 Vide
955 698 1102 736 dictum
1129 698 1352 744 Menandri,
1391 697 1560 749 Adelph.

167 763 255 801 Act.
273 776 335 801 ιν.
358 763 422 801 Sc.
437 775 477 800 v.

529 841 818 879 Pnonmom.
849 841 936 878 Act.
957 854 985 878 1.
1008 841 1072 879 Sc.
1091 854 1142 878 11.

113 927 125 942 ⁴
143 922 257 966 Quod
277 922 354 960 fors
375 922 461 968 fert,
483 922 648 959 feremus
670 934 783 971 aequo
805 920 958 958 anim0.'
988 920 1229 959 Menander:

105 987 257 1034 ”Eveyx’
275 988 435 1038 ἀτυχίαν
455 989 514 1024 καὶ
533 984 688 1033 βλάβην
708 987 956 1036 εὐσχημόνως.

114 1049 322 1087 Fortunam
344 1047 560 1095 adversam,
580 1048 918 1098 dispendiumque,
940 1047 1124 1086 decenter
1143 1047 1254 1086 ferto.

115 1116 126 1132 ⁴
145 1113 249 1150 Istuc
269 1113 336 1149 viri
357 1119 417 1150 est
436 1112 632 1150 officium!
661 1111 901 1149 Menander:

114 1176 221 1214 Τοῦτ’
241 1178 344 1214 ἔστιν
362 1175 504 1225 ἀνδρός.

117 1239 205 1278 Hoc
221 1240 290 1277 viri
310 1246 382 1277 est.

683 1291 769 1329 Act.
794 1305 824 1328 1.
847 1292 910 1328 Sc.
935 1304 996 1329 lv.

114 1371 125 1388 ⁴
143 1366 278 1411 Fortes
299 1368 454 1405 fortuna
474 1367 657 1417 adjuvat)
688 1366 906 1405 Menander
927 1366 1029 1418 apud
1053 1366 1251 1403 stobaeum
1270 1380 1279 1404 :

112 1430 246 1482 Τόλμῃ
265 1430 389 1480 δικαίᾳ
407 1433 466 1468 καὶ
483 1430 578 1469 Θεὸς
598 1430 874 1481 συλλαμβάνει.

115 1493 330 1532 Audaciam
345 1494 494 1545 justam
513 1494 573 1531 vel
595 1493 754 1544 adjuvat
774 1494 898 1532 Deus.

686 1586 771 1623 Act.
795 1598 845 1623 11.
867 1585 932 1622 Sc.
952 1598 1003 1623 11.

114 1665 125 1682 ⁴
141 1660 323 1712 Injuriam
343 1659 514 1698 audisti!
541 1659 759 1698 Menander
779 1660 1005 1712 Misogyno.

443 1723 616 1775 ”Ομνυμί
638 1740 696 1762 σοι
713 1725 778 1763 τὸν
797 1726 903 1768 ἥλιον

125 1788 162 1826 Η
181 1790 255 1839 μὴν
274 1793 442 1834 ποιήσειν
462 1804 521 1828 σοι
539 1791 685 1839 γραφὴν
704 1790 903 1826 κακώσεως.

389 1853 486 1890 Juro
511 1852 640 1891 Solem
660 1852 744 1898 tibi,

114 1915 342 1967 Injuriarum
361 1929 422 1954 me
438 1915 507 1954 tibi
526 1916 757 1967 scripturum
777 1915 919 1953 dicam.

114 1984 125 2001 ‘
140 1980 241 2018 Cum
272 1979 448 2018 ratione!
492 1980 708 2026 Rationem,
740 1979 846 2030 quod
886 1986 946 2017 est
976 1978 1014 2015 in
1049 1979 1230 2018 Palatino
1263 1981 1412 2028 codice,
1445 1984 1567 2035 magis

168 2044 308 2096 placet.
338 2043 440 2081 Nam
458 2044 512 2081 ita
531 2056 685 2094 quoque
705 2043 800 2082 citat
819 2043 967 2081 Victor.
987 2042 1012 2079 l.
1031 2055 1071 2081 v.
1092 2055 1127 2081 c.
1150 2057 1227 2082 xx.
1259 2046 1322 2083 ubi
1353 2046 1452 2085 inter
1472 2047 1568 2087 alios

167 2121 302 2146 versus
323 2107 532 2146 Menandri
551 2107 656 2145 hunc
677 2106 865 2144 adducit:

115 2172 167 2210 Τὸ
187 2176 258 2222 γὰρ
277 2175 410 2224 τρἐον
428 2188 489 2223 με,
509 2175 603 2210 τοῦτ’
621 2173 696 2220 ἐγὼ
717 2175 824 2219 κρίνω
842 2170 952 2210 Θεόν.

117 2235 217 2273 Nam
235 2235 341 2286 quod
359 2248 420 2273 me
441 2234 522 2280 alit,
542 2235 581 2272 id
601 2248 674 2286 ego
694 2235 809 2286 plane
823 2235 960 2285 judico
986 2237 1127 2276 Deum.

664 2332 750 2369 Act.
772 2345 842 2369 111.
864 2333 927 2370 Sc.
948 2347 1021 2371 111.

117 2413 127 2428 ‘
144 2407 260 2445 Solus
281 2407 404 2445 amico
425 2407 601 2445 amicus!
630 2406 895 2458 Apollodorus
914 2421 923 2446 ε

118 2473 245 2510 Μόνος
266 2487 312 2520 γε
332 2472 527 2509 ἐπίσταται
546 2474 672 2524 φιλεῖν
690 2471 768 2509 τούς
787 2475 928 2522 φίλους.

122 2535 174 2572 Ut
194 2535 259 2586 qui
280 2535 387 2573 solus
407 2535 553 2572 amicos
573 2548 700 2572 amare
721 2534 869 2572 didicit.

718 2621 806 2659 Act.
824 2634 879 2659 1v.
902 2622 966 2659 Sc.
990 2634 1021 2660 1.

120 2696 131 2714 ‘
152 2694 346 2733 Senectus
366 2694 453 2745 ipsa
470 2695 656 2732 morbus!
683 2695 968 2746 Apollodorus:

118 2761 172 2799 Τὸ
192 2763 308 2811 γῆράς
329 2761 430 2801 ἐστιν
448 2759 534 2796 αὐτὸ
555 2760 711 2808 νόσημα.
