1903 3306
564 247 768 278 ANDR1AE
803 247 911 277 AcT.
936 247 979 278 v.
1012 248 1081 278 sc.
1104 248 1167 278 iv.
1501 241 1585 282 383

133 343 221 384 CH.
253 341 381 384 Certe
399 355 496 383 mea
517 341 583 383 'st.
635 341 723 383 CR.
755 341 877 392 Quid
897 342 994 383 ais?
1045 342 1111 384 Si.
1145 340 1267 392 Quid
1285 345 1331 383 tu
1355 344 1452 384 ais?
1496 344 1584 386 ΡΑ.

307 408 462 461 Arrige
484 421 631 458 auree,
655 409 900 461 Pamphile.
1293 404 1327 409 Ἢ
1528 413 1586 452 30

135 476 201 517 Si.
233 474 326 525 Qui
357 475 539 516 credis?
601 475 690 516 CH.
721 475 895 516 Phania
924 475 1015 525 ille,
1045 475 1178 516 frater
1206 488 1330 516 meus
1361 476 1456 518 fuit.
1516 478 1582 519 Si.

305 541 490 611 NQm‚
514 546 558 582 et
578 543 687 598 scie.
807 545 830 596 J

131 607 220 650 CH.
253 607 301 649 Is
321 608 439 657 hinc,
471 609 630 649 bellum
649 609 836 662 fugiens,
868 622 1027 663 meque
1047 610 1093 650 in
1115 608 1271 651 Asiam
1292 624 1581 666 persequens,

302 675 613 728 proficiscitur.

132 741 248 782 Tum
269 741 394 782 illam
415 742 655 796 relinquere
670 742 741 782 hic
758 746 825 784 est
844 742 1009 783 veritus
1027 757 1037 796 3
1059 744 1239 798 postilla
1258 758 1371 787 nunc
1394 747 1583 800 primum

303 807 451 858 audio,

135 871 255 923 Quid
276 873 356 914 illo
377 874 437 914 sit
455 874 634 915 factum.
693 874 782 915 ΡΑ.
814 875 907 916 Vix
930 889 1027 918 sum
1059 879 1179 931 apud
1210 892 1293 929 me,
1324 879 1388 921 ita
1412 882 1584 924 animus

304 946 551 982 commotus
574 946 643 983 est
664 949 800 992 metu,

133 1008 236 1062 Spe,
257 1007 437 1061 gaudio,
458 1009 657 1050 mirando
679 1009 763 1051 hoc
786 1015 928 1059 tanto,
951 1016 1042 1053 tam
1064 1015 1289 1066 repentino
1310 1016 1475 1079 bono34
1527 1018 1585 1059 35

132 1149 182 1180 St.
207 1149 292 1186 Quid
317 1153 352 1180 tu
375 1149 448 1183 ais?
491 1150 559 1182 ΡΑ.
583 1151 702 1191 Arrige
728 1161 829 1192 aures,
852 1153 1024 1194 Pamphile.
1069 1155 1117 1187 S1.
1145 1157 1300 1191 Quomodo
1324 1157 1374 1188 his
1399 1159 1498 1190 verbis
1520 1162 1585 1189 tam

123 1191 222 1229 facile
236 1190 362 1224 credis?
406 1193 475 1225 CH.
500 1194 624 1224 Phania
644 1195 696 1225 ille
704 1194 812 1232 frater
829 1197 999 1234 meussuit.
1044 1197 1092 1229 Si.
1120 1199 1277 1230 Noveram
1299 1210 1378 1238 eum,
1399 1205 1428 1232 et
1451 1203 1514 1232 scio
1536 1202 1583 1242 ip-

130 1243 197 1264 sum
202 1234 342 1271 fratrem
357 1236 561 1274 tuumsuz'sse.
606 1237 675 1267 CH.
701 1237 745 1275 IS,
761 1236 905 1268 bellorum
920 1243 1020 1271 motus
1027 1240 1172 1280 fugiens,
1187 1243 1258 1273 hinc
1273 1242 1306 1273 in
1321 1243 1433 1274 Asiam
1445 1244 1584 1286 proficis-

130 1277 212 1308 citur
235 1287 283 1308 me
306 1278 500 1318 quaesiturus.
546 1279 630 1309 Tunc
653 1279 739 1310 illum
762 1282 924 1319 parvulum
951 1283 1001 1312 hic
1032 1283 1166 1314 Athenis
1191 1285 1362 1326 relinquere
1387 1290 1434 1317 est
1457 1288 1586 1318 veritus.

135 1319 207 1350 Posi
224 1320 278 1350 illa
295 1323 444 1360 tempora,
458 1330 536 1351 nunc
549 1323 682 1361 primum
698 1323 800 1362 audiv,
817 1325 891 1362 quid
914 1325 950 1354 de
972 1326 1025 1355 illo
1039 1325 1163 1361 saelum
1181 1326 1259 1364 fuit.
1306 1328 1370 1360 ΡΑ.
1399 1329 1462 1360 Vix
1475 1332 1585 1362 mentis

129 1370 248 1403 compos
261 1372 328 1393 sum
341 1372 354 1399 ,·
377 1362 424 1393 ita
445 1367 529 1394 metu.
551 1365 691 1403 agitatus
705 1374 772 1394 sum
786 1367 966 1397 amittendae
985 1368 1139 1408 Glycerii,
1156 1380 1208 1409 spe
1222 1370 1320 1409 ipsius
1334 1371 1490 1408 habendae,
1503 1383 1584 1412 gau-

129 1405 180 1434 dio
195 1406 274 1446 quod
287 1405 330 1436 sit
343 1405 420 1436 civis
435 1405 545 1437 Attica
556 1417 566 1437 .·
588 1408 659 1438 dum
676 1408 772 1438 miror
795 1408 849 1438 hoc
872 1412 993 1440 tantum
1019 1414 1140 1451 tamque
1159 1412 1350 1452 insperatum
1367 1414 1487 1446 bonum.
1533 1417 1584 1447 Si.

742 1502 981 1515 eeeeeeeeeee

131 1569 196 1598 est.
217 1566 316 1597 Bene.
364 1566 442 1597 Tum
465 1566 582 1598 delent
604 1567 706 1599 Both.
726 1568 820 1600 Perl.
843 1570 900 1610 qui
928 1574 1024 1602 notat
1052 1571 1169 1602 Guelf.
1187 1575 1214 1604 l.
1231 1576 1261 1603 2.
1286 1573 1367 1605 dare
1392 1577 1469 1607 tum.
1514 1576 1585 1607 Heo

130 1618 192 1649 pro
219 1609 273 1640 eho
295 1609 442 1641 Eun—29
465 1610 499 1640 D
524 1620 565 1640 ex
583 1610 668 1645 Quid
690 1611 793 1651 abjici
818 1613 890 1642 vult
914 1613 974 1644 Fa.
1021 1614 1296 1646 Succurrendum
1323 1624 1397 1648 erat
1423 1619 1488 1649 alia
1511 1620 1584 1657 via;

130 1651 216 1682 aibat
231 1651 362 1682 scilicet
378 1661 437 1691 pro
453 1652 578 1688 aiebat,·
601 1658 638 1683 ut
662 1654 797 1693 passim.
820 1655 918 1686 Beut.
965 1656 1050 1692 Quid
1065 1667 1131 1688 eam
1148 1661 1213 1688 tum
1229 1668 1294 1689 esse
1309 1659 1437 1693 aiebat?
1459 1671 1586 1692 suamne

130 1693 318 1725 Rom—30
342 1694 432 1734 Gny.
447 1695 566 1726 mallet
580 1695 645 1726 ita:
673 1697 766 1727 Certe
781 1707 847 1728 mea
865 1697 916 1729 'sn
962 1699 1012 1730 Si.
1037 1699 1122 1734 Quid
1142 1700 1213 1732 ais?
1260 1702 1327 1733 CH.
1353 1703 1400 1734 'I'u
1416 1704 1489 1743 quid
1511 1703 1585 1736 ais?

130 1736 238 1775 arrige
252 1745 354 1773 aures,
370 1737 547 1777 Pamphile.
591 1738 677 1768 Mihi
694 1739 793 1770 aliter
811 1739 957 1772 videtur.
1007 1742 1089 1773 Esto
1106 1751 1147 1773 ex
1165 1744 1249 1774 Mss.
1277 1750 1313 1775 et
1336 1746 1503 1777 editorum
1529 1757 1585 1778 va—

131 1779 270 1818 rietate,
284 1779 337 1809 hic
354 1779 437 1810 ordo
453 1785 488 1810 et
504 1789 640 1813 sensus:
660 1781 752 1813 Certe
766 1793 833 1814 mea
848 1787 906 1815 est.
939 1784 1003 1815 CR.
1021 1785 1107 1820 Quid
1122 1786 1170 1816 ais
1185 1785 1243 1819 tu?
1266 1788 1340 1828 quid
1355 1787 1428 1820 ais?
1465 1790 1586 1830 Arrige

130 1831 232 1856 aures,
249 1821 425 1861 Pamphile.
450 1822 558 1854 West.
602 1823 660 1854 Sic
686 1824 771 1864 legit
799 1826 963 1856 Bothius:
992 1827 1084 1858 Certe
1109 1838 1176 1860 mea
1205 1832 1262 1860 est.
1306 1831 1372 1862 ΡΑ.
1401 1832 1487 1867 Quid
1511 1832 1584 1864 ais?

130 1864 180 1895 Si.
205 1863 290 1899 Quid
304 1867 340 1895 tu
363 1862 491 1896 autem?
537 1866 602 1897 PA.
629 1865 738 1905 Ehem,
759 1870 865 1906 arrige
880 1878 982 1904 aures,
1001 1870 1041 1901 P.
1057 1875 1222 1912 notatque
1239 1873 1265 1903 C
1283 1872 1362 1904 dare
1382 1875 1428 1905 Tu
1443 1874 1490 1905 ais
1504 1875 1584 1906 hem.

131 1908 216 1936 —31
241 1905 314 1937 Illic
329 1907 433 1938 Bent.
450 1908 591 1941 secund.
615 1909 675 1940 Fa.
699 1910 800 1950 Vulg.
819 1911 882 1942 ille.
921 1912 1012 1942 Perl.
1034 1913 1089 1953 qui
1119 1914 1201 1945 illud
1232 1915 1388 1947 dan—32
1411 1917 1503 1949 Leve
1519 1923 1584 1956 est,

131 1948 223 1990 quod
247 1958 379 1989 moneo,
405 1958 468 1981 nec
491 1955 604 1982 tamen
632 1951 673 1982 ad
701 1953 980 1992 perspicuitatem
1003 1964 1119 1987 sensus
1140 1959 1275 1989 omnino
1290 1961 1587 2001 contemnendum,

130 1991 286 2030 κόμματος
301 1993 431 2032 signum
448 2001 501 2023 me
517 1993 670 2033 posuisse
688 2001 765 2035 post
782 2005 899 2028 vocem
924 2002 931 2013 ‘
949 1997 1051 2036 liiuc‚'
1069 2005 1186 2030 contra
1212 2010 1310 2042 quam
1338 2001 1410 2032 fieri
1436 2003 1534 2034 video
1551 2005 1585 2034 in

132 2034 297 2074 omnibus,
319 2044 401 2075 quos
423 2044 545 2075 magno
561 2045 701 2067 numero
725 2038 805 2077 vidi,
828 2039 930 2070 editis
953 2040 1059 2071 libris.
1091 2042 1190 2073 lVest.
1234 2044 1293 2074 Br.
1312 2049 1347 2075 et
1364 2045 1401 2075 Z.
1418 2054 1484 2076 non
1501 2056 1585 2087 pun-

131 2082 217 2117 gunt
234 2081 311 2117 post
333 2081 341 2094 ¹
358 2077 457 2109 hinc)
502 2078 511 2094 ‘
530 2078 580 2108 Is’
610 2079 722 2119 rejicit
744 2081 847 2113 Both.
874 2082 906 2112 iu
933 2092 980 2112 vs.
997 2085 1136 2115 31.-33
1162 2086 1228 2116 Hic
1243 2088 1423 2126 relinquere.
1463 2089 1585 2120 Nullus

131 2125 186 2151 est
200 2119 300 2158 liber,
323 2120 380 2160 qui
395 2120 444 2151 ita
461 2120 624 2157 collocem
647 2122 707 2152 sed
724 2132 838 2154 omnes
855 2124 888 2155 in
907 2125 994 2156 hunc
1012 2125 1168 2157 modum:
1192 2129 1366 2170 relinquere
1380 2130 1430 2160 hic
1444 2135 1489 2161 est
1504 2133 1584 2163 veri-

131 2166 201 2193 tus:
220 2162 346 2202 postilla
369 2171 451 2194 nunc
474 2163 611 2203 primum
637 2165 740 2197 audio.
788 2166 853 2196 Sed
872 2176 988 2198 versus
1005 2167 1189 2209 impeditus
1206 2177 1270 2210 est,
1296 2173 1360 2203 nisi
1383 2177 1452 2212 post
1474 2174 1529 2205 illa
1551 2176 1584 2205 in

131 2204 215 2236 duas
229 2205 396 2235 dictiones
413 2205 558 2244 (lividas,
570 2207 620 2237 ita
638 2212 674 2237 ut
689 2207 745 2238 illa
762 2208 804 2239 sit
821 2209 1044 2248 pyrrhichius
1060 2211 1117 2242 Fa.
1162 2214 1254 2244 Male
1272 2215 1329 2246 Fa.
1345 2220 1380 2246 et
1396 2225 1473 2247 eum
1489 2226 1584 2248 secu-

133 2252 186 2277 tus
203 2247 253 2278 vir
270 2247 390 2278 doctus
406 2247 580 2288 dactylum
596 2247 728 2281 faciunt
744 2260 785 2281 ex
799 2252 935 2292 postilla,
948 2253 1038 2293 quod
1057 2255 1163 2285 tribus
1178 2263 1312 2288 constat
1329 2258 1446 2297 longis.
1492 2261 1584 2299 Lege

131 2289 181 2320 hic
195 2291 369 2329 relinquere
384 2290 504 2321 veritus
519 2294 576 2323 est.
599 2292 703 2323 Bent.
749 2294 875 2324 Mirum
892 2302 956 2333 est,
975 2295 1000 2326 si
1018 2296 1091 2337 quis
1116 2298 1267 2330 ultimam
1294 2300 1472 2339 producat.
1498 2303 1584 2333 Perl.

134 2332 214 2363 Tum
229 2332 345 2363 veritus
359 2332 410 2363 hic
425 2334 596 2374 relinquere
612 2344 679 2365 eam
707 2338 752 2366 est
777 2336 879 2368 Both.
928 2338 1075 2378 Tempora
1103 2346 1179 2380 post
1198 2342 1254 2372 illa
1276 2343 1392 2375 Guelf.
1414 2347 1443 2376 2.
1470 2345 1584 2385 legere

131 2379 231 2406 notat
251 2375 346 2407 Perl.
369 2376 425 2416 qui
450 2376 509 2407 dat
531 2380 602 2416 post
622 2377 774 2408 illm—34
799 2379 883 2410 Mss.
900 2380 1038 2420 quidam
1055 2386 1089 2412 et
1106 2383 1210 2414 editi:
1237 2385 1320 2419 Quid
1335 2388 1372 2416 de
1387 2387 1451 2417 illo.
1479 2388 1584 2418 west.

132 2418 183 2449 De
197 2418 253 2449 illa
268 2416 384 2449 Guelf.
398 2421 425 2449 l.
451 2419 509 2450 Est
527 2420 654 2451 omittit
671 2420 860 2453 Boiu-35
876 2422 917 2453 Et
934 2426 999 2454 tum
1016 2423 1130 2456 Guelf.
1144 2428 1260 2457 1.—-36
1272 2428 1354 2459 Sane
1369 2429 1462 2460 istam
1478 2430 1584 2461 multis

790 2519 929 2551 NOTAE

174 2579 218 2608 29
246 2577 356 2617 Cujam
379 2578 496 2619 igitur]
521 2580 703 2612 Vetustum
720 2581 832 2622 adjec-
886 2583 1044 2625 plerique
1060 2585 1180 2626 solent,
1206 2586 1234 2617 si
1258 2588 1391 2628 quando
1406 2589 1485 2630 quid
1503 2591 1584 2622 emi-

132 2627 237 2657 tivum
253 2637 316 2668 per
332 2628 398 2659 tria
411 2638 537 2669 genera
549 2630 771 2664 declinabile:
796 2633 831 2664 id
885 2643 947 2664 nus
970 2634 1121 2675 audiant,
1146 2645 1244 2667 aures
1260 2638 1438 2680 surrigere.
1474 2639 1584 2671 Aures

134 2680 198 2716 est,
213 2677 320 2717 cujus.
885 2683 1058 2724 erigimus,
1074 2685 1128 2716 vel
1144 2687 1335 2729 arrigimus,
1358 2698 1433 2721 cum
1457 2690 1582 2732 aliquid

175 2729 216 2757 30
238 2727 356 2767 Arrige
378 2739 480 2769 aures,
509 2729 688 2771 Pamphile]
721 2731 831 2762 Meta·
885 2733 1034 2767 libenter
1050 2735 1213 2768 audimus.

133 2776 239 2817 phora
254 2777 358 2810 ducta
385 2778 427 2811 ab
452 2779 667 2821 animalibus,
688 2790 829 2823 quorum
