1903 3306
446 224 507 253 on
540 222 737 253 comicis
772 222 1183 252 DmENsmNissus.
1456 211 1539 252 139

100 318 218 370 pleni.
257 316 437 355 Tranioni
460 323 588 353 autem
609 328 719 353 servo
741 315 903 366 trepido,
924 316 962 352 in
984 329 1022 353 re
1043 315 1262 367 desperata,
1283 328 1417 352 versus
1436 327 1540 353 com·

99 382 228 432 positi,
260 388 374 430 atque
405 378 476 416 sibi
510 378 602 429 ipsis
623 385 862 416 constantes.
919 379 1010 416 Seni
1039 378 1283 430 Teuropidae‚
1310 378 1387 415 viro
1421 380 1540 428 gravi,

97 457 228 496 parco,
249 444 353 489 laeto,
367 449 482 480 aucta
496 455 549 487 re,
570 448 697 480 amoto
717 442 992 479 maritimorum
1013 448 1117 479 metu
1138 441 1409 492 periculorum,
1429 454 1541 478 sena-

100 507 144 545 rii
177 506 339 544 iambici.
408 504 510 549 Quid
542 505 696 555 gravius
718 504 1027 556 Amphitryone?
1065 505 1158 556 quid
1189 506 1314 556 magis
1343 505 1543 542 statarium

100 583 216 622 quam
235 570 322 607 finis
344 568 503 607 Fabulae
538 580 735 605 conversae
752 567 766 604 ἲ
796 568 1041 606 concluditur
1060 575 1186 606 tamen
1208 569 1357 606 Fabula
1376 568 1543 606 trochai-

99 634 169 673 cis.
226 633 270 670 In
292 631 426 670 Sticho
447 638 574 669 autem
603 638 682 668 tam
712 630 849 668 iambis
870 638 1021 681 potant,
1051 645 1167 682 quam
1186 632 1384 670 trochaeis.
1442 631 1542 669 Gur-

99 696 219 748 gulio,
239 708 399 734 currens
427 695 465 732 in
495 708 536 732 re
556 706 671 740 nova,
689 706 792 731 novo
812 695 949 733 nuntio
982 695 1129 733 vehitur
1158 695 1318 733 trochaei
1341 695 1448 733 rotis.
1494 696 1544 732 At

99 760 292 799 Acanthio
311 760 351 797 in
372 759 589 798 Mercatore
613 757 719 795 haud
740 758 904 796 absimili
923 759 961 795 in
982 772 1022 796 re
1042 758 1240 810 quadratis
1260 759 1379 797 utitur
1407 759 1544 796 iambi-

101 826 179 862 cis:
223 831 261 862 at
294 823 430 861 iisdem
460 822 500 859 in
521 822 766 859 Terentiana
803 820 1035 860 Phormione
1067 822 1170 860 Geta
1198 823 1280 873 pari
1311 823 1350 860 in
1370 823 1545 873 negotio,

102 887 301 938 Ergasilus
324 899 413 925 vero
442 885 636 937 parasitus
670 885 708 922 in
738 885 926 935 Captivis,
946 892 1025 923 tam
1044 886 1265 931 trochaicis,
1295 899 1412 937 quarn
1431 887 1515 924 aliis
1534 900 1543 923 ζ

100 964 188 990 cum
208 958 337 990 tamen
369 950 532 988 similem
557 956 690 1001 ageret
722 962 935 988 cursuram.
992 949 1327 994 Quemadmodum
1356 958 1395 989 et
1423 951 1545 989 Dina-

100 1015 203 1053 cium
225 1028 332 1066 puer,
352 1014 390 1051 in
411 1014 558 1059 Sticho,
578 1013 703 1051 nuntii
723 1020 857 1051 auctor
877 1014 979 1060 novi,
1000 1013 1173 1065 utrisque
1191 1014 1334 1052 mistim
1355 1027 1449 1052 usus
1471 1021 1544 1053 est.

102 1078 294 1117 Praeterea
312 1078 517 1117 trochaicis
551 1078 710 1128 Harpax
745 1077 894 1116 Cacula
928 1078 1103 1116 militaris
1132 1079 1172 1115 in
1207 1078 1419 1125 Pseudulo,
1451 1078 1545 1116 dum

100 1142 279 1180 lenonem
295 1142 446 1193 quaerit.
500 1141 721 1179 Trochaicis
753 1141 925 1179 Erotium
953 1141 1133 1179 meretrix
1153 1141 1191 1179 in
1213 1141 1482 1188 Menaechmis,
1503 1150 1546 1181 ut

101 1206 305 1245 obsonium
337 1204 639 1256 comparandum
661 1212 783 1244 curet.
839 1206 892 1242 At
919 1218 940 1243 e
977 1206 1170 1243 contrario
1203 1204 1407 1244 trochaicis
1439 1207 1549 1258 Lysi-

101 1270 198 1309 teles
217 1269 461 1315 adolescens,
490 1276 530 1307 et
562 1269 702 1320 gravis,
740 1275 780 1307 et
810 1269 910 1320 frugi
939 1269 979 1306 in
1011 1270 1261 1308 Trinummo:
1302 1277 1341 1308 et
1362 1270 1547 1309 Chremes

102 1349 236 1382 senex,
253 1336 309 1373 vir
329 1337 470 1381 bonus,
501 1347 547 1373 ac
581 1334 751 1386 prudens
786 1335 826 1372 in
848 1335 1009 1383 Andria,
1046 1336 1146 1374 seria
1174 1336 1213 1373 in
1246 1336 1375 1387 primis
1411 1335 1460 1374 de
1493 1350 1546 1382 re,

101 1406 263 1452 paterno
293 1399 434 1445 animo,
455 1399 650 1437 constanti
679 1398 974 1450 conquestione.
1032 1399 1148 1444 Quod
1179 1400 1211 1438 si
1230 1400 1281 1437 ad
1316 1400 1468 1438 Davum
1488 1414 1547 1439 re-

101 1463 281 1514 spiciant,
302 1463 369 1513 qui
389 1464 566 1514 sequenti
586 1475 704 1501 scena
717 1463 800 1514 jam
820 1463 940 1501 otium
955 1471 1071 1515 atque
1087 1464 1406 1514 tranquillitatem
1426 1465 1548 1516 impe·

101 1526 224 1565 rando
245 1527 331 1572 sibi,
351 1526 586 1564 bellissimos
606 1526 736 1564 fundit
756 1526 988 1572 trochaicos,
1003 1527 1085 1577 jam
1103 1528 1177 1578 ipsi
1195 1528 1263 1565 illa
1282 1527 1330 1566 de
1349 1527 1547 1566 celeritate

102 1589 250 1641 aliquid
270 1589 486 1628 consultius
506 1590 715 1628 remittant.
773 1590 916 1629 Poetas
946 1591 1120 1642 profecto
1140 1592 1237 1629 istos
1264 1592 1435 1629 comicos
1456 1605 1548 1630 nos-

103 1659 236 1700 trates,
255 1661 299 1691 ut
333 1653 372 1690 in
402 1660 570 1692 mentem
595 1661 795 1702 venerant,
815 1668 876 1693 res
898 1655 1118 1706 arripuisse,
1137 1656 1269 1706 eisque
1284 1668 1462 1694 numeros
1484 1669 1548 1694 ac-

104 1716 374 1756 commodasse
393 1729 490 1755 reor.
546 1717 618 1755 Isti
649 1730 740 1756 vero
766 1717 1041 1769 legumlatores
1062 1719 1165 1766 novi,
1184 1719 1354 1770 plerique
1374 1720 1448 1758 hoc
1469 1721 1548 1758 suis

104 1780 283 1819 obtinent
301 1780 466 1831 ingeniis
501 1780 695 1831 peculiare
715 1793 724 1818 ε
770 1781 887 1819 semel
917 1781 1058 1820 alicubi
1081 1783 1113 1820 si
1133 1782 1226 1833 quid
1247 1783 1549 1834 deprehendere,

100 1842 207 1882 illico
240 1856 309 1895 pro
334 1843 420 1894 lege
454 1844 611 1882 habent.
669 1845 788 1896 Atqui
817 1845 936 1896 longo
966 1846 1166 1897 multoque
1199 1859 1296 1897 opus
1317 1854 1378 1884 est
1406 1847 1549 1893 studio,

104 1916 166 1945 est
185 1920 283 1959 opus
302 1907 465 1945 consilio
485 1907 680 1958 prudenti,
700 1909 778 1946 acri
793 1908 943 1959 judicio
963 1922 1062 1960 opus
1089 1917 1170 1948 est:
1201 1923 1422 1961 quanquam
1442 1912 1550 1961 equi-

106 1970 195 2009 dem
214 1984 291 2008 non
311 1971 498 2021 negarim,
521 1970 752 2010 Fabularum
775 1972 908 2019 initiis,
928 1973 994 2011 ubi
1019 1975 1166 2012 animos
1187 1987 1378 2026 auresque
1398 1982 1552 2025 specta-

106 2040 234 2072 torum
267 2034 445 2072 trimetris
483 2035 657 2072 versibus
703 2035 949 2081 imbuissent,
995 2037 1068 2088 ipsi
1111 2037 1183 2075 sibi
1213 2051 1283 2075 suo
1318 2038 1431 2088 quasi
1462 2038 1550 2088 jure

107 2108 279 2149 agerent,
313 2097 496 2149 deinceps
531 2098 776 2149 interspersis
812 2099 952 2136 alicubi
984 2099 1160 2150 ejusdem
1193 2102 1345 2151 generis
1376 2102 1552 2148 senariis,

99 2153 220 2212 'idque
240 2174 366 2212 neque
387 2174 549 2212 semper,
570 2174 697 2212 neque
726 2170 899 2207 coactos,
927 2175 1052 2213 neque
1074 2163 1254 2201 consulto
1272 2164 1471 2203 factitasse
1486 2177 1552 2203 ex-

105 2224 335 2262 istimamus.
379 2224 467 2261 Fuit
486 2232 613 2262 tamen
635 2224 708 2262 hoc
728 2224 804 2261 illis
825 2225 862 2262 in
881 2237 986 2263 more
1006 2226 1190 2276 positum,
1205 2234 1248 2265 ut
1268 2228 1552 2267 narrationibus

108 2287 300 2326 trimetros
337 2287 479 2338 majore
516 2300 564 2326 ex
597 2294 705 2338 parte
735 2287 966 2339 adaptarent
984 2303 993 2326 :
1035 2303 1161 2341 neque
1208 2291 1331 2329 solum
1367 2292 1404 2329 in
1438 2305 1555 2343 argu-

107 2352 262 2398 mentis,
283 2359 350 2390 aut
370 2352 545 2403 prologo,
565 2360 632 2390 aut
651 2353 809 2404 protasi,
831 2353 900 2391 sed
921 2354 1034 2392 etiam
1055 2356 1157 2406 apud
1173 2370 1358 2407 personas
1370 2370 1450 2404 eas,
1464 2372 1552 2409 quae

106 2416 222 2454 etiam
242 2416 348 2454 aliud
368 2424 540 2467 agerent.
607 2417 943 2461 Quemadmodum
981 2432 1069 2457 cum
1096 2419 1229 2457 Davus
1263 2420 1302 2457 in
1323 2421 1484 2468 Andria,
1505 2423 1554 2461 de

111 2477 196 2517 aliis
215 2480 330 2517 rebus
350 2479 528 2530 loquens,
549 2480 624 2518 alia
643 2482 762 2519 utitur
790 2495 972 2519 versuum
1001 2483 1241 2522 dimensione
1259 2498 1268 2523 :
1298 2485 1363 2522 ubi
1383 2485 1433 2522 ad
1466 2498 1554 2524 nar-

110 2542 297 2581 rationem
331 2542 538 2581 deventum
571 2552 644 2590 est‚
678 2544 726 2583 de
765 2546 853 2582 navi
892 2545 1015 2584 fracta
1053 2547 1155 2599 apud
1194 2547 1382 2594 Andrum,
1411 2548 1459 2586 ad
1490 2550 1556 2587 tri-

110 2612 252 2644 metros
273 2605 494 2645 divertitur:
525 2607 610 2644 <Ad
631 2608 714 2646 haec
743 2609 858 2658 mala,
885 2609 959 2647 hoe
983 2611 1075 2648 mihi
1098 2611 1250 2649 accedit
1279 2612 1420 2650 etiam:
1468 2612 1554 2650 haec

114 2668 289 2707 Andria.'
346 2669 489 2708 Eadem
525 2670 726 2722 diligentia
751 2673 788 2710 in
820 2673 1007 2723 epistolis.
1064 2675 1107 2711 In
1142 2674 1339 2713 Pseudulo
1359 2676 1406 2712 ab
1428 2675 1553 2725 longis

112 2732 151 2772 in
173 2733 343 2771 senarios
373 2733 600 2773 deflectitur.
659 2736 702 2773 In
732 2736 910 2775 Asinaria
938 2750 1103 2790 quoque,
1133 2738 1237 2790 quod
1276 2745 1432 2789 pactum
1461 2751 1553 2777 con-
