1903 3306
565 231 770 262 ANDRIAE
802 230 910 261 Aer.
933 233 966 261 1.
1001 232 1068 262 sc.
1101 233 1132 261 1.
1491 224 1575 266 279

123 326 186 368 Ut
205 327 396 368 animum
416 325 473 366 ad
490 325 669 378 aliquod
690 325 885 367 studium
910 325 1165 379 adjungant,
1184 330 1260 367 aut
1281 339 1420 380 equos

122 393 268 442 Alere,
290 398 367 435 aut
388 406 516 434 canes
539 393 595 433 ad
615 393 877 443 venandum,
899 398 975 434 aut
997 393 1051 434 ad
1074 392 1401 447 Philosophos:
1518 397 1574 438 30

124 461 298 502 Horum
319 461 393 502 ille
412 460 527 502 nihil·
543 462 716 514 egregie
735 465 895 515 praeter
914 465 1061 502 cetera

124 528 363 580 Studebat3
394 532 437 569 et
456 532 606 569 tamen
630 529 776 569 omnia
796 529 893 570 haec
915 529 1205 569 mediocriter.

123 595 402 636 Gaudebam.
462 595 540 636 So.
572 595 675 636 Non
695 595 879 656 inj—Q‘i-a:
909 609 1009 636 nam
1030 596 1074 636 id
1097 597 1280 636 arbitror

123 661 338 715 Apprime
358 662 402 702 in
421 662 516 702 vita
536 675 635 702 esse
656 662 780 712 utile,
798 666 845 702 ut
867 674 933 703 NE
958 674 1080 712 QU1D
1105 643 1296 718 NlMlsJ
1394 648 1448 688 *ἶ*

123 729 193 769 Sr.
225 728 299 768 Sic
320 728 412 769 vita
432 732 548 769 erat:
580 728 712 769 facile
734 721 1110 787 omneis'perferre
1134 744 1186 771 ac
1207 731 1301 783 pati
1321 745 1331 782 3
1518 732 1573 772 35

123 794 234 836 Cum
256 796 414 850 quibus
435 800 529 837 erat
549 809 736 850 cumque
756 810 858 846 una,
880 797 935 837 iis
956 810 1053 838 sese
1076 797 1231 839 dedere
1250 811 1260 849 3

124 860 287 903 Eorum
308 864 493 917 obsequi
514 864 674 905 studiis
693 878 704 915 3
737 865 951 905 advorsus
971 865 1157 906 nemini:

123 929 363 984 Nunquam
383 922 645 983 praeponens
667 944 714 971 se
734 931 850 972 illis:
882 932 946 973 ita
967 932 1175 973 facillime

123 997 228 1038 Sine
249 997 418 1039 invidia
435 997 614 1038 laudem
634 998 851 1048 invenias,
867 1003 910 1039 et
930 999 1101 1040 amicos
1122 1013 1266 1053 pares.

122 1063 198 1105 So.
229 1064 460 1118 Sapienter
481 1066 616 1106 vitam
637 1066 831 1107 instituit
849 1080 859 1107 ε
890 1080 1077 1120 namque
1098 1067 1182 1108 hoc
1203 1072 1402 1122 tempore
1516 1070 1573 1110 40

125 1131 423 1181 OBSEQUiUM
448 1142 649 1182 AMlcos,
674 1143 888 1174 VERITAS
914 1145 1074 1174 oDIUM
1103 1146 1271 1175 PARiT.

122 1198 189 1241 Si.
219 1199 394 1242 Interea
411 1200 563 1241 mulier
579 1200 798 1254 quaedam,
819 1200 979 1242 abhinc
996 1201 1244 1251 triennium,

116 1333 215 1375 tionis
225 1346 323 1375 genus
337 1337 533 1377 adjungant:
554 1341 610 1369 aut
634 1347 725 1378 equos
746 1339 842 1376 alere,
865 1341 919 1369 aut
942 1347 1031 1369 canes
1045 1338 1209 1374 venaticos,
1225 1341 1279 1369 aut
1294 1337 1494 1377 Philosophis
1509 1347 1576 1378 ope-

120 1386 189 1407 ram
212 1380 306 1410 dare:
329 1390 368 1411 ex
392 1381 441 1411 his
466 1380 606 1411 omnibus
630 1380 744 1411 studiis
770 1381 887 1412 nullum
913 1381 1119 1411 vehementius
1143 1391 1233 1422 qaam
1256 1380 1320 1411 alia
1345 1380 1523 1421 affectabat,
1546 1382 1576 1410 et

121 1422 224 1452 tamen
245 1422 294 1452 his
307 1423 444 1454 omnibus
458 1423 652 1454 mediocriter
666 1423 819 1455 studebat.
866 1423 1046 1454 Gaudebam
1074 1424 1129 1454 Ιιοο
1150 1424 1277 1463 ingenio
1303 1433 1370 1454 eum
1393 1433 1467 1454 esse.
1514 1423 1575 1453 So.

123 1461 197 1493 Nou
210 1463 278 1495 sine
291 1475 383 1496 causa
392 1466 548 1505 gaudebas
560 1477 570 1497 .·
592 1476 664 1496 nam
680 1466 713 1496 id
728 1466 865 1496 arbitror
879 1466 912 1496 in
932 1466 1042 1505 primis
1064 1467 1141 1497 utile
1166 1467 1199 1496 in
1214 1467 1280 1496 vita
1294 1476 1371 1505 esse,
1391 1467 1434 1497 Ut
1449 1476 1487 1497 ne
1502 1465 1576 1506 quid

121 1514 200 1543 agas
212 1516 306 1547 supra
321 1509 453 1539 modum.
497 1509 547 1540 Si.
572 1507 626 1539 Sic
642 1508 704 1547 ejus
724 1508 799 1538 vitre
821 1509 1000 1539 institutum
1016 1512 1080 1539 erat
1095 1519 1107 1545 ,·
1124 1508 1288 1545 facilitate
1302 1512 1331 1539 et
1347 1509 1499 1539 suavitate
1513 1518 1577 1538 mo·

120 1555 202 1587 rum,
223 1559 326 1581 omnes
341 1550 483 1590 perferre
507 1561 544 1582 ac
564 1551 646 1591 pati,
669 1550 902 1591 quibuscumque
927 1561 988 1581 una
1012 1552 1271 1588 conversabatur;
1294 1552 1400 1582 horum
1421 1551 1577 1582 volantati

120 1598 184 1620 sese
197 1595 434 1632 accommodare,
458 1603 562 1624 eorum
584 1593 706 1633 obsequi
726 1594 852 1633 studiis,
875 1594 992 1624 ‘nemini
1007 1603 1192 1633 repugnans,
1206 1604 1360 1634 nunquam
1373 1604 1404 1624 se
1419 1594 1482 1624 illis
1495 1603 1577 1634 prae-

113 1629 243 1668 serens:
265 1645 333 1675 quae
357 1636 439 1669 ratio
455 1636 567 1673 facilis
588 1640 632 1667 est
657 1637 698 1667 ad
716 1636 836 1667 laudem
849 1637 1097 1676 comparandam,
1111 1640 1141 1667 et
1157 1637 1271 1668 amicos
1286 1637 1347 1667 sibi
1361 1637 1576 1668 conciliandos.

120 1674 181 1707 So.
202 1675 366 1717 Sapienter
395 1679 492 1711 vitam
519 1679 681 1715 instituit5
702 1689 844 1719 namque,
873 1682 908 1710 ut
934 1682 1052 1718 tempus
1081 1683 1139 1719 est,
1171 1679 1357 1719 Obsequium
1377 1680 1503 1718 amicos,
1526 1689 1578 1709 ve-

121 1717 202 1750 ritas
215 1721 319 1752 odiam
341 1722 440 1762 parit.
484 1721 533 1753 S1.
558 1723 683 1753 Interea
706 1722 778 1752 dam
792 1722 978 1762 Pamphilus
1000 1722 1046 1752 sic
1071 1722 1194 1754 honeste
1219 1722 1355 1762 vivebat,
1382 1726 1445 1754 tres
1467 1721 1577 1753 abhinc

730 1823 973 1838 eeeeeeeeeee

122 1896 210 1928 Dum
224 1907 291 1929 eum
309 1920 317 1929 .
330 1921 338 1929 .
354 1920 362 1930 .
373 1898 652 1931 cohibebant.-30
674 1900 778 1931 Autve
791 1902 832 1931 ad
859 1901 922 1932 Ph.
941 1900 1057 1932 Guelf.
1086 1903 1204 1931 1.—-33
1228 1899 1312 1931 Vult
1327 1900 1430 1930 Bent.
1454 1909 1527 1930 nam
1542 1899 1576 1930 ia

121 1949 178 1979 ego
193 1939 356 1973 ara—35.
374 1944 416 1973 36
438 1942 518 1973 Pati.
535 1943 612 1973 Cum
626 1954 656 1983 q.
670 1946 750 1983 erat,
773 1953 898 1983 cumque
922 1953 985 1974 una
1010 1944 1050 1974 iis
1075 1943 1135 1974 Br.
1182 1942 1274 1982 Pati,
1300 1944 1381 1973 Cum
1401 1953 1431 1982 q.
1455 1946 1522 1972 erat
1549 1954 1576 1973 c.

121 1992 194 2014 una.
210 1982 250 2013 iis
265 1983 305 2015 Z.
350 1985 530 2015 Sententia
544 1985 737 2025 adjuvanda
754 1990 807 2016 est
823 1986 1047 2017 distinctione
1061 1986 1122 2016 hac
1136 1996 1143 2015 :
1161 1985 1259 2023 facite
1274 1995 1376 2015 omnes
1387 1984 1526 2024 perferre
1543 1996 1578 2016 ac

118 2025 205 2065 pati:
227 2025 291 2067 (sc.
310 2026 444 2066 ignotos
460 2026 581 2068 etiam)
602 2038 671 2059 cam
686 2029 796 2069 quibus
811 2032 876 2059 erat
893 2039 1018 2068 cumque
1032 2038 1105 2067 una,
1128 2027 1170 2058 iis
1194 2038 1259 2059 sese
1284 2029 1416 2063 dedere;
1436 2027 1576 2068 (sodali-

124 2066 222 2107 bus).'
245 2069 341 2100 Bent.
385 2070 465 2101 Hel.
480 2070 529 2101 his
545 2079 606 2110 pro
621 2071 672 2102 iis.
720 2070 838 2102 Guelf.
855 2074 887 2102 2.
913 2072 952 2102 iis
966 2081 1028 2102 una
1043 2081 1106 2101 sese
1119 2070 1373 2101 collocat.—-37.
1391 2072 1431 2100 38
1457 2071 1576 2101 Verba

121 2112 269 2141 advorsus
283 2134 290 2142 .
303 2134 312 2142 .
327 2133 336 2142 .
350 2111 416 2143 illis
430 2116 509 2144 sunt
520 2113 728 2153 interpolata
753 2114 919 2153 putanda,
936 2114 979 2144 ob
997 2113 1231 2153 tautologiam,
1245 2122 1344 2154 quam
1361 2111 1525 2150 efficiunt,
1541 2118 1578 2144 et

122 2154 425 2195 constructionem,
449 2165 547 2196 quam
575 2157 727 2187 turbant.
752 2157 850 2187 Bent.
895 2156 979 2187 Adv.
1001 2167 1080 2187 nem.
1107 2165 1170 2186 eor.
1197 2159 1238 2187 st.
1265 2156 1329 2186 obs.
1357 2155 1411 2186 ed.
1432 2155 1578 2186 Both.—

121 2198 165 2227 38
188 2196 268 2228 Illis.
301 2197 344 2227 In
370 2198 541 2229 vetustiss.
558 2198 637 2228 edd.
653 2198 712 2229 sed
731 2203 766 2229 et
782 2199 868 2229 Mss.
885 2198 1041 2239 quibusd.
1063 2199 1148 2230 aliis.
1170 2199 1281 2229 West.
1326 2198 1471 2238 Conjicit
1489 2198 1578 2230 Gov.

123 2238 231 2278 Proep.
245 2248 278 2270 se
292 2240 365 2270 aliis
379 2250 532 2280 nunquam
544 2251 555 2271 .·
575 2242 584 2257 ‘
596 2240 671 2279 ita,'
698 2241 759 2280 ait,
782 2241 791 2257 ‘
807 2246 843 2272 et
859 2250 974 2272 versus
992 2241 1076 2280 vult,
1104 2246 1140 2272 et
1156 2240 1320 2272 orationis
1338 2239 1506 2280 efflagitat
1522 2250 1578 2271 ve-

122 2285 253 2312 nustas.
297 2282 380 2313 Aliis
402 2292 476 2314 esse
502 2283 638 2322 legend.
655 2288 689 2313 et
705 2284 816 2314 codex
832 2293 886 2314 me
902 2285 1033 2314 monuit
1049 2289 1281 2324 pervetustus,
1303 2288 1339 2314 et
1356 2284 1427 2314 aliis
1441 2293 1575 2324 quoque

122 2323 223 2354 video
238 2324 427 2364 placuisse!
464 2326 506 2356 Ut
521 2330 597 2365 post
612 2327 621 2343 ‘
637 2325 703 2357 ita'
722 2326 875 2357 inserunt
891 2325 1007 2358 Guelf.
1025 2329 1056 2358 3.
1073 2327 1132 2358 ΒΓ.
1178 2325 1248 2358 Hic
1264 2330 1300 2357 et
1312 2326 1412 2357 habet
1430 2336 1461 2357 se
1474 2336 1524 2366 pr.
1538 2326 1575 2356 il.

124 2364 172 2396 At
188 2367 256 2407 huj.
272 2367 347 2398 cod.
363 2367 532 2399 diversam
550 2368 727 2399 verborum
754 2369 1011 2400 collocationem
1036 2368 1112 2399 fere
1136 2368 1373 2409 negligendam
1397 2378 1471 2400 esse
1499 2378 1576 2399 cum

123 2409 247 2440 Bruns.
263 2410 481 2449 putavimus:
506 2420 597 2450 nam,
613 2420 703 2451 cum,
727 2415 765 2442 ut
780 2411 853 2451 ejus
870 2417 1005 2442 utamur
1020 2411 1145 2451 verbis,
1170 2421 1237 2442 non
1264 2411 1449 2442 secundnm
1477 2412 1576 2442 metri

124 2451 218 2491 leges
234 2451 344 2483 codex
358 2457 516 2484 exaratus
532 2454 588 2494 sit,
613 2463 680 2484 non
707 2454 848 2484 multum
871 2454 949 2485 inde
977 2454 1118 2485 subsidii
1147 2453 1189 2484 ad
1216 2453 1492 2485 constituendum
1510 2464 1580 2484 me-

126 2498 215 2525 trum
254 2495 435 2535 expectari
465 2499 678 2537 potest.—-39
709 2497 853 2528 Invenias
890 2497 1012 2528 laudem
1041 2497 1113 2528 vult
1141 2496 1316 2529 Gom—243
1341 2496 1416 2528 Huc
1443 2497 1577 2528 vicinia*-

782 2597 926 2629 NOTAE

165 2672 206 2701 30
229 2670 294 2701 Aut
309 2671 350 2701 ad
365 2670 582 2713 philosophos]
605 2672 741 2714 Ellipsis
768 2679 820 2705 est
918 2677 960 2705 36
986 2675 1064 2706 Cam
1076 2673 1184 2715 quibas
1195 2677 1263 2705 erat
1277 2673 1417 2714 cumque]
1441 2672 1573 2704 Tmesis

121 2720 346 2753 Terentiana:
373 2726 489 2762 potest
501 2723 589 2754 enim
603 2724 821 2767 subintelligi,
878 2729 942 2764 est,
967 2725 1037 2756 sive
1053 2725 1161 2757 sectio
1178 2734 1251 2766 pro,
1266 2734 1342 2756 cum
1364 2724 1576 2765 quibuscum-

123 2771 185 2811 ire‚
200 2770 346 2803 animum
362 2772 549 2814 applicare.
879 2784 945 2817 que
966 2779 1053 2807 erat.
