1903 3306
264 235 349 276 460
763 247 802 276 P.
835 246 1079 277 TERENTH
1116 246 1230 277 Ami

265 340 317 382 In
338 340 455 381 hunc
479 339 595 381 diem
616 343 665 382 ut
685 340 740 381 de
764 342 979 395 symbolis
1001 354 1214 383 essemus.
1277 340 1502 384 Chaeream
1525 343 1566 384 ei
1589 344 1653 385 rei

264 407 583 459 Praefecimus3
606 407 700 449 dati
721 409 1056 460 annuli3100us,
1078 414 1256 463 tempus
1279 411 1565 452 constitutum
1587 416 1669 451 est.

264 476 492 518 Praeteriit
511 480 715 530 tempus3
748 490 837 530 quo
864 478 908 518 in
935 478 1035 518 loco
1058 477 1224 519 dictum
1246 483 1331 528 est,
1353 479 1501 531 parati
1518 479 1626 520 nihil
1645 483 1727 520 esi.

264 541 418 584 Homo
438 543 535 596 ipse
555 555 774 597 nusquam
794 548 861 585 est
882 558 892 597 ;
927 558 1070 598 neque
1093 546 1187 586 scio
1210 545 1318 599 quid
1343 545 1504 597 dicam,
1526 550 1601 587 aut
1622 546 1729 600 quid

435 611 698 665 conjectem.
1701 615 1730 654 5

264 677 395 719 Nunc
414 677 519 718 mihi
539 677 626 719 hoc
645 679 795 733 negoti
816 680 949 721 ceteri
972 680 1146 731 dedere,
1167 683 1217 722 ut
1239 681 1358 721 illum
1381 693 1604 735 quaeram3

265 745 407 800 quue
439 746 552 787 adeo
584 747 743 797 visam,
777 747 817 788 si
849 747 971 789 domi
1004 752 1084 789 est.
1148 748 1365 799 Quisnam
1397 750 1467 790 hio
1497 762 1524 790 a
1556 748 1730 790 Thaide

436 814 558 855 exit?

263 947 343 978 diem
358 951 393 978 ut
413 957 599 979 coenaremus
626 949 663 978 de
687 948 819 989 stipibus
840 949 960 981 collatis
982 948 1020 979 ab
1050 957 1226 989 unoquoque
1243 949 1458 980 conm'varum:
1483 948 1643 980 Clzoeream
1659 949 1731 979 huic

262 990 358 1032 officio
376 991 621 1032 proeposuimus:
644 992 751 1022 αηηιιῑὶ
773 993 841 1022 dati
853 1002 910 1033 pro
926 991 1040 1023 arrha.-
1066 992 1158 1030 locas,
1174 995 1292 1032 tempus
1316 992 1478 1033 deffinitum
1502 995 1570 1022 est:
1604 992 1732 1023 transiit

263 1037 400 1074 tempus:
423 1035 503 1065 nihil
514 1038 723 1075 praeparatum
737 1035 899 1076 reperitur.
949 1035 1079 1065 Choerea
1094 1034 1157 1075 ipse
1171 1044 1320 1075 nusquam
1335 1037 1472 1075 apparet.
1518 1034 1632 1065 Nescio
1656 1034 1732 1074 quid

262 1076 385 1107 debeam
401 1077 515 1117 dicere,
542 1081 597 1108 aut
611 1078 758 1117 cogitare.
806 1079 842 1108 N
844 1088 900 1109 unc
913 1078 989 1108 milti
1004 1088 1023 1108 α
1039 1078 1149 1108 ceteris
1173 1077 1329 1108 sodalibus
1344 1078 1399 1108 hoc
1421 1077 1600 1108 mandatum
1615 1080 1673 1116 est,
1695 1080 1731 1108 ut

260 1120 349 1151 illum
362 1130 520 1161 quoeram:
543 1121 669 1161 ideoque
684 1121 783 1152 visum
798 1121 860 1162 ibo,
884 1122 912 1152 sz'
927 1121 1009 1152 domi
1024 1124 1081 1152 est.
1130 1120 1282 1155 Quisnam
1297 1130 1337 1152 ex
1348 1120 1466 1152 cedibus
1490 1119 1619 1152 Thaidis
1643 1129 1730 1159 egre·

875 1223 1091 1236 aeaeaeaeaeaeaeaeaeaeae
1099 1223 1115 1234 a

264 1291 344 1322 dum
367 1300 394 1322 e.
412 1290 445 1321 in
463 1289 588 1322 Piroeeo
606 1290 644 1321 In
668 1290 748 1322 hunc
767 1291 862 1330 diem,
884 1293 930 1322 ut.
953 1290 1061 1322 West.
1108 1290 1193 1321 Tres
1210 1298 1253 1320 ex
1269 1287 1395 1319 nostris
1412 1286 1568 1318 meliores
1587 1285 1728 1318 cniz‘mus.

264 1334 392 1365 Omnes
411 1337 522 1364 autem
541 1334 657 1371 Piroeo,
671 1343 737 1364 non
759 1339 797 1365 ut
814 1343 904 1365 nunc
921 1334 1048 1374 legitur
1062 1333 1153 1373 apud
1172 1333 1247 1364 Cic.
1273 1331 1314 1362 ad
1333 1330 1406 1362 Att.
1425 1339 1491 1361 vu.
1518 1332 1549 1360 3.
1573 1330 1727 1360 Piraeum.

264 1379 372 1409 Recte
391 1388 398 1408 :
424 1386 489 1407 non
507 1377 596 1407 enim
611 1387 652 1406 ex
670 1377 753 1408 urbe
778 1377 810 1408 in
833 1377 997 1414 Piraeum,
1015 1376 1074 1407 sed
1091 1377 1123 1407 in
1147 1376 1263 1406 Piraeo
1278 1374 1336 1405 ubi
1355 1374 1515 1405 custodes
1532 1376 1629 1404 erant
1644 1372 1728 1412 pub-

260 1421 338 1451 lice.
352 1421 448 1451 Bent.
475 1419 595 1459 Firmo]
610 1419 679 1450 Alii
693 1420 879 1460 scriptores
892 1420 978 1451 lmnc
992 1424 1126 1460 portum
1142 1428 1275 1458 semper
1292 1417 1412 1448 dicunt
1422 1416 1606 1447 Piraeeum.
1623 1415 1666 1446 R.
1681 1415 1728 1446 D.

261 1464 335 1495 Cic.
352 1463 393 1494 ad
408 1462 483 1494 Att.
497 1472 646 1493 errorem
665 1464 922 1503 grammaticum
938 1473 957 1494 a
981 1473 1017 1494 se
1042 1462 1224 1492 admissum
1249 1465 1487 1498 excusaturus,
1503 1462 1669 1500 provocat
1686 1459 1728 1488 ad

262 1507 350 1537 hunc
365 1515 512 1545 versum,
537 1505 682 1546 legendo
705 1507 739 1537 in
764 1507 931 1537 Piroeeum.
977 1505 1045 1536 Sed
1064 1505 1091 1536 is
1109 1510 1145 1536 et
1161 1505 1195 1535 in
1212 1503 1412 1534 defensione
1428 1502 1594 1533 memoria
1608 1501 1725 1540 lapsus

261 1550 399 1580 videtur
423 1549 522 1580 hodie
541 1549 709 1581 omnibus.
757 1549 885 1580 Omnes
903 1548 992 1580 enim
1009 1548 1095 1579 Mss.
1111 1548 1238 1579 habent
1255 1556 1370 1578 casum
1388 1551 1534 1584 sextum,
1562 1550 1596 1575 et
1615 1544 1686 1574 sine
1711 1553 1727 1574 e

262 1591 488 1633 superaddito
508 1592 624 1631 Piroeo‚
642 1597 676 1622 et
702 1596 812 1623 metro
830 1592 1011 1623 adversum
1042 1590 1350 1632 quadrisyllabum.
1381 1589 1459 1629 Rip.
1508 1587 1646 1618 Coiimus
1669 1586 1729 1618 ΒΓ.

262 1636 470 1667 Bent.Perl.
488 1635 590 1666 Both.
608 1640 643 1666 et
662 1635 777 1666 Pz'roeo.
824 1635 903 1666 Hoc
922 1634 1005 1665 dant
1031 1640 1064 1665 et
1088 1635 1128 1665 Z.
1154 1639 1188 1664 et
1212 1633 1290 1673 Bip.
1338 1632 1432 1663 Pireo
1448 1629 1564 1662 Guelf.
1582 1633 1611 1661 1.
1628 1631 1729 1660 2.-2

267 1680 312 1709 Ut
329 1679 422 1709 delet
439 1679 535 1709 Perl.
553 1682 589 1709 et
604 1683 702 1709 notat
720 1678 752 1708 id
769 1679 834 1717 legi
852 1678 886 1708 in
904 1676 1023 1709 Guelf.
1040 1680 1070 1708 2.
1089 1679 1187 1708 3.—4
1213 1677 1272 1707 Est
1299 1679 1378 1716 post
1399 1674 1548 1705 ‘dictum
1562 1673 1570 1687 '
1593 1672 1692 1703 abest
1707 1682 1727 1702 a

263 1722 390 1753 Eua-6
414 1721 507 1752 Illum
520 1725 566 1751 ut.
597 1721 641 1752 Ο.
657 1722 679 1752 l.
698 1731 724 1751 s.
743 1731 882 1751 numero
900 1721 1041 1751 meliore
1059 1720 1107 1750 sic
1124 1719 1260 1759 habent,
1277 1718 1425 1749 utillum.
1442 1718 1499 1748 Fa.
1542 1715 1598 1747 Sic
1616 1715 1725 1746 nostri

264 1775 380 1796 omnes
406 1770 440 1795 et
471 1764 559 1794 Edd.
587 1768 675 1795 vett.
698 1765 857 1795 Bana—7
882 1763 938 1794 Ibo
960 1765 1001 1794 dd
1027 1772 1104 1794 eum.
1153 1763 1261 1794 Visam
1283 1761 1312 1792 si
1335 1761 1417 1791 domi
1439 1764 1486 1791 est
1502 1759 1544 1791 G.
1564 1758 1629 1790 ET.
1647 1758 1728 1789 EM.

268 1809 369 1840 IVest.
415 1808 512 1847 quue
527 1808 601 1838 adeo
626 1807 738 1845 visam,
765 1808 792 1837 si
815 1807 927 1837 domist
944 1806 1041 1836 dedit
1063 1805 1239 1843 Faernus;
1264 1803 1323 1834 sed
1341 1803 1423 1833 nihii
1442 1802 1482 1833 ad
1501 1802 1609 1833 locum
1624 1809 1727 1831 auno-

263 1852 360 1882 tavit.
407 1850 526 1881 Nostri
539 1859 653 1880 omnes
680 1859 754 1881 cum
779 1849 866 1880 Edd.
883 1854 968 1881 vett.
994 1848 1048 1879 1110
1063 1849 1102 1879 ad
1118 1858 1213 1885 eum;
1237 1845 1326 1887 quod
1355 1847 1388 1876 in
1415 1849 1614 1876 contextum
1634 1852 1727 1873 rece-

264 1895 315 1935 pit
330 1895 379 1924 vir
404 1894 568 1931 eruditus,
586 1893 683 1932 quue
707 1894 783 1923 adeo
807 1892 932 1932 ejecto.
977 1892 1121 1922 Temere
1137 1890 1289 1927 factum3
1314 1893 1349 1919 et
1375 1889 1476 1919 nolin]
1506 1886 1645 1918 imitari.
1663 1886 1728 1917 Co-

264 1938 331 1968 dex
346 1937 435 1968 enim
455 1936 653 1974 Bembinus‚
669 1935 744 1976 ipso
761 1936 891 1966 Bembo
909 1939 1012 1971 teste,
1035 1934 1133 1974 quue
1155 1935 1241 1964 adeo.
1276 1930 1458 1972 Equidem,
1479 1930 1576 1960 silbo
1599 1931 1639 1960 ad
1655 1938 1724 1959 eum

265 1982 482 2019 asciscerem,
509 1983 589 2019 post
606 1978 662 2008 Ibo
685 1978 1013 2018 subdist'mguerem,
1033 1977 1099 2008 hoc
1116 1976 1240 2007 modo:
1266 1974 1335 2013 Ibo,
1348 1975 1387 2004 ad
1404 1984 1470 2004 eum
1487 1972 1585 2004 visam
1600 1972 1628 2002 εἰ
1642 1971 1727 2002 domi

263 2027 320 2055 est.
367 2024 483 2061 Certe,
500 2023 525 2052 si
540 2022 593 2052 Ibo
609 2023 649 2052 ad
664 2031 743 2062 eum,
761 2027 794 2052 et
812 2031 901 2060 mox,
915 2021 1015 2051 visum
1040 2020 1068 2050 si
1093 2019 1177 2050 domi
1196 2021 1243 2049 est
1266 2017 1382 2055 dicas;
1407 2016 1457 2047 bis
1474 2015 1564 2046 idem
1589 2014 1728 2045 dixeris.

264 2067 361 2107 quue
376 2066 450 2096 adeo
464 2065 574 2102 visam,
593 2064 737 2104 perinde
760 2074 799 2095 ac
817 2065 927 2105 Itaque
943 2065 1031 2102 adeo,
1048 2063 1129 2094 satis
1153 2071 1189 2092 se
1214 2064 1387 2092 vetustate
1405 2068 1466 2090 sua
1492 2063 1528 2089 et
1553 2057 1728 2097 elegantia

264 2108 493 2140 commendat.
539 2107 668 2138 Heaut.
685 2117 708 2138 1.
734 2111 764 2139 1.
782 2110 855 2138 122.
887 2108 895 2123 ‘
914 2107 977 2137 Ibo
1002 2106 1089 2136 adeo
1114 2105 1191 2136 hinc
1215 2104 1327 2135 intro:
1353 2110 1405 2133 set
1420 2101 1499 2142 quid
1518 2104 1728 2141 crepuerunt

264 2151 356 2183 fores
369 2152 390 2183 ?’
415 2152 482 2182 Ubi
499 2150 584 2181 illud
606 2151 618 2166 “
632 2154 702 2181 set'
721 2151 753 2181 in
771 2150 966 2181 memoriam
980 2149 1062 2180 mihi
1075 2148 1213 2188 redigit,
1230 2147 1373 2178 alterum
1390 2153 1525 2186 quoque
1540 2143 1639 2184 hujus
1652 2151 1728 2173 ver-

265 2205 322 2226 sus
339 2195 435 2226 colon
452 2193 615 2224 mendose
632 2193 735 2224 ferri:
760 2193 858 2233 quue
881 2194 956 2224 adeo
971 2192 1071 2223 visam
1086 2192 1113 2222 si
1134 2191 1272 2222 domist:
1296 2189 1436 2230 quisnam
1459 2188 1530 2218 hinc
1553 2186 1591 2217 ab
1611 2185 1728 2218 Thaide

264 2238 331 2270 exit
346 2236 361 2270 ’.ἲ
377 2238 506 2269 Omnes
522 2236 631 2267 nostri
647 2246 722 2268 cum
742 2241 825 2268 vett.
844 2235 932 2267 Edd.
950 2239 996 2266 set
1020 2236 1182 2275 quisnam.-
1206 2233 1337 2274 syllaba
1353 2239 1576 2271 supervacua.
1623 2227 1726 2260 Faer-

265 2291 327 2311 nus
343 2284 388 2312 sct
405 2280 529 2321 ejecit:
556 2288 618 2319 ego
642 2289 717 2311 cum
734 2280 853 2310 codice
882 2280 916 2309 in
941 2277 1161 2309 Bibliotheca
1183 2276 1322 2318 publica
1337 2274 1410 2305 hinc
1425 2273 1546 2314 ejicio:
1568 2271 1623 2302 Set
1637 2271 1726 2302 enim

264 2324 342 2354 hnic
360 2324 435 2354 loco
448 2322 671 2364 aptissimum.
696 2323 794 2353 Bent.
808 2322 864 2363 qui
879 2322 939 2353 dat
956 2331 1031 2352 cum
1053 2320 1158 2352 Both.
1183 2325 1218 2351 et
1236 2319 1328 2350 Perl.
1346 2318 1444 2357 quue
1465 2317 1540 2346 adeo
1562 2314 1673 2352 visam,
1699 2313 1727 2343 si

264 2367 389 2398 domist.
435 2367 491 2398 Set
512 2365 653 2406 quisnam
668 2375 687 2395 α
706 2366 762 2396 ΤΙι.
778 2375 829 2396 esc.
874 2366 946 2396 Dat
964 2363 1020 2394 Ibo
1035 2365 1075 2394 ad
1104 2373 1183 2398 eum,
1200 2361 1309 2400 visam,
1337 2361 1364 2390 si
1388 2359 1470 2390 domi
1493 2361 1557 2390 est:
1583 2357 1727 2398 quisnam

266 2421 285 2441 a
303 2411 358 2441 Th.
375 2409 441 2440 exit
465 2409 544 2449 Bip.
571 2408 724 2443 Quisnam
735 2408 807 2439 hinc
827 2409 885 2440 ΤΙι.
909 2407 975 2439 exit
993 2406 1132 2437 exhibet
1153 2405 1192 2436 Z.
1239 2405 1349 2436 Notat
1364 2402 1455 2433 Peri.
1475 2402 1590 2441 legere
1607 2397 1725 2430 Guelf.

265 2455 296 2483 2.
315 2455 346 2483 3.
393 2453 447 2483 Ibo
463 2452 503 2483 ad
529 2461 596 2482 eum
625 2461 689 2491 pro
713 2451 811 2491 quue
834 2452 921 2490 adeo,
951 2454 986 2480 et
1015 2448 1131 2480 Guelf.
1147 2451 1179 2480 3.
1203 2447 1286 2478 dare
1315 2446 1388 2477 hinc
1410 2448 1487 2485 post
1513 2439 1726 2476 ‘Quisnam’

265 2496 336 2527 Dat
350 2496 409 2527 Br.
426 2494 482 2526 Ibo
497 2496 538 2526 ad
553 2504 633 2534 eum,
653 2495 752 2525 visam
766 2494 794 2525 εἰ
809 2494 892 2525 domi
905 2497 964 2526 est.
1010 2492 1075 2524 Sed
1097 2491 1238 2532 quisnam
1258 2490 1332 2521 hinc
1353 2498 1372 2520 a
1391 2488 1446 2520 Th.
1469 2496 1519 2520 ex.
1563 2486 1727 2518 Testatur

926 2589 1070 2622 NOTAE

308 2662 327 2690 3
352 2658 434 2691 Dati
455 2657 580 2698 annuli]
602 2657 800 2689 Nobiliores
826 2656 968 2688 annulos
1024 2654 1067 2686 ad
1088 2653 1179 2685 diem
1203 2650 1428 2684 constitutum
1455 2646 1615 2686 convivii,
1635 2645 1725 2686 quod

265 2720 385 2742 aureos
413 2710 447 2741 in
471 2709 620 2740 sinistrae
645 2717 764 2740 manus
784 2707 892 2748 digito
909 2716 968 2747 pe-
1022 2704 1193 2738 communi
1222 2706 1338 2736 sumtu
1367 2698 1599 2738 celebrabant,
1628 2706 1727 2738 coge-

264 2760 410 2792 nultimo
436 2759 641 2801 gestabant:
673 2768 731 2789 eos
763 2759 797 2790 in
824 2757 969 2798 pignora
1023 2762 1151 2789 rentur.

266 2810 515 2842 comissationis
562 2809 688 2841 dabant
709 2820 717 2839 ι
766 2812 804 2839 ut
848 2808 966 2839 adesse
