1903 3306
552 244 778 274 EUNUcffl
817 244 923 274 Δι’-Τ.
957 243 1028 274 ιιι.
1061 237 1127 273 sc.
1162 245 1213 273 11.
1522 234 1607 274 453

1555 340 1581 379 m

1587 341 1612 378 ὐἱ

145 341 269 383 Scire
293 355 467 395 aequum
488 344 557 381 est
577 339 923 389 adolescentem,
946 339 1146 379 solertem
1171 338 1301 379 dabo.

147 409 276 451 THR.
309 409 404 461 Ego
426 408 551 448 illum
572 407 836 456 eunuchum,
856 407 895 447 si
916 419 1030 459 opus
1053 406 1126 455 sit,
1151 405 1221 445 vel
1245 406 1439 446 sobrius.

148 477 236 518 ΡΑ.
266 475 418 529 Atque
438 475 535 516 haec
553 475 631 528 qui
651 476 787 523 misit,
809 488 895 514 non
918 475 1006 514 sibi
1027 474 1112 514 soli
1135 474 1333 527 postulat

144 544 210 585 Te
230 544 395 594 vivere,
419 547 462 584 et
480 556 564 583 sua
585 555 721 583 causa
741 542 924 583 excludi
946 545 1112 582 ceteros
1129 555 1139 582 :

145 610 306 664 Neque
325 623 494 664 pugnas
515 614 676 659 narrat,
698 623 839 663 neque
863 610 1097 650 cicatrices
1121 622 1227 649 suas

147 678 381 729 Ostentat3
403 691 547 732 neque
569 677 651 718 tibi
672 678 838 726 obstat,
856 677 974 730 quod
991 676 1169 729 quidam
1192 674 1320 715 facit:
1553 676 1610 716 30

144 745 330 796 Verum,
352 746 431 786 ubi
451 745 687 786 molestum
708 758 796 785 non
815 746 908 794 erit,
928 745 1005 785 ubi
1028 749 1074 785 tu
1095 744 1234 792 voleS,

143 812 235 854 Ubi
256 818 436 865 tempus
457 812 539 853 tibi
560 812 657 860 erit,
680 816 749 852 sat
769 812 913 861 habet,
938 812 976 852 si
997 817 1090 852 tum
1107 810 1334 863 recipitur.

141 879 270 920 THR.
300 879 504 933 Apparet
525 892 703 920 servum
723 878 838 919 hunc
861 892 961 920 esse
983 879 1150 919 domini
1174 876 1388 930 pauperis

143 948 404 1002 Miserique.
464 947 559 989 GN.
591 947 710 988 Nam
734 946 881 988 hercle
902 959 1034 987 nemo
1057 951 1229 999 posset,
1252 947 1323 984 sat
1344 943 1454 992 scio,

144 1014 237 1066 Qui
257 1016 455 1066 haberet,
477 1015 555 1068 qui
577 1019 755 1068 pararet
776 1014 930 1063 alium,
953 1013 1070 1053 hunc
1087 1011 1276 1065 perpeti.
1553 1013 1611 1052 35

142 1084 233 1125 PA.
263 1082 386 1124 Tace
407 1085 469 1132 tu,
491 1094 621 1135 quem
640 1094 723 1134 ego
745 1094 844 1122 esse
865 1081 978 1121 infra
998 1080 1176 1120 infimos
1193 1079 1363 1120 omneis
1382 1083 1493 1131 puto

142 1150 387 1202 Homines;
409 1162 510 1189 nam
530 1149 607 1203 qui
628 1148 732 1189 huic
753 1148 944 1188 animum
967 1147 1185 1188 assentari
1206 1146 1450 1195 induxeris,

143 1218 182 1259 E
199 1219 380 1266 flamma
400 1220 552 1271 petere
575 1220 621 1257 te
645 1216 795 1257 cibum
815 1228 951 1269 posse
972 1214 1170 1256 arbitror.

141 1331 174 1362 in
201 1333 328 1365 musicis
348 1333 534 1374 proeceptis;
562 1331 698 1373 peritum
726 1334 757 1361 et
786 1329 973 1360 industrium
1004 1330 1224 1360 adolescentem
1239 1338 1304 1359 esse
1323 1327 1486 1369 proestabo.
1510 1325 1606 1357 THR‘

142 1376 214 1414 Ego
245 1376 334 1408 illum
376 1376 569 1414 Eunuchum,
610 1375 657 1405 vel
690 1384 750 1404 nou.
776 1376 868 1414 potus
898 1375 928 1403 et
965 1371 1078 1410 ebrius,
1115 1372 1144 1402 si
1172 1371 1217 1402 sit
1243 1381 1327 1412 opus.
1386 1371 1452 1401 PA.
1491 1370 1606 1409 Atque,

140 1427 157 1448 o
190 1418 313 1450 Thais!
340 1419 380 1458 is,
401 1419 454 1459 qui
474 1418 538 1449 hoec
561 1426 688 1448 munera
711 1417 768 1447 tibi
789 1415 902 1454 mittit,
921 1425 980 1445 non
1007 1425 1064 1455 pro
1090 1415 1139 1445 his
1165 1414 1257 1454 petit,
1281 1418 1311 1445 te
1334 1413 1395 1444 sibi
1416 1412 1472 1444 soli
1488 1422 1608 1449 vacare,

141 1463 172 1491 et
202 1461 279 1492 alios
307 1465 459 1492 amatores
483 1464 552 1492 tuos
581 1460 748 1501 expellere.-
785 1467 880 1498 neque
904 1467 961 1488 sua
993 1457 1103 1498 proelia
1127 1457 1271 1495 jactitat,
1304 1466 1399 1496 neque
1427 1455 1608 1486 cicatrices:

139 1504 220 1542 quod
244 1504 369 1545 quidam
388 1503 473 1542 facit
490 1504 628 1543 (Thraso
655 1500 793 1543 nempe).·
830 1510 925 1541 neque
946 1500 1072 1541 impedit
1098 1499 1258 1540 quominus
1283 1500 1400 1530 lucrum
1430 1509 1469 1529 ex
1498 1498 1609 1528 ceteris

131 1545 260 1584 sachis,-
281 1557 386 1578 verum
409 1546 605 1585 satisfactum
628 1546 689 1576 sibi
714 1555 778 1576 esse
800 1544 983 1582 arbitratur,
1004 1543 1033 1574 si
1057 1553 1125 1574 eum
1150 1542 1309 1580 amittas,
1324 1542 1442 1582 quando
1466 1541 1524 1572 tibi
1546 1550 1607 1571 non

139 1588 360 1621 incommodum
385 1590 456 1629 erit,
471 1590 591 1629 qnando
615 1589 756 1619 voluntas
783 1591 837 1618 tua
854 1587 942 1625 feret
964 1590 995 1617 et
1018 1585 1238 1626 opportunitas.
1296 1586 1391 1616 THR.
1417 1584 1481 1615 Hic
1503 1593 1610 1614 serras

139 1632 263 1664 videtur
277 1633 387 1664 habere
407 1642 572 1673 pauperem
593 1631 749 1662 dominum
772 1630 985 1669 misermnque.
1031 1629 1103 1660 GN.
1126 1629 1179 1659 Ita
1204 1628 1372 1658 mehercule
1385 1638 1395 1663 ,·
1417 1637 1503 1658 nemo
1526 1627 1609 1657 enim

136 1678 240 1715 posset
253 1675 333 1706 hunc
347 1676 402 1707 diu
415 1677 557 1711 tolerare,
573 1674 625 1715 qni
639 1674 764 1705 haberet
776 1673 948 1713 pecuniam,
964 1681 1023 1713 qua
1039 1672 1136 1702 alium
1149 1675 1271 1702 emeret.
1293 1671 1360 1701 ΡΑ.
1379 1670 1446 1701 Sile
1460 1673 1506 1708 lu,
1521 1679 1610 1709 quem

140 1727 195 1756 ego
206 1727 286 1758 pono
300 1719 386 1757 infra
400 1718 565 1749 vilissimos
579 1727 680 1748 omnes
695 1720 725 1748 et
738 1715 960 1754 abjectissimos
973 1714 1131 1751 homines;
1154 1724 1238 1753 mun,
1254 1714 1330 1754 quod
1347 1713 1404 1744 tibi
1421 1713 1607 1754 persuadere

134 1761 285 1802 potueris,
301 1766 335 1793 ut
347 1761 418 1793 huic
432 1771 550 1802 semper
573 1761 757 1792 assentando
783 1759 823 1790 ad
836 1758 975 1798 gratiam
993 1761 1023 1788 et
1038 1758 1225 1790 voluntatem
1241 1756 1418 1797 loquereris,
1434 1766 1474 1787 ear
1489 1756 1561 1794 igne
1577 1758 1606 1786 te

757 1853 995 1866 eeeeeeeeeeee

140 1922 238 1953 Bem.
261 1921 290 1952 si
305 1930 378 1962 opus
391 1921 458 1956 sit,-
479 1919 538 1951 sed
563 1920 617 1951 hic
635 1929 702 1951 non
719 1919 778 1951 fiet
801 1919 1020 1960 synaloepha:
1047 1929 1147 1959 quam
1164 1918 1339 1950 licentiam
1355 1918 1553 1956 vitaremus,
1576 1917 1604 1947 si

139 1965 342 2004 legeremus,
362 1964 390 1994 si
415 1974 490 2004 opus
513 1964 585 1999 siet,
609 1970 647 1994 ut
662 1973 778 1994 omnes
796 1963 852 1993 alii
878 1964 900 1994 l.
926 1972 955 1993 s.
979 1967 1014 1993 et
1038 1963 1107 1993 Do.
1134 1962 1192 1993 Fa.
1237 1962 1292 1992 Ita
1309 1966 1344 1991 et
1360 1961 1481 1992 nostri.
1506 1960 1604 1990 Bent.

140 2007 210 2038 Stet
235 2007 337 2037 Bent.
364 2006 444 2046 Rip.
467 2007 569 2037 Both.
591 2006 686 2036 Peri.
732 2005 818 2037 Sciet
847 2007 904 2037 ΒΓ.
932 2005 969 2035 in
996 2015 1063 2045 quo
1088 2006 1198 2043 glossa
1225 2009 1278 2035 est
1305 2004 1348 2034 ad
1377 2004 1439 2034 hoc·-
1463 2003 1605 2034 verbum

140 2051 149 2067 ‘
167 2049 258 2090 quod
275 2048 396 2080 dieisz'
421 2049 462 2079 de
479 2058 546 2089 qua
560 2048 609 2079 ita
625 2049 758 2079 Brnns:
782 2049 791 2065 ‘
810 2048 906 2079 Nota
920 2046 1015 2078 favet
1035 2047 1173 2078 lectioni
1191 2047 1259 2077 Ms.
1278 2056 1318 2077 ex
1336 2046 1411 2077 aliis
1429 2045 1510 2076 libb.
1538 2055 1604 2076 non

140 2091 357 2123 erutae.’—27
380 2091 415 2124 J.
436 2096 472 2122 et
496 2092 652 2122 Venetus
678 2091 756 2122 cod.
783 2092 832 2122 hic
860 2100 920 2131 pro
945 2091 1020 2121 hoec.
1046 2090 1142 2121 Perl.
1189 2090 1309 2130 Neque,
1337 2090 1402 2119 ltoec
1425 2088 1478 2128 qui
1503 2088 1603 2128 misit,

135 2136 286 2176 postulat,
310 2134 369 2165 soli
383 2134 444 2165 sibi
467 2134 657 2165 Rom—29
681 2133 763 2164 Suos
780 2133 878 2164 abest
895 2143 914 2164 a
931 2131 1049 2164 Guelf.
1066 2135 1186 2164 3.—-32
1212 2133 1291 2163 Tum
1305 2132 1333 2162 si
1349 2131 1445 2162 dedit
1462 2130 1605 2163 Auctor.

140 2179 329 2209 Bent.--36
355 2177 455 2212 Quem
482 2187 538 2216 ego
564 2186 628 2208 esse
649 2180 727 2217 puto
743 2176 828 2213 infra
845 2185 946 2207 omnes
959 2175 1092 2216 infimos.
1139 2175 1207 2206 Hic
1223 2184 1357 2215 quoque
1375 2184 1496 2214 magna
1512 2173 1605 2204 facta

140 2225 192 2252 est
205 2220 439 2260 transpositio,
454 2225 575 2250 contra
590 2220 737 2251 omnium
753 2219 913 2250 librorum
930 2218 1031 2249 fidem
1050 2219 1095 2249 sic
1111 2217 1325 2256 habentium,
1350 2217 1450 2252 Quem
1469 2226 1526 2256 ego
1541 2226 1603 2248 esse

138 2263 226 2302 infra
240 2262 362 2305 infimos
375 2263 473 2294 omnis
496 2266 589 2302 puto:
613 2267 647 2293 et
664 2262 792 2293 Donati
821 2271 965 2303 quoque,
992 2260 1058 2292 nisi
1086 2261 1174 2301 quod
1201 2260 1316 2298 habet,
1341 2259 1428 2297 infra
1443 2269 1517 2292 esse.
1541 2259 1601 2290 Fa.

139 2307 186 2338 Et
210 2305 317 2337 nostri
343 2305 444 2337 etiam
472 2315 535 2336 esse
560 2305 667 2343 infra,·
692 2304 750 2335 sed
767 2305 897 2336 Donati
921 2304 1025 2335 lectio
1047 2303 1134 2342 infra
1148 2313 1210 2334 esse
1225 2302 1401 2334 verissima
1418 2307 1480 2333 est.
1527 2303 1602 2333 Etsi

139 2350 200 2380 Pr.
227 2359 263 2389 p.
293 2351 368 2380 992.
390 2357 454 2380 esse
477 2348 587 2386 infra‚·
611 2348 714 2378 etiam
743 2348 866 2378 Mstus.
892 2348 991 2378 Bent.
1037 2345 1131 2384 Infra
1151 2356 1213 2377 esse
1237 2351 1273 2377 et
1291 2345 1480 2377 Rom—37
1507 2344 1600 2384 Lege

140 2401 218 2422 cum
243 2391 374 2422 duobus
401 2401 443 2421 ex
468 2390 607 2425 nostris,
635 2395 671 2421 et
695 2390 782 2422 Edd.
806 2394 891 2421 vett.
916 2389 1068 2420 assentari
1083 2389 1231 2420 animum.
1258 2389 1357 2419 Bent.
1405 2388 1601 2428 Sequuntur

139 2434 241 2465 Both.
257 2433 440 2465 Fert—38
465 2433 506 2464 Te
528 2436 644 2473 petere.
689 2433 745 2463 Vi.
763 2437 798 2464 et
815 2433 871 2464 alii
889 2433 1057 2473 plerique,
1072 2441 1112 2462 ac
1128 2432 1195 2462 Do.
1216 2434 1320 2471 petere
1335 2434 1387 2461 te.-
1408 2431 1466 2470 qui
1482 2430 1602 2460 melior

139 2483 193 2509 est
215 2485 387 2508 numerus,
413 2476 471 2507 Fa.
517 2476 647 2507 Recte:
672 2475 740 2506 etsi
767 2485 810 2507 ex
838 2475 961 2507 nostris
987 2479 1055 2506 tres
1083 2478 1215 2506 tantum
1243 2475 1292 2505 sic
1318 2473 1477 2504 habeant.
1502 2474 1599 2504 Bent.

799 2557 944 2591 NOTAE

139 2625 296 2656 extincta
315 2627 390 2655 est:
416 2623 499 2654 nihil
520 2623 609 2654 enim
622 2624 696 2664 Jam
717 2632 840 2664 prope-
893 2626 1069 2664 praecepta
1085 2621 1141 2653 illa
1154 2621 1289 2652 Artium
1306 2619 1511 2660 significant.

139 2674 276 2706 modum
306 2674 433 2705 habere
464 2673 615 2713 videtur,
641 2677 768 2714 praeter
795 2673 840 2703 le·
934 2675 978 2703 26
1001 2672 1040 2703 Si
1052 2681 1126 2712 opus
1137 2672 1192 2711 sit,
1207 2672 1254 2702 vel
1266 2670 1402 2710 sobrius]
1420 2669 1598 2701 Orationis

137 2734 215 2756 vem
229 2724 358 2756 aurium
374 2723 652 2754 delectationem.
678 2723 840 2754 Ceterum
894 2720 1050 2753 defectus
1075 2722 1237 2753 honestus
1258 2720 1517 2752 obscoenitatem
1535 2719 1601 2749 dis-

139 2775 285 2816 Musica,
307 2775 518 2812 Dialectica‚
540 2773 734 2812 Rhetorica,
763 2783 841 2804 cum
894 2772 1065 2803 simulans.

140 2828 261 2856 neutro
290 2833 416 2865 genere
443 2823 606 2855 dicuntur
638 2822 672 2854 in
708 2823 842 2864 plurali,
939 2825 980 2853 38
1004 2823 1036 2853 E
1053 2822 1184 2864 flamma
1200 2824 1305 2862 peiere
1321 2822 1352 2852 te
1367 2819 1481 2859 cibum]
1505 2820 1597 2860 Epu-
