1903 3306
313 221 399 264 282
808 232 848 262 P.
880 229 1119 262 ΤΕηΕΝΤη
1155 230 1271 261 Ami

316 327 428 369 Cum
451 326 495 367 id
518 325 622 367 mihi
642 326 863 380 placebat,
884 330 980 366 tum
1001 337 1089 365 uno
1111 336 1185 365 ore
1213 335 1365 364 omnes
1386 323 1532 364 omnia

317 396 445 436 Bona
464 394 623 444 dicere,
655 399 701 434 et
717 393 900 434 laudare
923 393 1119 433 fortunas
1139 404 1271 440 meas,
1708 390 1765 431 70

317 462 408 512 Qui
430 466 608 514 gnatum
629 461 835 501 haberem
856 460 936 501 tali
956 460 1125 512 ingenio
1146 458 1392 511 praeditum.

317 528 438 579 Quid
460 529 606 569 verbis
629 540 739 581 opus
760 527 852 568 est'?
884 526 967 567 hac
987 526 1108 567 fama
1128 526 1346 582 impulsus
1367 523 1576 565 Chremes

317 595 446 637 Ultro
468 595 523 636 ad
545 609 613 635 me
633 595 770 642 venit,
801 593 978 634 unicam
1000 580 1327 645 gnatarn‘su‘em

318 662 428 704 Cum
450 663 554 703 dote
576 674 747 702 summa
765 660 857 701 filio
880 673 1063 701 uxorem
1083 664 1132 701 ut
1153 660 1286 701 daret.

319 729 520 781 Placuit3
552 728 795 782 despondi:
826 728 899 769 hic
920 729 1083 781 nuptiis
1104 727 1252 768 dictus
1271 730 1338 768 est
1358 727 1466 768 dies.
1711 727 1768 767 75

319 798 399 839 So.
432 796 551 847 Quid
574 798 735 846 obstat,
756 809 833 837 cur
851 809 937 836 non
957 808 1069 836 verae
1092 794 1235 836 fiant?
1295 794 1362 835 SI.
1395 793 1578 835 Audies.

319 864 430 906 Fere
450 865 492 905 in
514 864 666 904 diebus
689 865 860 917 paucis,
882 863 1044 916 quibus
1063 862 1160 903 haec
1181 865 1280 902 acta
1299 867 1416 911 sunt,

320 931 499 986 Chrysis
520 931 668 972 vicina
687 931 782 972 haec
803 931 996 971 moritur.
1056 929 1134 969 So.
1170 928 1209 969 O
1232 929 1395 970 factum
1415 929 1526 969 bene
1544 929 1553 968 !

322 999 473 1040 Beasti
492 1012 502 1050 3
533 998 671 1039 metui
693 1011 719 1038 a
739 997 966 1051 Chryside.
1027 997 1096 1038 Sl.
1126 996 1197 1037 Ibi
1219 999 1309 1037 tum
1329 996 1448 1037 filius

321 1066 434 1107 Cum
451 1066 552 1116 illis,
571 1066 649 1119 qui
665 1065 874 1106 amabant
892 1064 1164 1119 Chrysidem,
1181 1077 1269 1105 una
1285 1064 1434 1105 aderat
1448 1064 1675 1119 frequens3
1713 1063 1769 1106 80

323 1134 519 1175 Curabat
539 1146 631 1174 una
651 1132 781 1173 funus
798 1145 809 1184 ς
841 1131 982 1173 tristis
1003 1131 1191 1182 interim,

321 1253 440 1286 habere.
489 1255 567 1285 Cum
583 1254 638 1285 hoc
655 1253 731 1285 mihi
752 1257 936 1294 pergratum
958 1256 1039 1293 erat,
1055 1256 1121 1284 tum
1135 1262 1237 1284 omnes
1252 1262 1314 1284 una
1336 1262 1409 1284 voce
1428 1252 1529 1283 omnio
1545 1251 1619 1283 bona
1641 1251 1719 1282 mihi
1733 1251 1772 1281 de

320 1296 374 1327 illo
397 1297 551 1338 dicebant,
577 1301 607 1328 et
630 1307 678 1328 me
695 1297 898 1334 fortunatum
922 1297 1043 1327 omnino
1058 1306 1122 1327 esse
1140 1295 1540 1336 proedicabant,quifilium
1554 1294 1694 1325 haberem
1710 1298 1773 1325 tam

322 1338 407 1370 bonoe
422 1340 543 1371 indolis.
578 1340 663 1375 Quid
684 1340 825 1378 pluribus
839 1338 941 1371 verbis
966 1349 1040 1379 opus
1055 1343 1099 1370 est
1108 1337 1123 1370 12
1146 1339 1217 1369 Hoc
1231 1339 1363 1369 secundo
1378 1347 1501 1368 rumore
1513 1339 1662 1368 adductus
1679 1337 1774 1368 Chre·

321 1391 386 1413 mes
404 1383 511 1422 cupide
527 1393 574 1413 me
594 1383 746 1422 convenit,
763 1386 797 1412 ut
813 1382 934 1413 unicam
948 1391 1033 1413 suam
1041 1381 1146 1421 filiam
1159 1391 1228 1412 cum
1240 1380 1357 1420 grandi
1371 1374 1441 1411 dote
1454 1389 1581 1411 uxorem
1595 1382 1683 1411 daret
1701 1379 1774 1419 filio

321 1434 397 1455 meo.
428 1426 554 1457 Placuit
567 1426 701 1456 conditio
724 1425 812 1463 mihi,
832 1425 936 1464 itaque
949 1424 1079 1464 promisi
1090 1425 1249 1464 sponsione
1264 1424 1372 1465 filium
1385 1432 1485 1454 meum
1498 1424 1660 1454 ducturum
1678 1422 1775 1453 Chre-

322 1467 535 1509 metis-filiam.
583 1468 649 1499 Hic
671 1469 788 1508 nuptiis
804 1466 963 1504 faciendis
982 1467 1170 1498 constitutus
1184 1470 1227 1498 est
1243 1467 1321 1497 dies.
1365 1466 1424 1497 So.
1451 1465 1535 1500 Quid
1549 1475 1623 1504 ergo
1643 1465 1774 1505 impedit

323 1511 483 1550 quominus
502 1511 605 1551 reipsa
631 1511 678 1541 hae
693 1511 810 1550 nuptia>
826 1509 938 1551 fiant?
979 1510 1031 1541 Si.
1054 1509 1184 1541 Audies.
1231 1509 1368 1540 Circiter
1382 1509 1449 1540 dies
1462 1507 1701 1548 paucos,quilms
1712 1507 1777 1538 haec

323 1553 514 1593 acciderunt,
530 1554 659 1594 Chrysis
674 1553 739 1583 hoec
750 1553 852 1583 vicina
866 1552 1010 1583 moritur.
1057 1553 1118 1584 So.
1143 1552 1304 1589 Osactum
1319 1550 1413 1583 bene!
1442 1551 1579 1581 Beatum
1603 1560 1650 1581 me
1672 1550 1778 1580 reddi-

323 1595 412 1627 disti.
458 1597 563 1627 Metui
579 1597 743 1636 Pamphilo
759 1596 796 1626 ab
810 1595 902 1626 istius
916 1594 1080 1635 Chrysidis
1098 1594 1328 1626 consuetudine.
1362 1595 1414 1625 S1.
1438 1593 1524 1625 Tunc
1538 1592 1684 1633 temporis
1686 1592 1779 1634 filius

325 1648 412 1670 meus
429 1638 614 1679 frequenter
629 1640 736 1670 aderat
757 1639 790 1669 in
809 1639 896 1669 domo
912 1642 1054 1679 mortuoe,
1076 1647 1145 1669 cum
1159 1638 1244 1669 illius
1259 1636 1460 1668 amatoribus.
1505 1635 1686 1676 Apparabat
1715 1644 1778 1666 una

933 1728 1169 1741 eeeeeeeeeeee

327 1791 472 1831 demico,
489 1792 526 1823 S.
540 1801 573 1832 p.
587 1791 658 1830 ⁸y'arn
674 1789 743 1822 hab.
769 1790 872 1822 Bent.
918 1790 995 1822 Quo
1011 1789 1109 1821 modo
1125 1789 1186 1820 dat
1214 1788 1395 1820 Perl.-—69
1419 1787 1497 1818 Tum
1523 1796 1585 1827 pro
1613 1787 1692 1818 Cum
1715 1785 1779 1818 Br.

328 1834 446 1867 Guelf.
464 1837 628 1866 1.2.-—70
652 1834 720 1865 Gn.
736 1837 768 1864 2.
794 1833 981 1872 benedicere,
1006 1842 1049 1864 ex
1075 1833 1137 1863 int.
1159 1832 1342 1863 Rom—72
1368 1831 1557 1870 Compulsus.
1580 1829 1637 1860 Sic
1663 1829 1731 1860 Gn.
1749 1831 1780 1861 l.

328 1877 417 1918 quod
437 1878 547 1908 versui
565 1877 772 1917 aptissimum
789 1886 796 1905 :
815 1876 914 1906 modo
932 1876 1031 1906 tollas
1046 1876 1221 1915 vulgatum
1237 1877 1297 1912 est,
1309 1873 1396 1914 qnod
1414 1878 1490 1913 post
1511 1873 1520 1889 ‘
1533 1871 1637 1912 opns’
1651 1871 1780 1912 ascrip-

327 1922 374 1951 sit
389 1920 502 1951 nescio
520 1921 595 1961 quis
612 1921 795 1959 interpres.
819 1919 868 1949 Id.
915 1919 1021 1958 Comp.
1039 1916 1158 1949 Guelf.
1174 1919 1206 1947 3.
1243 1916 1335 1947 Vide
1349 1921 1502 1946 nostrum
1520 1914 1704 1946 Eienchum
1722 1914 1780 1944 ΑΙ-

328 1963 557 2003 phabeticnm.
604 1962 666 1993 Sat
684 1962 749 1992 erit
766 1961 870 1992 semel
887 1962 1153 1991 monuisse—76
1176 1959 1218 1990 In
1235 1959 1320 1990 Mss.
1337 1958 1496 1998 quibusd.
1511 1962 1547 1989 et
1568 1957 1645 1988 edd.
1666 1959 1779 1988 vetus·

330 2006 404 2037 tiss.
431 2006 471 2041 Q.
496 2006 597 2044 igitur
620 2005 683 2035 obs.
707 2004 815 2035 West.
861 2004 970 2043 Igitur
1001 2002 1105 2034 habet
1138 2003 1198 2033 Br.
1243 2001 1282 2032 In
1314 2001 1433 2042 glossis
1462 1999 1551 2031 illius
1578 1999 1656 2031 cod.
1682 2003 1782 2031 notat

329 2049 462 2079 Brnns:
486 2049 495 2065 ‘
511 2048 602 2079 Edit.
619 2047 748 2078 omittit
762 2047 873 2086 igitur.
907 2046 971 2076 Sed
989 2046 1092 2077 Bent.
1109 2045 1144 2075 in
1160 2053 1249 2075 omn.
1264 2044 1331 2074 suis
1345 2043 1446 2074 codd.
1463 2042 1605 2083 reperiri
1619 2043 1671 2082 [et
1685 2046 1781 2073 recte

330 2090 491 2132 reperiri]
508 2091 568 2122 ait.
614 2090 711 2120 Idem
728 2088 954 2129 delerejnbet
970 2098 1062 2127 veroe,
1088 2098 1148 2127 pro
1176 2097 1242 2128 quo
1258 2087 1327 2118 Ms.
1344 2090 1460 2117 noster
1474 2095 1557 2116 vere.
1602 2084 1716 2116 Aliter
1731 2084 1781 2115 in-

330 2134 644 2174 terpungunthnnc
661 2143 709 2164 vs.
728 2131 824 2163 edit.'
870 2131 926 2162 De
951 2140 1009 2162 suo
1036 2130 1112 2162 cod.
1140 2135 1260 2161 notare
1290 2129 1404 2170 pergit
1433 2129 1566 2159 Bruns:
1586 2127 1641 2158 ‘A
1669 2137 1720 2168 pr.
1736 2137 1781 2158 m.

317 2176 419 2217 fiunt,
434 2186 510 2217 qnae
524 2186 590 2207 vox
605 2174 870 2215 interpunctioni
887 2172 1053 2214 congruit.
1074 2173 1142 2204 Sed
1159 2177 1210 2203 est
1222 2176 1352 2203 mutata
1368 2170 1516 2202 fortasse
1531 2170 1573 2200 ab
1587 2170 1660 2210 ipso
1672 2169 1785 2201 scriba

328 2218 483 2259 inflant)
528 2218 753 2258 Interpungit
769 2227 816 2248 se.
831 2218 891 2247 ΒΓ.
916 2217 958 2252 Q.
970 2216 993 2248 i.
1008 2214 1136 2247 obstat?
1161 2216 1238 2254 Cur,
1253 2216 1306 2253 &a
1350 2215 1359 2231 ‘
1371 2215 1502 2245 Erasm.
1519 2213 1648 2244 omittit
1659 2212 1783 2252 igitur,-

330 2271 397 2300 quo
413 2265 549 2293 retento
576 2266 675 2301 putat
687 2270 769 2291 veroe
785 2258 1014 2300 expungend.'
1038 2259 1211 2289 Perl.-77
1237 2258 1316 2289 Fere
1337 2256 1370 2288 in
1384 2258 1414 2288 (l.
1428 2267 1460 2297 p.
1483 2257 1538 2287 Ita
1562 2265 1676 2286 omnes
1701 2253 1783 2287 libb.

329 2305 459 2335 Tamen
475 2304 647 2335 Charisius
665 2303 829 2334 diversam
854 2302 1035 2333 lectionem
1054 2299 1166 2340 affert,
1192 2299 1304 2332 lib.11.
1330 2299 1364 2330 in
1391 2308 1473 2330 voce
1496 2300 1505 2316 ‘
1521 2297 1666 2329 Ferme!
1690 2297 1785 2328 Lina.

330 2349 415 2377 —79
439 2348 477 2378 F.
495 2347 534 2378 F.
549 2357 567 2378 e
583 2349 614 2377 7.
630 2346 716 2377 Mss.
731 2345 914 2383 Prisciani,
949 2345 1007 2377 lib.
1022 2353 1103 2375 vm.
1126 2343 1175 2374 hei
1187 2354 1228 2374 m.
1242 2352 1261 2373 α
1279 2343 1316 2373 C.
1339 2342 1447 2373 West.
1492 2341 1535 2372 Ei
1556 2341 1720 2371 insertum
1740 2340 1787 2370 vi-

330 2389 433 2420 detur
448 2399 467 2420 a
482 2399 552 2420 sec.
568 2399 611 2419 m.
655 2389 763 2419 Deest
779 2388 812 2418 in
835 2388 918 2418 edit.
941 2388 1060 2427 Bruns,
1088 2386 1142 2427 qui
1167 2388 1206 2417 de
1227 2395 1281 2415 suo
1305 2386 1370 2416 cod.
1386 2383 1533 2424 quuitur.
1576 2383 1657 2414 Tres
1685 2381 1785 2413 codd.

331 2432 443 2463 nostri
460 2432 596 2470 habent,
613 2431 730 2467 beasti,·
751 2430 780 2461 ei
796 2440 869 2461 m.a
883 2431 921 2461 C.
968 2429 1067 2461 Hanc
1093 2430 1173 2461 lect.
1195 2428 1396 2468 comprobat
1421 2425 1546 2457 Donati
1571 2425 1674 2465 liber,
1696 2433 1777 2455 aue-

336 2475 459 2506 toritas
474 2474 657 2513 Prisciani,
681 2478 716 2503 et
732 2482 850 2503 sensus
867 2472 1051 2513 elegantia.
1074 2471 1172 2502 Bent.
1217 2471 1284 2502 Gn.
1303 2473 1333 2501 l.
1350 2470 1379 2501 ei
1391 2479 1432 2499 m.
1479 2469 1520 2500 B.
1545 2468 1596 2499 ehi
1617 2479 1659 2499 m.
1703 2467 1784 2499 Hel.

333 2526 401 2548 me.-
422 2516 528 2547 heim.
573 2517 641 2547 Gu.
657 2519 689 2546 2.
710 2526 751 2546 m.
778 2516 807 2546 ei
829 2526 849 2546 a
877 2515 914 2547 C.
957 2514 1026 2546 Sed
1053 2514 1135 2544 nihil
1160 2517 1264 2545 muto.
1286 2513 1385 2544 Both.
1432 2511 1475 2542 Ei
1501 2510 1620 2542 inserit
1648 2509 1787 2541 Peri.—

334 2561 378 2591 80
401 2558 555 2599 Mallem,
570 2559 597 2589 si
614 2568 675 2600 per
701 2558 803 2590 codd.
828 2558 960 2599 liceret,
985 2560 1139 2588 amarant.
1160 2557 1268 2588 West.
1314 2556 1352 2587 C.
1365 2555 1431 2595 i.q.
1448 2554 1605 2593 amabant,
1620 2562 1682 2584 una
1706 2562 1736 2583 α.
1751 2551 1785 2589 s.

995 2643 1135 2675 NOTAE

380 2718 421 2746 75
446 2714 622 2754 Despomn]
646 2714 715 2745 Per
738 2718 873 2744 mutuas
898 2713 1038 2754 stipula·
1094 2711 1328 2745 trahebantur.
1366 2711 1457 2743 Hinc
1483 2709 1663 2752 sponsalia,
1689 2718 1787 2750 spon-

339 2764 447 2796 tiones
462 2768 498 2795 et
514 2764 708 2805 sponsiones
724 2763 939 2795 matrimonia
960 2773 1039 2794 con·
1094 2772 1162 2803 sus,
1179 2767 1213 2794 et
1229 2770 1362 2802 sponsa.

1798 3275 1903 3306 &mi
