1903 3306
556 224 762 255 ANDRIAE
794 223 903 256 AoT.
937 225 981 255 v.
1014 224 1083 256 sc.
1118 225 1183 254 tv.
1512 215 1597 255 379

802 318 943 351 NOTAE

149 390 201 417 est
224 383 441 426 supplicatio.
471 381 553 414 Sall.
577 383 610 414 in
639 382 741 414 Catil.
776 384 785 400 ‘
805 382 845 413 In
901 383 988 414 nico.
1018 382 1154 413 Tacitus
1181 380 1237 413 lib.
1269 389 1326 412 111.
1357 381 1447 412 Ann.
1476 382 1597 414 iuliae

147 435 324 476 suppliciis
359 435 510 465 Deorum
541 432 720 473 magnifici,
755 432 845 462 domi
901 433 1161 474 significatione.
1213 432 1336 462 Sensus
1381 431 1481 471 hujus
1530 434 1597 463 loci

146 486 253 526 parci,
277 485 309 516 in
333 485 459 515 amicos
476 483 594 514 fideles
611 482 733 514 erant.’
773 482 845 512 Ibi·
901 484 986 515 hanc
1013 483 1331 522 interpretationem
1358 483 1503 522 recipit:
1526 482 1596 513 Pro

148 539 246 570 dem:
277 539 286 556 ‘
304 539 382 570 Non
409 537 509 575 votis,
534 545 644 577 neque
671 535 846 576 suppliciis
898 537 1043 574 peccato
1059 541 1181 572 magno
1199 541 1302 571 parva
1317 532 1523 571 supplicatio
1537 531 1596 563 filii

147 589 366 620 muliebribus
398 587 522 619 auxilia
548 587 700 617 Deorum
726 594 845 626 paran-
899 588 1031 624 patrem
1049 583 1171 614 iratum
1187 579 1288 612 facile
1307 581 1433 621 placat.

149 640 227 671 tur.'
261 640 318 671 Sic
328 639 443 671 Livius
460 637 517 668 lib.
534 645 598 668 vn.
612 636 654 668 de
671 636 760 667 bello
777 636 845 666 Pu·

537 864 741 907 ACTUS
773 865 831 906 V.
892 864 1097 906 SCENA
1129 864 1212 905 lV.

351 978 514 1008 CRITO·
575 976 824 1007 CHREMES.
884 975 1017 1007 SlMo.
1079 975 1386 1006 PAMPfflLUS.

148 1047 233 1088 CR.
265 1046 433 1087 MrrTE
457 1057 604 1086 orare:
648 1055 736 1084 una
770 1041 924 1084 harum
946 1043 1117 1096 quaevis
1140 1055 1281 1083 causa
1301 1055 1384 1092 me,
1407 1045 1455 1083 ut
1485 1042 1594 1084 faoi-

317 1126 402 1162 am,
422 1115 594 1153 monet:
793 1097 875 1106 w

145 1181 230 1222 Vel
251 1185 312 1230 tu,
332 1181 403 1221 vel
424 1179 542 1234 quod
564 1191 715 1220 verum
735 1181 821 1226 est,
843 1176 913 1217 vel
936 1176 1053 1230 quod
1073 1176 1164 1229 ipsi
1186 1176 1319 1229 cupio
1343 1175 1569 1229 Glycerio.

146 1249 236 1290 CH.
266 1248 484 1290 Andrium
506 1260 587 1299 ego
609 1245 833 1287 Critonem
853 1245 1015 1286 video?
1038 1248 1152 1285 certe
1170 1244 1209 1284 is
1232 1248 1313 1285 est.
1373 1243 1459 1285 CR.
1501 1244 1596 1284 Sal-

315 1328 399 1356 vos
422 1314 502 1365 sis,
525 1313 724 1355 Chreme.

145 1382 234 1423 CH.
265 1381 387 1433 Quid
422 1387 470 1423 tu
508 1381 721 1431 Athenas,
760 1380 986 1421 insoleus?

316 1450 412 1491 cine
431 1448 487 1491 'st
507 1449 630 1489 Simo
647 1448 664 1488 ‘l

1046 1378 1133 1421 CR.
1165 1378 1336 1420 Evenit.
1380 1377 1468 1418 Sed
1506 1377 1596 1418 hic·

186 1563 251 1594 CR.
275 1563 393 1594 Desine
406 1572 453 1593 me
468 1571 570 1592 orare.
619 1560 687 1591 Una
703 1559 818 1600 quoevis
833 1559 941 1590 harum
958 1559 1053 1590 trium
1068 1568 1230 1590 causarum
1244 1558 1322 1588 satis
1344 1567 1390 1588 me
1409 1556 1548 1593 adducit,
1563 1559 1597 1586 ut

143 1615 206 1636 meo
222 1605 395 1636 testimonio
409 1605 594 1646 confirmem,
619 1603 799 1644 Glycerium
814 1613 877 1634 esse
902 1603 998 1633 civem
1020 1602 1174 1632 Atticam.
1224 1601 1254 1632 V
1253 1601 1280 1631 el
1295 1599 1341 1630 tui
1358 1599 1452 1638 ratio,
1469 1600 1515 1629 rel
1530 1600 1597 1639 ipsa

143 1647 272 1686 veritas,
286 1649 333 1678 vel
355 1649 432 1688 quod
456 1648 529 1678 bene
541 1649 611 1687 opto
634 1646 695 1685 ipsi
713 1646 870 1685 Glycerio.
917 1646 984 1676 CH.
1010 1645 1120 1675 Nonne
1139 1645 1295 1674 Critonem
1313 1642 1466 1673 Andrium
1482 1639 1596 1672 video?

144 1691 189 1720 Et
205 1693 287 1721 certe
302 1690 330 1720 is
348 1694 406 1722 est.
451 1689 554 1728 Salve,
576 1689 678 1719 Crito.
726 1688 810 1722 Quid
837 1691 870 1718 tu
895 1687 1036 1718 Athenas
1059 1690 1176 1726 proeter
1201 1686 1324 1716 solitum
1349 1684 1486 1715 venisti?
1532 1684 1596 1715 CR.

146 1733 228 1764 Casu
243 1733 276 1763 id
297 1733 440 1772 contigit.
485 1732 547 1763 Sed
571 1740 670 1762 nonne
692 1730 754 1771 hic,
779 1740 867 1771 quem
893 1730 1028 1769 intueor,
1051 1730 1138 1761 Simo
1155 1728 1226 1761 est!
1271 1728 1340 1759 CH.
1358 1727 1424 1758 Hic
1439 1730 1498 1758 est.
1543 1727 1594 1757 Si.

749 1823 986 1836 eeeeeeeeeeee

182 1894 202 1922 3
225 1889 432 1922 Manifestus
446 1889 528 1922 mihi
545 1899 641 1921 error
656 1889 796 1921 videtur
810 1889 874 1920 hoe
892 1890 924 1920 in
941 1890 963 1920 l.
999 1889 1120 1920 Malim
1140 1888 1244 1929 igitur
1259 1888 1309 1919 ita
1324 1887 1505 1918 ordinare:
1525 1887 1595 1918 Cn.

141 1933 298 1965 Andrium
312 1943 369 1972 ego
387 1933 546 1964 Critonem
560 1930 672 1964 video?
694 1936 776 1963 certe
791 1932 820 1962 is
835 1936 890 1963 est.
938 1932 1040 1967 Crito,
1060 1933 1162 1962 salvos
1186 1931 1239 1962 sis.
1286 1931 1371 1966 Quid
1397 1934 1431 1961 tu
1453 1930 1597 1961 Athenas

140 1974 295 2007 insolens?
331 1977 396 2008 CR.
415 1975 543 2006 Evenit.
589 1975 658 2006 Sed
678 1981 712 2006 et
728 1976 776 2006 ita
793 1976 860 2005 Do.
878 1975 1000 2015 legisse
1016 1974 1180 2014 conjicias
1195 1983 1238 2004 ex
1254 1973 1327 2013 ejus
1344 1973 1469 2003 verbis.
1494 1973 1595 2004 lVest.

139 2019 174 2049 Is
197 2017 348 2050 detraxit
375 2019 432 2048 Er.
476 2018 550 2058 Ego
568 2022 646 2057 post
661 2027 734 2048 eam
753 2017 1071 2057 interrogationem,
1091 2018 1175 2047 And.
1201 2026 1227 2047 e.
1253 2017 1308 2047 Cr.
1328 2013 1440 2046 video?
1462 2018 1492 2045 et
1514 2018 1597 2046 certe

139 2060 261 2100 subjici
277 2070 342 2092 non
362 2065 445 2100 puto
461 2060 649 2091 commode.
693 2060 804 2100 Ecere,
828 2069 892 2090 non
915 2063 945 2090 et
967 2063 1050 2091 certe
1075 2063 1156 2099 puto
1181 2058 1356 2098 scripsisse
1383 2058 1595 2088 Terentium.

141 2104 240 2136 Ecere
255 2103 453 2135 adverbium
471 2101 685 2143 estjurandi.
710 2103 790 2133 Gov.
834 2104 926 2144 Lege
941 2102 969 2133 is
983 2105 1065 2133 certe
1079 2104 1136 2133 est.
1158 2102 1260 2132 Bent.
1295 2100 1477 2132 Accedunt
1490 2100 1596 2131 Both.

800 2198 941 2230 NOTAE

180 2266 200 2294 4
226 2263 312 2299 Quid
323 2265 358 2293 tu
373 2261 526 2302 Athenas,
539 2261 685 2301 insolens]
716 2261 725 2278 ‘
738 2261 835 2292 Inso-

139 2313 233 2353 lens,’
248 2317 302 2344 est
323 2317 452 2354 praeter
476 2313 611 2343 solitum
638 2317 673 2343 et
696 2321 836 2343 consue-

141 2363 292 2395 tudinem
328 2368 431 2394 tuam.
469 2363 537 2394 Hic
563 2366 572 2380 ‘
589 2362 753 2393 insolens'
782 2371 838 2392 ac·

135 2413 206 2445 tive
217 2413 374 2452 sumitur,
386 2417 424 2444 ut
437 2412 625 2453 saepissime
638 2413 725 2443 solet
736 2412 835 2443 sumi.

136 2464 252 2495 Plant.
277 2463 310 2494 in
338 2462 462 2503 Amph.
488 2463 497 2479 ‘
513 2462 549 2493 Si
566 2462 683 2493 dixero
700 2461 835 2493 menda-

137 2513 241 2552 cium,
257 2513 367 2544 solens
384 2522 459 2544 meo
483 2521 576 2543 more
599 2511 741 2544 fecero.'
777 2512 835 2544 Sic

135 2563 226 2596 idem
250 2564 284 2595 in
308 2563 411 2594 Truc.
438 2563 520 2595 Sall.
547 2564 557 2581 ‘
573 2563 729 2594 Insolens
753 2573 835 2595 vera

139 2613 355 2655 accipiendi.'
386 2613 452 2644 Sed
476 2619 511 2644 et
525 2613 658 2653 passive
681 2613 837 2645 sumitur.

137 2665 262 2696 Horat.
277 2673 333 2696 ιη.
351 2664 465 2695 Carm.
482 2663 550 2695 Od.
566 2665 620 2694 29.
659 2663 668 2681 ‘
687 2663 839 2694 Fortuna

138 2723 230 2745 saevo
245 2714 324 2745 laeta
336 2713 473 2753 negotio
488 2712 622 2744 Ludum
638 2712 838 2744 insolentem

137 2763 255 2796 ludere
283 2762 465 2805 pertinax.'
498 2762 589 2795 Gell.
613 2762 672 2794 lib.
693 2771 719 2794 1.
736 2762 839 2795 Noct-

892 2263 956 2292 &c.
987 2261 996 2277 ‘
1013 2259 1129 2301 Atque
1154 2259 1202 2299 id,
1227 2259 1315 2300 qnod
1336 2269 1355 2290 a
1371 2259 1519 2297 Caesare,
1538 2269 1594 2291 ex-

892 2312 1049 2342 cellentis
1062 2311 1188 2351 ingenii
1197 2310 1318 2350 viro,in
1330 2309 1438 2350 primo
1450 2310 1493 2341 de
1504 2310 1595 2342 Ana-

891 2361 984 2401 logia
1011 2361 1174 2401 scriptum
1198 2364 1263 2399 est,
1286 2359 1374 2391 habe
1399 2369 1535 2401 semper
1558 2361 1593 2392 in

891 2411 1052 2442 memoria
1070 2415 1172 2452 atque
1187 2414 1347 2451 pectore;
1371 2414 1410 2441 ut
1432 2414 1592 2452 tanquam

891 2462 1065 2502 scopulum
1082 2460 1192 2501 fugias
1208 2460 1398 2491 inauditum
1421 2464 1524 2501 atque
1545 2461 1593 2491 in-

890 2513 1000 2543 solens
1014 2510 1179 2543 verbum.’
1214 2511 1342 2542 Verum
1360 2511 1594 2552 nonjungitnr

890 2571 965 2593 cum
979 2561 1147 2592 infinitivo
1166 2560 1320 2601 passivo3
1339 2565 1377 2592 ut
1392 2562 1401 2578 ‘
1419 2556 1593 2592 insolitus’

889 2616 924 2643 et
941 2612 949 2629 ‘
966 2610 1106 2643 solitus.'
1144 2611 1267 2652 Neque
1289 2612 1376 2643 enim
1401 2611 1492 2643 dicas
1518 2612 1528 2629 ⁶
1543 2622 1594 2643 so-

889 2663 961 2693 lens
977 2666 1029 2693 est
1044 2663 1107 2693 hoc
1121 2660 1219 2702 fleri,’
1232 2666 1271 2693 ut
1285 2662 1294 2679 ‘
1311 2662 1447 2694 solitum
1461 2667 1513 2693 est
1528 2663 1591 2693 hoe

889 2712 987 2744 fieri.'
1024 2711 1072 2743 At
1084 2710 1122 2742 τὸ
1137 2712 1146 2728 ‘
1162 2711 1280 2743 solitus
1291 2711 1299 2724 '
1316 2712 1348 2742 in
1365 2716 1509 2754 utraque
1526 2713 1592 2753 sig-

891 2761 1088 2795 nificatione
1103 2762 1268 2794 usitatum
1285 2766 1346 2794 est.
