1976 3296
739 217 1012 248 PRAEFATm.
1552 205 1602 245 lt

146 319 308 362 Visum
328 317 461 371 igitur
479 315 559 357 suit
576 314 846 362 faciendum,
864 317 911 352 ut
932 312 988 352 ad
1013 316 1243 362 utrumque
1257 309 1378 349 illum
1393 308 1604 350 Codicem

145 392 188 428 et
220 387 420 438 vulgatas
455 382 684 422 Editiones
715 381 956 432 exigerem,
987 384 1045 427 et,
1082 390 1181 430 quae
1216 377 1271 417 ab
1308 376 1375 416 his
1412 376 1605 424 aberant,

144 453 246 494 inde
269 451 614 493 transcriberem.
676 447 851 495 Fateor,
874 446 945 486 vel
971 446 1035 484 sic
1056 444 1196 484 multa
1216 443 1261 482 in
1282 455 1335 482 eo
1358 455 1602 494 superesse,

144 533 243 573 quae
263 519 479 559 medicam
500 529 674 557 manum
696 514 967 563 desiderent;
999 511 1074 552 sed
1110 511 1478 564 qualemcumque
1519 508 1606 549 Eu-

143 587 371 640 graphium
402 585 547 633 edere,
580 596 713 636 quam
747 582 910 622 nullum
939 580 1089 627 malui,
1122 577 1317 618 maxime
1348 589 1448 616 cum
1478 575 1605 628 hujus

142 653 332 694 instituti
353 653 436 692 mei
458 664 668 700 summos,
701 662 813 702 quos
846 647 1040 695 laudavi,
1066 645 1198 685 Viros
1230 648 1434 685 auctores
1468 642 1605 682 habe-

143 733 256 771 rem3
288 723 347 769 ut,
369 720 406 760 si
427 719 535 761 tanti
569 722 641 759 est
676 715 967 769 Eugraphius,
1003 713 1302 753 Eruditiorum
1330 710 1602 763 conjecturae

144 792 189 829 et
209 788 500 829 emendationi
521 787 646 827 locus
663 790 797 825 esset.
830 782 946 832 Quae
971 782 1067 835 ipse
1088 792 1393 832 nonnunquam
1417 778 1604 831 aspersi,

143 855 307 896 leviora
345 860 460 903 sunt,
501 867 635 907 quam
674 865 773 905 quae
813 861 1081 902 magnopere
1122 846 1297 888 laudari
1337 850 1603 885 mereantur.

143 921 300 975 Neque
321 922 438 962 enim
460 919 767 975 perpurgando
789 919 853 959 illi
875 916 1035 970 Augiae
1059 905 1234 956 stabulo
1263 913 1401 954 otium
1436 925 1602 964 suppe-

143 989 282 1030 tebat.
344 988 457 1029 Cum
480 989 594 1029 enim
616 987 740 1028 nullo
763 985 1018 1026 discrimine
1038 982 1305 1024 Terentiana
1333 979 1604 1032 Eugraphia—

143 1057 210 1097 nis
241 1057 374 1097 mista
403 1056 733 1109 corruptissime
766 1054 1030 1105 legerentur,
1064 1051 1121 1090 iis
1154 1053 1390 1101 utcumque
1429 1047 1605 1087 concin-

143 1123 299 1164 nandis
330 1124 439 1164 satis
475 1123 771 1164 molestiarum
803 1119 1140 1174 profligandum,
1165 1116 1274 1156 satis
1312 1114 1436 1155 taedii
1469 1114 1602 1154 devo-

143 1191 322 1231 randum
343 1190 438 1231 fuit.

200 1257 270 1298 De
289 1258 436 1299 verbis
458 1260 603 1299 autem
630 1257 776 1310 ipsius
806 1255 1014 1304 Terentii,
1037 1265 1090 1294 ea
1121 1251 1315 1293 maxime
1349 1250 1405 1291 ad
1441 1248 1603 1296 Faerni

144 1325 390 1366 Editionem
412 1325 619 1376 exhibui3
650 1338 739 1365 non
761 1324 826 1364 ita
845 1327 1004 1371 tamen,
1027 1325 1092 1370 ut,
1127 1320 1204 1360 ubi
1226 1318 1343 1359 ratio
1365 1316 1600 1358 manifesto

143 1392 263 1433 aliud
295 1392 482 1433 suadere
511 1392 754 1440 videbatur,
784 1401 1009 1443 nunquam
1040 1400 1171 1428 secus
1207 1385 1437 1438 legendum
1472 1384 1601 1424 eden-

141 1459 303 1500 dumve
324 1458 687 1500 existimaverim.
749 1457 820 1498 Ne
841 1457 940 1509 quis
962 1455 1127 1504 credat,
1160 1467 1229 1495 me
1251 1452 1428 1506 Guyeti,
1464 1451 1600 1492 Codi-

141 1539 218 1569 ces
241 1527 355 1568 Mss.
376 1527 535 1580 quibus
557 1539 665 1566 usus
686 1529 752 1566 est
773 1523 983 1571 Faernus,
1019 1521 1074 1562 ad
1099 1521 1214 1562 Hec.
1240 1521 1349 1561 112.
1372 1520 1440 1561 16.
1464 1520 1600 1572 sugil—

141 1595 288 1644 lantis,
310 1595 569 1636 auctoritate
588 1598 759 1634 motum
781 1605 806 1633 a
825 1592 940 1633 tanti
961 1589 1061 1631 Viri
1080 1589 1270 1630 lectione
1290 1601 1601 1641 nonnunquam

143 1662 399 1703 recessisse.
461 1660 549 1711 Qui
569 1673 676 1702 vero
696 1673 720 1701 e
740 1664 830 1702 tam
857 1658 1009 1711 grandi
1040 1656 1441 1697 vetustissimorum
1463 1653 1599 1695 Codi-

145 1742 264 1780 cum,
285 1733 462 1783 tamque
494 1729 620 1770 varia
654 1728 937 1769 confusorum
961 1737 1169 1767 versuum
1202 1722 1416 1764 varietate
1448 1735 1599 1762 verum

143 1800 188 1838 et
209 1797 439 1850 genuinum
461 1795 702 1849 aliquando
736 1793 991 1835 Terentium
1025 1792 1154 1832 nobis
1187 1791 1372 1831 daturus
1398 1794 1482 1838 est,
1513 1802 1597 1838 nae,

141 1864 182 1904 is
204 1876 392 1916 magnus
416 1861 581 1916 Apollo
602 1863 743 1903 fuerIt.
804 1860 904 1902 Nec
927 1860 1166 1901 Bembinus
1182 1859 1256 1899 ille
1279 1857 1427 1906 Liber,
1447 1870 1597 1910 quam-

140 1931 248 1971 libet
267 1930 403 1984 prisci
425 1931 525 1980 aevi,
560 1942 733 1983 semper
765 1928 876 1969 satis
902 1927 1052 1981 placet
1082 1925 1273 1967 Faerno.
1335 1923 1455 1974 Quid
1478 1924 1597 1977 quod

142 1997 351 2051 Guyeius
373 1997 430 2038 ad
451 1997 559 2037 Eun.
586 2008 635 2037 ιι.
655 1997 696 2037 2.
717 1997 787 2037 20.
819 1995 1110 2036 Terentianus
1148 1992 1342 2034 Fabulas
1366 1991 1462 2045 jam
1495 1996 1596 2032 ante

140 2063 371 2106 Ciceronis
389 2070 581 2113 aetatem,
599 2063 644 2104 id
667 2067 749 2113 est,
767 2062 970 2116 proxime
988 2061 1181 2102 Terentii
1197 2060 1381 2108 obitum,
1396 2059 1596 2112 interpo-

139 2132 253 2173 latas
275 2138 321 2172 et
341 2132 609 2185 depravatas
630 2131 764 2172 fuisse
786 2129 967 2170 censet?
1016 2128 1343 2181 Quodcumque
1361 2127 1505 2177 fuerit,
1524 2127 1596 2169 Ci-

144 2212 359 2248 ceronem,
389 2213 475 2240 non
504 2201 632 2252 longe
661 2199 773 2240 adeo
800 2211 826 2239 a
847 2198 1044 2238 Terentii
1078 2201 1215 2238 aetate
1244 2199 1473 2244 remotum,
1505 2208 1597 2236 cor-

140 2273 272 2321 rupto
287 2267 382 2321 jam
405 2268 612 2321 exemplo
635 2280 764 2308 usum
782 2280 895 2316 esse,
916 2279 1018 2307 vero
1042 2265 1275 2306 admodum
1298 2263 1345 2305 fit
1366 2263 1520 2303 simile.

200 2334 375 2375 Causas
392 2335 651 2387 ignorantiae
667 2334 859 2375 metricae
878 2334 924 2374 in
940 2334 1094 2387 primis
1115 2332 1322 2373 abolitam
1338 2331 1497 2372 Romae
1516 2332 1595 2371 sub

142 2404 346 2455 Augusto
369 2403 651 2456 antiquitatis
684 2402 942 2443 memoriam
961 2406 1094 2443 vocat
1123 2402 1169 2442 in
1201 2400 1386 2441 Senario
1413 2411 1494 2439 suo
1526 2398 1593 2439 Cl,

143 2469 245 2512 Chr.
266 2470 467 2520 Wasius,
487 2470 791 2523 Tragicosque
808 2469 943 2522 juxta
962 2482 1014 2510 ac
1038 2468 1250 2509 Comicos
1271 2470 1438 2507 veteres
1454 2466 1594 2507 Bibli-

142 2538 312 2579 othecis
332 2539 377 2579 in
397 2538 518 2578 Urbe
552 2537 746 2591 publicis
768 2537 994 2591 dejectos3
1025 2535 1205 2590 quando
1237 2533 1458 2576 Auctores
1492 2546 1593 2573 vero

141 2605 304 2647 honore
322 2605 553 2647 fraudatos
574 2606 711 2647 denuo
742 2605 985 2646 describere
1018 2617 1163 2658 operae
1184 2602 1372 2657 pretium
1392 2614 1482 2642 non
1501 2600 1593 2640 suc-

141 2673 197 2714 rit
216 2674 441 2714 Librariis.
491 2674 581 2714 Sed
599 2687 699 2714 cum
720 2686 800 2714 nec
822 2672 1011 2722 Lucilio,
1033 2670 1188 2724 Magni
1207 2669 1412 2722 Pompeii
1430 2680 1589 2719 magno

143 2742 374 2792 avunculo,
395 2746 664 2795 parceretur,
694 2754 794 2783 cum
815 2753 841 2782 a
859 2739 992 2781 Nova
1014 2738 1151 2780 Po‘esi
1173 2738 1300 2779 Ennii
1322 2735 1589 2790 sterquilini-
