1903 3306
334 223 420 266 206
841 236 1149 268 FRANCISCUS
1183 237 1319 268 HARE

333 344 379 369 ex
399 330 597 370 trochaico
627 344 767 383 genere
789 330 993 370 desumtis.
1052 332 1186 370 Sentio
1217 332 1375 382 quidem
1393 346 1454 373 me
1474 333 1536 372 hic
1557 334 1605 372 ab
1625 334 1711 373 aliis
1731 335 1786 374 rei

332 396 502 433 metricae
538 395 789 446 scriptoribus
826 395 944 442 abire,
984 396 1049 446 qui
1088 395 1137 433 de
1173 395 1340 435 iambico
1374 410 1515 447 genere
1547 397 1670 449 primo
1699 398 1786 437 loco

334 459 461 498 solent
494 472 622 510 agere,
655 467 700 497 ut
734 459 1004 510 antiquissimo
1046 466 1085 498 et
1117 459 1327 498 facillimo:
1371 460 1441 498 sed
1472 461 1787 500 doctissimorum

331 523 498 562 virorum
517 524 629 561 venia
649 523 778 562 dicere
804 523 934 570 liceat,
970 530 1136 575 utroque
1157 524 1315 563 nomine
1335 537 1402 564 eos
1422 526 1670 565 vehementer
1689 527 1786 570 falli,

331 586 503 625 Primum
523 587 626 626 enim
645 587 858 625 clarissimo
879 600 927 625 ex
952 587 1173 625 Aristotelis
1202 586 1300 626 libro
1320 587 1369 626 de
1389 587 1550 627 Po'etica
1565 589 1787 629 testimonio

331 657 488 689 constat
514 650 753 689 trochaicum
775 664 899 702 genus
919 650 1042 689 fuisse
1073 651 1396 702 antiquissimum.
1453 653 1552 691 Haec
1583 653 1686 692 enim
1719 652 1786 692 ille

330 727 364 751 c.
391 717 429 752 4.
485 715 554 761 Τό,
576 731 616 753 τε
645 719 779 766 μέτρον
803 717 844 753 ἐκ
876 717 1118 766 τετραμέτρου
1148 718 1378 767 (τροχαῖκοῦ)
1412 715 1588 767 ἰαμβεῖον
1620 716 1787 764 ἐγένετο.

331 779 371 816 τι)
390 780 462 828 μὲν
483 780 556 828 γὰρ
571 785 713 828 πρῶτον
733 782 957 831 τετραμέτρῳ
977 781 1153 831 ἐχρῶντο,
1173 778 1234 817 διὰ
1262 779 1302 817 τὸ
1323 782 1518 829 σατυρικὴν
1535 782 1594 818 καὶ
1614 781 1787 832 ὀρχηστι·

330 845 489 891 κωτὲραν
509 841 607 880 εἶναι
626 844 692 888 τὴν
707 846 870 890 ποίησιν.
890 846 1022 891 λέξεως
1041 842 1082 881 δὲ
1100 847 1316 894 γενομένης,
1337 845 1461 890 αὗτὴή
1477 843 1580 894 φύσις
1595 843 1634 883 τὸ
1651 845 1788 882 οἰκεῖον

328 910 461 956 μέτρον
480 904 572 955 εὗρε.
594 909 760 957 μάλιστα
780 909 853 956 γὰρ
871 907 1037 946 λεκτικὸν
1055 914 1127 946 τῶν
1141 911 1273 958 μέτρον
1293 907 1333 945 τὸ
1349 906 1526 958 ἰαμβεῖόν
1544 909 1636 946 ἐστι.
1668 906 1786 951 Quod

330 968 361 1006 si
382 968 457 1007 hoc
478 982 589 1007 secus
611 983 653 1007 se
679 970 850 1017 haberet,
880 977 1026 1018 tamen,
1058 970 1090 1008 si
1122 984 1211 1022 quae
1243 970 1292 1008 de
1312 983 1352 1008 re
1381 969 1542 1008 metrica
1571 970 1785 1022 scripturus

330 1045 430 1079 sum,
446 1032 599 1072 facilius
619 1033 886 1084 intelligentur
906 1047 952 1072 ea
971 1034 1134 1085 primum
1152 1033 1360 1080 tradendo,
1374 1046 1463 1084 quae
1480 1033 1531 1071 ad
1545 1033 1789 1072 trochaicum

329 1109 452 1147 genus
475 1104 669 1149 spectant,
689 1098 774 1136 haec
795 1105 856 1136 est
879 1097 1020 1136 idonea
1040 1098 1153 1145 ratio,
1173 1111 1242 1135 cur
1261 1097 1364 1136 hanc
1383 1097 1513 1148 potius
1533 1110 1651 1147 quam
1678 1096 1785 1135 illam

327 1160 428 1200 viam
448 1162 688 1201 insistamus,
744 1163 842 1201 Haec
863 1170 993 1201 autern
1013 1163 1111 1201 ratio
1131 1168 1320 1213 quantum
1341 1160 1460 1199 altera
1491 1160 1641 1199 facilior
1660 1160 1724 1206 sit,
1746 1167 1786 1198 et

328 1238 406 1263 non
440 1225 555 1264 modo
575 1226 628 1264 rei
647 1226 818 1264 metricae
851 1226 1112 1277 imperitorum
1140 1225 1271 1276 captui
1292 1223 1635 1271 accommodatior,
1657 1222 1725 1262 sed
1746 1229 1786 1263 et

327 1289 381 1327 rei
401 1289 474 1340 ipsi
494 1289 542 1328 de
562 1303 641 1342 qua
660 1291 802 1342 agitur,
832 1291 958 1341 aptior
978 1297 1094 1343 atque
1114 1290 1257 1336 utilior,
1288 1302 1366 1327 non
1388 1301 1486 1339 opus
1517 1294 1578 1326 est
1596 1293 1642 1325 ut
1659 1287 1785 1325 verbis

327 1351 421 1391 meis
443 1352 592 1397 dicam3
622 1354 742 1392 lector
762 1354 845 1405 ipse
866 1354 997 1392 statim
1014 1361 1195 1405 expertus
1216 1366 1256 1391 re
1272 1352 1359 1403 ipsa
1378 1349 1660 1402 deprehendet.

383 1416 474 1463 Sed,
495 1422 703 1467 antequam
725 1430 815 1454 vera
834 1430 883 1455 ex
903 1417 1083 1455 Terentio
1104 1416 1284 1468 exempla
1308 1415 1518 1462 adducam,
1537 1413 1638 1452 fictis
1656 1426 1785 1452 exem-

327 1478 416 1529 plis,
436 1492 515 1517 uno
543 1480 691 1519 scilicet
709 1481 826 1520 verbo
862 1481 1004 1532 saepius
1036 1481 1211 1531 repetito,
1243 1479 1399 1530 singula
1426 1491 1608 1517 versuum
1641 1490 1786 1528 genera

327 1543 463 1581 lectori
482 1545 531 1582 ob
552 1544 687 1582 oculos
707 1557 864 1595 ponam,
892 1557 970 1596 quo
1000 1545 1143 1582 clarius
1176 1552 1215 1582 et
1243 1543 1397 1596 planius
1429 1555 1560 1581 eorum
1592 1547 1784 1588 naturam,

328 1607 599 1657 quantitatem,
625 1615 664 1646 et
694 1622 894 1646 numerum
912 1608 1136 1659 perspiciat.
1194 1607 1236 1645 In
1259 1606 1457 1645 trochaico
1489 1605 1607 1657 igitur
1627 1617 1784 1656 genere,

326 1670 512 1709 trochaici
528 1673 740 1710 tetrametri
760 1672 898 1723 integri
918 1671 1136 1722 exemplum
1156 1670 1233 1709 hoc
1253 1677 1361 1709 esto:

394 1766 688 1807 Phormi-onem
705 1782 748 1805 z
765 1769 1056 1809 Phormi-onem
1070 1774 1086 1818 u
1103 1768 1398 1808 Phormi·onem
1414 1785 1458 1810 =
1474 1769 1783 1809 Phormi-onem.

328 1862 416 1901 Hoc
447 1870 508 1902 est
542 1865 814 1915 perfectissimi
851 1866 1037 1905 trochaici
1073 1866 1285 1906 tetrametri
1323 1866 1542 1917 exemplum
1560 1880 1569 1905 z
1618 1865 1785 1904 διποδίαι

327 1927 443 1974 enim,
465 1941 534 1966 seu
554 1936 677 1967 metra
695 1930 836 1980 quibus
868 1936 1037 1976 constat,
1063 1937 1155 1968 sunt
1184 1930 1314 1968 omnia
1346 1943 1393 1968 ex
1414 1930 1586 1969 trochaeo
1607 1936 1646 1968 et
1665 1942 1784 1981 spon-

327 1989 428 2037 daeo,
461 1991 501 2028 id
534 1999 607 2037 est,
640 2006 688 2030 ex
727 1992 889 2043 epitritis
928 1994 1112 2031 secundis
1146 1994 1328 2040 conflata,
1363 2008 1450 2045 quae
1483 1994 1598 2046 hujus
1633 1994 1784 2046 generis

327 2068 478 2093 summa
497 2055 583 2094 laus
614 2062 688 2094 est.
744 2057 947 2095 Trochaici
979 2058 1082 2095 enim
1116 2059 1268 2108 generis
1301 2058 1499 2109 proprium
1534 2065 1607 2106 est,
1637 2066 1681 2097 ut
1711 2065 1785 2096 tro—

327 2118 461 2157 chaeus
483 2119 533 2157 sit
552 2119 590 2156 in
611 2120 708 2158 locis
739 2120 964 2171 imparibus,
986 2122 1064 2160 sive
1090 2121 1127 2158 in
1148 2123 1272 2173 priore
1305 2123 1416 2160 metri
1436 2129 1570 2175 parte;
1600 2122 1640 2160 in
1662 2123 1784 2161 altera

326 2193 416 2218 vero
438 2181 668 2233 spondaeum
688 2183 749 2221 vel
772 2184 960 2235 spondaeo
980 2197 1126 2235 parem,
1146 2192 1190 2222 ut
1209 2186 1316 2236 prius
1337 2186 1430 2232 dixi,
1460 2186 1584 2232 malit,
1604 2198 1652 2223 ne
1673 2185 1783 2236 justo

326 2244 446 2283 levior
466 2252 505 2284 et
523 2247 698 2284 mobilior
718 2248 781 2286 sit.
838 2248 956 2286 Hunc
976 2262 1128 2287 versum
1157 2249 1351 2301 integrum
1371 2250 1464 2297 dixi,
1485 2249 1670 2301 quoniam
1689 2261 1784 2287 con-

327 2315 405 2347 stat
425 2323 471 2348 ex
492 2318 658 2360 quatuor
687 2311 819 2350 metris
852 2312 931 2349 sive
954 2311 1134 2350 διποδίαις
1165 2313 1324 2364 integris
1343 2326 1352 2356 ;
1383 2312 1488 2364 quod
1509 2326 1632 2363 genus
1653 2311 1783 2350 Graeci

326 2375 582 2420 ἀκατάληκτον
602 2375 746 2422 dixere,
780 2382 824 2413 ut
843 2376 1108 2427 distinguatur
1132 2378 1179 2414 ab
1201 2378 1301 2424 aliis,
1333 2379 1372 2415 in
1392 2377 1533 2428 quibus
1554 2377 1702 2427 aliquid
1721 2375 1783 2413 vel

328 2436 472 2484 deficit,
491 2438 553 2475 vel
573 2445 742 2489 superat.
801 2439 844 2476 Si
863 2452 999 2478 versus
1021 2453 1099 2477 una
1121 2440 1273 2492 syllaba
1303 2447 1523 2478 excurreret
1551 2439 1654 2478 ultra
1675 2439 1783 2477 debi-

326 2507 407 2537 tam
439 2502 650 2539 tetrametri
683 2515 918 2548 mensuram,
951 2504 1269 2553 ὑπερκατάληκτον
1289 2503 1444 2547 dixere;
1480 2503 1512 2541 si
1532 2516 1610 2541 una
1632 2503 1785 2554 syllaba

328 2563 524 2610 deficeret,
547 2567 832 2610 καταληκτικόνς
865 2566 896 2604 si
917 2566 1016 2616 pede
1036 2567 1204 2618 integro,
1224 2566 1596 2620 βριιχυκατάληκτον.
1653 2567 1782 2616 Atque

327 2627 412 2665 haec
433 2628 624 2665 vocabula
655 2629 780 2666 Latini
801 2630 854 2667 rei
883 2630 1054 2668 metricae
1077 2632 1283 2682 scriptores
1305 2643 1376 2669 sua
1395 2631 1511 2668 etiam
1533 2630 1671 2673 fecere,
1692 2642 1781 2666 cum

328 2691 454 2730 verbis
476 2705 496 2730 e
519 2692 627 2730 Latio
663 2693 798 2730 sumtis
830 2706 960 2731 eorum
982 2694 1058 2731 vim
1077 2695 1183 2732 haud
1211 2707 1321 2744 aeque
1341 2692 1544 2732 commode
1570 2692 1782 2743 exprimere

328 2755 537 2806 potuerint.
597 2756 649 2795 Ut
667 2755 781 2808 hujus
804 2764 932 2796 autem
953 2771 1087 2797 vcrsus
1117 2766 1295 2798 naturam
1315 2764 1354 2796 et
1372 2763 1613 2796 venustatem
1641 2755 1782 2794 intelli-
