1945 3296
485 227 548 256 DE
580 225 850 255 TRAGOEDIA
887 224 944 253 ET
976 223 1229 254 COMOEDIA.
1528 216 1585 255 43

135 324 261 376 operis
290 324 495 366 instantes,
526 319 563 356 in
585 318 663 356 alia
687 324 864 368 tempora
883 316 1132 355 differamus:
1181 323 1221 354 et
1252 316 1300 354 de
1332 316 1392 354 his
1425 317 1585 355 Fabulis

128 389 211 440 jam
238 388 454 437 loquamur,
485 396 582 435 quas
613 382 818 420 Terentius
837 381 1007 419 imitatus
1035 388 1110 418 est.
1179 380 1394 431 Postquam
1426 381 1586 419 demon-

136 450 306 490 strandae
326 448 482 499 originis
503 459 624 485 causa
643 446 692 484 de
720 446 921 496 utriusque
943 445 1095 496 generis
1127 445 1235 483 initio
1256 445 1451 482 diximus:
1481 448 1586 495 quod

135 527 295 553 necesse
309 521 384 559 est,
397 512 479 563 jam
499 511 687 549 dicemus.

188 577 392 616 Comoedia
423 576 501 613 fere
533 581 658 620 vetus,
688 579 731 611 ut
764 573 849 624 ipsa
868 585 1023 623 quoque
1051 572 1141 610 olim
1174 571 1395 623 Tragoedia,
1425 572 1588 623 simplex

135 654 289 681 carmen
310 638 655 692 (quemadmodum
669 637 751 687 jam
771 636 957 684 diximus)
977 637 1073 675 fuit:
1103 636 1208 688 quod
1228 636 1370 675 chorus
1382 636 1485 674 eirca
1501 650 1588 674 aras

135 705 331 744 fumantes
352 716 455 741 nunc
486 701 693 754 spatiatus,
714 714 818 739 nunc
846 701 1082 747 consistens,
1109 714 1213 739 nunc
1234 699 1437 738 revolvens
1458 713 1590 751 gyros,

136 782 225 808 cum
244 768 402 806 tibicine
421 766 664 804 concinebat.
722 764 801 803 Sed
830 764 952 815 primo
982 778 1062 802 una
1095 778 1264 816 persona
1290 764 1502 802 substituta
1531 772 1592 801 est

138 833 375 878 cantoribus,
394 844 497 882 quae,
530 829 774 881 respondens
794 829 954 867 alternis
975 829 1107 875 choro,
1138 828 1393 879 locupletavit
1413 828 1591 866 variavit-

138 909 214 947 que
233 909 314 934 rem
335 895 547 933 musicam:
576 901 659 932 tum
680 893 816 939 altera,
839 901 922 931 tum
942 893 1070 940 tertia,
1091 899 1130 931 et
1158 892 1209 930 ad
1228 899 1468 945 postremum
1488 904 1593 930 cres-

139 966 253 999 cente
285 972 460 1005 numero,
489 971 557 1010 per
583 964 762 996 auctores
794 958 985 1004 diversos,
1015 970 1209 1009 personae,
1239 956 1370 1008 pallae,
1398 956 1593 1001 cothurni,

140 1024 259 1071 socci,
289 1030 329 1062 et
347 1023 464 1062 ceteri
486 1029 646 1061 ornatus
667 1030 784 1074 atque
811 1022 982 1074 insignia
1012 1022 1253 1059 scenicorum
1274 1027 1450 1072 reperta:
1485 1027 1525 1058 et
1543 1020 1594 1057 ad

138 1088 213 1127 hoc
227 1087 437 1138 unicuique
453 1100 547 1124 suus
560 1086 714 1124 habitus
732 1099 741 1124 ς
774 1093 813 1124 et
831 1085 880 1123 ad
897 1084 1075 1123 ultimum
1099 1085 1165 1135 qui
1184 1085 1392 1136 primarum
1417 1084 1596 1134 partium,

142 1152 210 1203 qui
226 1151 484 1190 secundarum
506 1157 545 1188 et
563 1151 775 1196 tertiarum,
795 1150 861 1201 qui
885 1155 1107 1201 quartarum
1125 1156 1241 1199 atque
1255 1147 1475 1199 quintarum
1488 1155 1595 1186 acto-

141 1228 202 1254 res
218 1223 372 1259 essent;
403 1214 611 1253 distributa
625 1221 664 1252 et
680 1213 804 1252 divisa
817 1212 1133 1264 quinquepartito
1148 1218 1231 1249 tota
1246 1220 1306 1249 est
1321 1211 1451 1249 fabula
1467 1224 1477 1250 :
1506 1225 1597 1262 quae

142 1287 271 1318 tamen
294 1279 332 1316 in
363 1278 458 1330 ipsis
478 1285 585 1316 ortus
617 1277 677 1316 sui
699 1278 804 1316 velut
823 1276 1056 1327 quibusdam
1077 1275 1338 1322 incunabulis,
1363 1284 1402 1314 et
1420 1276 1482 1313 vix
1503 1276 1596 1314 dum

142 1343 346 1394 incipiens,
364 1341 552 1395 Κωμῳδία
571 1343 735 1380 {redimes
756 1344 815 1379 καὶ
835 1344 977 1393 ἀρχαία
992 1339 1010 1365 ⁶
1035 1339 1140 1378 dicta
1158 1347 1218 1378 est
1234 1353 1243 1378 :
1274 1343 1417 1391 ἀρχαία
1437 1340 1599 1387 idcirce,

145 1406 240 1457 quia
270 1412 332 1444 est
360 1405 410 1443 de
442 1405 555 1443 nobis
579 1418 715 1456 parum
747 1404 914 1456 cognitis
943 1403 1067 1443 vitiis:
1114 1405 1279 1441 ἐτεώνιος
1308 1403 1469 1450 autem,⁷
1508 1406 1599 1455 quia

145 1471 250 1508 inest
266 1470 305 1507 in
326 1482 374 1507 ea
391 1468 500 1507 velut
530 1469 717 1507 historica
735 1469 833 1507 fides
864 1481 967 1507 verae
996 1468 1242 1514 narrationis,
1275 1474 1315 1505 et
1334 1467 1600 1506 denominatio

145 1533 332 1580 omnium,
349 1532 399 1571 de
421 1532 563 1584 quibus
584 1532 703 1571 libere
722 1532 1028 1571 describebatur.
1083 1532 1235 1570 Etenim
1256 1545 1323 1582 per
1340 1531 1490 1583 priscos
1510 1534 1601 1583 po'e-

145 1606 223 1645 taS,
241 1610 335 1644 non,
354 1604 398 1635 ut
415 1610 534 1645 nunc,
552 1598 708 1649 penitus
729 1598 822 1636 ficta
841 1603 1071 1649 argumenta
1088 1609 1097 1635 ε
1139 1595 1209 1634 sed
1244 1608 1304 1633 res
1325 1602 1449 1647 gestae
1470 1608 1492 1633 a
1511 1597 1603 1634 civi-

146 1663 219 1699 bus
238 1661 369 1713 palam
389 1675 478 1700 cum
500 1675 631 1700 eorum
646 1675 765 1713 saepe,
787 1662 851 1713 qui
870 1667 1088 1713 gesserant,
1107 1660 1265 1698 nomine
1277 1659 1600 1698 decantabantur„

148 1727 243 1765 Ideo
271 1727 360 1778 ipsa
394 1739 467 1765 suo
505 1733 679 1779 tempore
713 1726 884 1765 moribus
919 1726 1084 1764 multum
1119 1724 1264 1777 profuit
1295 1724 1485 1762 civitatis:
1514 1736 1601 1762 cum

148 1790 417 1842 unusquisque
437 1799 605 1839 caveret,
625 1792 743 1844 culpa
762 1805 810 1830 ne
842 1791 1066 1843 spectaculo
1087 1790 1225 1828 ceteris
1246 1795 1364 1834 esset,
1391 1795 1430 1826 et
1448 1787 1602 1825 domes-

148 1855 227 1893 tico
264 1856 418 1906 probro.
475 1855 568 1902 Sed,
606 1869 694 1894 cum
731 1857 860 1908 poetae
894 1855 1000 1893 abuti
1033 1854 1214 1893 licentius
1235 1852 1352 1904 stylo,
1386 1858 1425 1889 et
1456 1851 1602 1902 passim

147 1918 293 1957 laedere
330 1933 378 1958 ex
418 1918 604 1958 libidine⁸
649 1921 861 1972 coepissent
897 1920 1030 1971 plures
1065 1920 1205 1964 bonos,
1244 1930 1292 1955 ne
1330 1916 1534 1966 quisquam
1564 1916 1603 1952 in

149 1983 313 2022 alterum
343 1996 499 2021 carmen
532 1984 676 2022 infame
707 1991 954 2035 proponeret,
987 1983 1075 2034 lege
1107 1982 1188 2020 lata
1220 1981 1374 2019 siluere.
1431 1979 1482 2016 Et
1513 1978 1604 2016 hinc

150 2046 295 2085 deinde
313 2045 420 2084 aliud
442 2060 565 2098 genus
588 2047 762 2094 Fabulae,
781 2047 820 2085 id
836 2054 910 2092 est,
933 2048 1086 2098 Satyra,
1104 2046 1243 2083 sumsit
1262 2044 1460 2083 exordium
1476 2056 1484 2080 :
1515 2056 1605 2094 quae

151 2123 176 2150 a
195 2110 348 2162 satyriS,
382 2123 482 2161 quos
516 2111 645 2149 illotos
667 2124 818 2162 semper
856 2124 901 2148 ac
939 2110 1160 2161 petulantes
1183 2110 1291 2148 Deos
1326 2109 1469 2147 scimus
1504 2120 1606 2153 esse,

152 2175 324 2214 vocitata
343 2183 428 2215 est:
459 2176 532 2214 etsi
553 2175 709 2213 aliunde
730 2188 869 2213 nomen
891 2174 1054 2212 traxisse
1075 2187 1193 2225 prave
1212 2180 1354 2226 putant
1373 2172 1448 2211 alii.
1493 2172 1607 2218 Haec,

156 2253 244 2291 quae
265 2241 405 2292 Satyra
424 2240 578 2286 dicitur,
601 2238 792 2290 ejusmodi
812 2238 898 2285 fuit,
916 2245 959 2276 ut
978 2238 1016 2275 in
1038 2251 1097 2284 ea,
1118 2238 1293 2289 quamvis
1314 2237 1410 2275 duro
1431 2245 1471 2275 et
1488 2236 1606 2274 veluti

154 2305 298 2356 agresti
313 2307 419 2356 Joco,
439 2303 488 2342 de
508 2304 609 2342 vitiis
630 2303 769 2341 civium
795 2310 923 2341 tamen
945 2303 1027 2341 sine
1043 2302 1125 2340 ullo
1145 2302 1289 2354 proprii
1309 2300 1476 2339 nominis
1496 2299 1606 2338 titulo

197 2428 218 2457 6
233 2424 382 2465 Κωμῳδία
393 2424 557 2464 ε’·τεώνυμος
565 2423 616 2455 κα).
628 2422 756 2464 ἀρχαῖα]
770 2423 804 2454 Μ
809 2434 854 2454 ss.
910 2421 996 2462 ἔχειν
1009 2421 1247 2463 ἀναπλάσματα,
1261 2421 1281 2459 ἢ
1296 2422 1419 2461 βιβλία,
1434 2421 1474 2453 τὰ
1487 2420 1543 2460 μὲν
1553 2422 1610 2457 τῆς

156 2475 270 2517 ἀρχαία
281 2475 420 2515 κωμῳδία
442 2481 478 2507 et
499 2475 781 2507 'EPONOMATOS.
804 2474 854 2506 Id.
910 2475 1043 2505 παλαιᾶς
1057 2472 1211 2512 κωμῳδίας
1232 2472 1413 2512 σκώμματα,
1440 2472 1491 2503 καὶ
1516 2484 1608 2512 ταρα-

198 2528 218 2557 7
240 2525 427 2565 Ἐτεώνυμος
456 2526 573 2566 autem]
602 2526 685 2557 Mss.
700 2526 855 2556 'EPON0-
911 2525 984 2565 χὰς,
994 2524 1044 2555 καὶ
1057 2522 1196 2560 στάσεις,
1211 2523 1261 2554 καὶ
1277 2522 1495 2564 αἰσχρολογίας
1504 2522 1611 2561 σημαί·

157 2579 287 2608 MATos
301 2581 414 2608 aulem.
437 2576 491 2608 Id.
911 2587 967 2606 νει.
989 2575 1027 2607 τὰ
1047 2575 1079 2605 δὲ
1104 2575 1161 2612 τῆς
1187 2575 1252 2605 καθ’
1281 2573 1361 2613 ἡμᾶς
1385 2572 1551 2613 κωμῳδίας,
1570 2573 1613 2603 τὰ

201 2630 221 2658 8
238 2627 363 2658 Passim
376 2627 487 2658 loedere
501 2636 541 2658 ex
555 2626 697 2666 libidine]
723 2625 857 2657 Veteris
909 2625 966 2665 μὲν
981 2625 1064 2656 ἄλλα
1077 2623 1130 2656 ῑσα
1154 2626 1194 2667 τῇ
1214 2624 1371 2665 τραγῳδία
1396 2623 1545 2663 σημαίνει,
1571 2623 1611 2653 τὰ

159 2678 343 2710 Comoediae
356 2682 579 2709 scommataet
597 2676 780 2707 maledicta
792 2677 858 2706 ele·
912 2675 944 2707 δὲ
971 2675 1050 2714 τέλη
1074 2676 1198 2716 χρηστὰ
1223 2675 1274 2707 καὶ
1297 2676 1397 2714 ἀγαθὰ
1423 2673 1611 2715 ὑπαγορεύει·

161 2733 281 2770 gauter
298 2727 424 2759 indicat
441 2726 647 2758 Artemidor.
666 2727 723 2757 lib.
741 2736 764 2757 1.
782 2736 858 2766 cap.
911 2727 1039 2757 τοιαῦτα
1066 2726 1127 2767 ’γὰρ
1148 2726 1178 2757 αἱ
1206 2725 1360 2757 ὑποθέσεις
1387 2727 1448 2756 τῶν
1476 2726 1613 2763 κωμικῶν

160 2781 212 2810 58.
254 2777 296 2810 Τὸ
321 2776 353 2809 δὲ
380 2778 525 2818 κωμῳδῶν
550 2777 680 2818 ἀκούειν,
697 2776 716 2814 ἢ
744 2776 860 2815 κωμικὰ
912 2776 1080 2818 δραμάτων.
1125 2776 1206 2808 vid.
1222 2775 1521 2816 Schol.Aristopli.
1547 2775 1595 2805 Id.
