1903 3306
554 199 780 231 EUNUCHI
814 197 926 228 ACT.
950 196 1014 227 lv.
1048 197 1116 227 sc.
1140 197 1170 226 1.
1507 184 1589 226 471

136 299 228 341 cn.
274 297 364 340 Ubi
395 297 591 337 mutem?
623 295 761 348 perii:
792 306 891 334 nam
925 291 1059 333 domo
1094 290 1229 332 exulo
1259 303 1400 334 nunc:
1445 294 1591 332 metuo

305 365 495 413 fratrem,

139 432 210 474 Ne
231 433 352 473 intus
374 432 459 483 sit3
482 443 614 485 porro
635 433 796 479 autem,
817 433 946 483 pater
966 439 1021 467 ne
1040 438 1134 467 rure
1149 424 1330 466 redierit
1341 424 1449 478 jam.

138 499 234 542 AN.
267 499 435 541 Eamus
467 498 523 539 ad
554 510 651 538 me:
686 497 750 538 ibi
787 496 1041 552 proximum
1071 499 1153 543 est,
1186 494 1260 536 ubi
1290 496 1442 534 mutes.
1501 492 1591 535 CH.

309 567 453 608 Recte
474 566 602 607 dicis.

135 633 328 685 Eamus3
349 638 392 675 et
412 633 467 674 de
487 633 599 674 istac
622 631 769 680 simul,
792 644 881 684 quo
902 634 1032 684 pacto
1056 641 1190 684 porro
1211 628 1380 683 possim
1533 627 1590 669 65

135 702 294 752 Potiri,
315 700 548 742 consilium
568 699 668 741 volo
689 711 850 752 capere
873 711 963 738 una
983 703 1143 739 tecum.
1204 696 1296 737 ΑΝ.
1330 696 1443 737 Fiat.

140 821 202 854 Ubi
218 824 352 853 mutem?
370 820 473 863 perii:
496 831 567 851 nam
582 821 671 851 donw
686 820 829 852 esce-lusus
848 828 916 850 sum
931 828 1023 859 nunc,
1048 818 1160 849 similis
1181 819 1286 849 exuli.-
1309 821 1410 849 metuo
1432 828 1469 849 ne
1481 819 1594 858 frater

133 865 178 896 εᾱ
192 864 227 895 in
241 864 369 904 oedz‘bus,
386 868 451 894 tum
466 863 559 894 etiam
575 873 612 894 ne
630 867 721 903 pater
739 873 755 894 e
771 864 844 893 villa
859 863 929 901 jum
944 871 1084 893 reversus
1099 863 1150 892 sit.
1195 860 1265 892 AN.
1292 862 1407 892 Eamus
1423 860 1455 891 in
1470 862 1593 893 domum

132 917 253 946 meam;
276 908 321 938 ihz·
336 910 395 944 est,
411 907 462 938 ubi
477 908 628 937 commode
644 907 739 936 aliam
753 909 866 937 vestem
880 914 998 935 sumere
1010 906 1119 945 possis.
1159 905 1229 936 CH.
1255 904 1351 935 Recte
1366 904 1456 944 dicis,
1470 914 1593 935 eamus:

130 951 207 992 quin
230 951 327 1026 {fiam
349 950 516 981 deliberare
540 953 639 980 tecum
664 950 728 980 volo
750 950 788 980 de
813 949 875 979 isla
894 948 1008 989 puella,
1034 948 1180 988 quomodo
1201 957 1237 978 ea
1254 951 1360 988 postea
1374 947 1447 986 frui
1466 949 1592 988 poesim.

134 994 206 1026 ΑΝ.
262 993 307 1024 iat
324 996 358 1024 ut
372 993 432 1024 tibi
446 993 579 1024 videtur.

743 1053 979 1066 eeeeeeeeeeee

133 1130 232 1161 Zeun.
277 1128 333 1159 Ita
356 1126 486 1159 faciunt
513 1131 548 1158 et
570 1127 650 1167 Rip.
675 1131 711 1158 et
738 1127 830 1158 Peri.
876 1127 1012 1157 Immuta
1038 1123 1156 1157 Guelf.
1184 1126 1315 1156 3.-62,
1329 1126 1370 1155 63
1394 1122 1423 1154 A
1449 1134 1522 1155 rure
1546 1124 1590 1156 G.

133 1173 216 1204 EM.
245 1171 346 1203 West.
394 1171 554 1211 Repone:
585 1170 648 1201 Ubi
674 1173 810 1201 mutem?
832 1170 913 1209 perz'i
929 1180 939 1200 .·
963 1180 1034 1200 nam
1058 1170 1148 1199 exulo
1174 1169 1261 1198 domo
1285 1177 1387 1198 nunc:
1410 1167 1591 1205 metuofra-

132 1219 224 1252 trem,
242 1215 292 1245 Ne
304 1215 387 1245 intus
402 1214 444 1244 sic
458 1224 468 1244 .·
490 1222 580 1253 porro
591 1216 693 1244 autem
706 1216 838 1252 patrem,
857 1223 894 1243 ne
910 1222 980 1243 rure
996 1211 1210 1247 redieritjam.
1233 1211 1335 1242 Bent.
1380 1210 1483 1240 Exulo
1498 1211 1585 1241 domo

132 1258 234 1290 Both.
248 1258 342 1289 Peri.
381 1257 453 1289 Dat
468 1256 528 1288 ΒΥ.
541 1266 572 1287 n.
589 1257 620 1287 d.
637 1258 736 1287 exulo.
769 1256 862 1286 Nunc
877 1255 1047 1293 τιμῇ-64
1075 1255 1135 1285 Ubi
1152 1278 1159 1286 .
1178 1277 1185 1284 .
1199 1252 1244 1284 ibi
1267 1251 1382 1285 Guelf.
1401 1256 1430 1284 1.

794 1341 935 1374 NOTAE

176 1411 218 1441 64
240 1407 291 1441 Ibi
302 1408 479 1449 proximum
494 1407 554 1447 est]
575 1406 616 1438 Id
638 1411 702 1446 est,
720 1406 832 1447 proxi·
889 1412 956 1438 tem
974 1410 1104 1437 mutare
1128 1405 1249 1447 possiS.

131 1469 204 1492 mus
218 1459 309 1491 locus
330 1458 450 1491 domus
466 1463 583 1489 nostra
600 1463 663 1499 est,
685 1457 743 1488 ubi
762 1467 834 1488 ves-

536 1725 738 1768 ACTUS
772 1724 857 1767 IV.
917 1720 1126 1765 SCENA
1157 1721 1193 1762 Ι.

769 1857 969 1888 DORIAS.

137 1933 226 1977 ITA
249 1948 319 1976 me
352 1933 413 1975 Di
442 1934 556 1974 bene
589 1936 748 1983 ament,
781 1934 995 1986 quantum
1016 1942 1097 1984 ego
1118 1929 1245 1971 illum
1265 1927 1374 1979 vidi,
1395 1925 1592 1969 nonnihil

306 2002 443 2043 timeo
463 2002 639 2049 misera,

134 2069 209 2112 Ne
230 2083 365 2126 quam
385 2070 460 2110 ille
480 2069 611 2110 hodie
633 2068 816 2109 insanus
839 2066 1015 2107 turbam
1035 2063 1185 2114 faciat,
1209 2068 1286 2105 aut
1308 2063 1397 2104 vim
1412 2062 1590 2104 Thaidi.

133 2137 268 2190 Nam,
303 2141 538 2193 postquam
569 2137 656 2178 iste
693 2135 870 2178 advenit
908 2133 1114 2175 Chremes
1154 2131 1432 2182 adolescens,
1462 2131 1593 2172 frater

306 2205 502 2259 virginis,

175 2305 248 2337 Do.
272 2304 326 2336 Ita
341 2304 418 2336 mihi
434 2304 496 2335 Dii
511 2304 576 2335 sint
588 2303 733 2346 propitii,
749 2306 895 2344 quantum
904 2312 943 2334 ex
958 2303 1045 2334 vultu
1064 2301 1182 2333 Militis
1193 2300 1366 2342 perspicere
1378 2300 1476 2341 potui,
1492 2302 1591 2331 metuo

130 2347 271 2379 nonnihil
286 2348 398 2379 misera
414 2357 480 2387 ego,
499 2358 537 2378 ne
544 2347 688 2386 furiosus
711 2346 762 2376 ille
784 2347 888 2377 rixam
905 2346 1039 2386 aliquam
1055 2348 1109 2376 aut
1124 2345 1187 2375 vim
1201 2344 1306 2382 faciat
1326 2343 1449 2374 Thaidi.
1497 2344 1592 2383 Nam,

125 2395 289 2433 postquam
304 2392 362 2422 iste
373 2391 546 2422 adolescens
565 2390 721 2430 Chremes,
726 2389 835 2428 frater
850 2388 984 2428 virginis
1000 2388 1181 2430 Pamphilae,
1192 2387 1329 2426 advenit,
1342 2386 1438 2417 Thais
1457 2386 1593 2417 Militem

740 2484 982 2498 “emme

178 2549 196 2578 1
221 2546 319 2577 Bem.
331 2546 382 2577 M.
392 2546 462 2577 ET.
479 2546 559 2578 EM.
578 2546 626 2578 Di
639 2547 753 2579 ament.
768 2547 843 2579 Nec
861 2546 960 2577 metri
986 2544 1074 2576 ratio
1092 2543 1229 2576 videtur
1245 2541 1427 2574 admittere
1442 2541 1479 2573 τὺ
1495 2542 1591 2579 bene;

134 2599 325 2632 quanquam
342 2593 394 2620 est
408 2590 442 2619 in
460 2589 570 2620 Libris
587 2590 757 2631 plerisque
774 2590 942 2620 omnibus.
971 2589 1068 2621 IVest.
1094 2587 1135 2618 In
1151 2591 1316 2618 contextu
1333 2585 1490 2616 Bembini
1507 2591 1541 2617 et
1557 2586 1590 2616 in

135 2633 210 2664 aliis
225 2633 399 2674 plerisque
422 2632 445 2664 1.
470 2641 498 2663 s.
525 2633 690 2673 Terentii,
717 2638 753 2664 et
771 2633 913 2672 Donati,
930 2641 997 2662 non
1020 2636 1070 2662 est
1090 2630 1174 2662 bene.
1199 2629 1258 2660 Fa.
1304 2628 1391 2659 Tres
1409 2638 1450 2659 ex
1467 2629 1590 2659 nostris

135 2685 212 2707 eum
228 2675 318 2708 Edd.
343 2678 427 2706 vett.
449 2683 515 2705 non
539 2675 666 2706 babent
689 2676 771 2707 bene.
797 2676 903 2707 Bent.
948 2674 1077 2705 Contra
1093 2677 1237 2704 metrum
1251 2678 1287 2703 et
1301 2670 1406 2702 bonos
1423 2671 1522 2702 codd.
1546 2672 1590 2703 al.

131 2718 285 2749 inserunt
308 2717 392 2750 bene.
427 2718 505 2758 Bip.
551 2717 593 2749 Id
616 2718 776 2759 rejiciunt
808 2719 913 2750 Bent.
944 2718 1049 2749 Both.
1073 2716 1169 2749 Perl.
1215 2715 1225 2732 ‘
1241 2713 1391 2747 Misera’
1411 2714 1517 2746 trudit
1535 2714 1589 2746 ed.

130 2760 255 2803 Delph.
271 2761 305 2794 in
321 2770 456 2793 versum
468 2763 564 2794 2.-—3
588 2761 707 2796 Codex
718 2760 946 2795 Academicus
964 2764 1055 2794 etex
1069 2758 1261 2793 Mendianis
1278 2758 1365 2790 alter
1380 2766 1448 2790 non
1463 2757 1590 2790 habeut
