1945 3296
406 221 646 252 DANmms
679 221 872 252 HEiNsir
909 220 1250 253 DISSERTATio.
1502 214 1558 254 95

105 318 247 357 scholis
268 315 474 367 loquimur,
508 317 690 355 essentia.
750 317 849 354 Cum
872 316 1034 355 Plautus
1057 330 1161 367 saepe
1181 317 1359 368 ngico,
1381 331 1560 357 nonnun-

102 395 217 433 quam
240 392 394 431 quoque
414 380 527 426 serio,
562 386 706 418 utatur.
755 380 989 430 Quanquam
1010 380 1061 417 ibi
1089 393 1182 418 sane
1204 393 1342 426 sermo,
1371 389 1414 419 ut
1433 384 1557 432 priore

102 447 190 484 loco
223 458 246 482 a
278 444 452 482 Varrone
484 443 683 495 accipitur.
748 445 881 482 Sermo
915 445 1016 481 enim
1037 451 1075 482 et
1108 445 1148 482 τὸ
1169 443 1252 489 ἦθος
1283 444 1480 491 differunt,
1518 456 1561 485 ut

102 511 218 548 homo
238 507 576 558 prudentissimus,
598 514 633 545 et
656 507 813 544 foemina
828 521 913 557 quae
928 521 1022 558 pure
1042 507 1214 558 loquitur
1231 521 1241 551 ;
1270 509 1397 558 qualis
1420 510 1560 548 dicitur

104 572 369 612 Gracchorum
408 578 544 609 mater.
601 571 927 622 Unumquemque
966 571 1067 609 enim
1106 579 1210 609 recte
1256 574 1481 624 exprimere,
1522 583 1562 613 et

102 637 311 675 humanam
343 636 487 687 optime
520 634 715 672 delineare
745 635 876 681 vitam,
910 648 1082 672 summus
1115 642 1232 686 atque
1267 644 1462 675 extremus
1493 639 1562 676 riri

103 708 220 752 atque
239 700 408 739 auctoris
428 699 585 737 maximi
606 705 771 735 conatus
793 705 866 736 est.
925 699 1048 736 Recte
1065 699 1316 737 Grammatici
1337 701 1386 738 ad
1409 702 1561 753 Sopho-

102 765 230 804 clem':
250 765 360 803 '‘Etrrt
381 763 422 801 δὲ
440 771 547 801 τοῦτο
565 766 746 810 μέγιστον
766 762 807 799 ἐν
828 766 1009 814 ποιητικῇ,
1025 761 1161 808 δηλοῦν
1180 763 1288 809 fiens:
1313 770 1321 785 ‘
1341 765 1411 802 Est
1431 774 1560 804 autem

103 828 201 867 illud
221 827 432 866 maximum
453 828 491 864 in
523 827 695 872 Poetice,
724 826 936 876 exprimere
957 826 1097 864 ethos!
1144 827 1324 866 Debebat
1347 829 1560 877 addidisse,

103 892 142 930 in
180 893 406 930 Dramatica
436 892 665 942 praesertim.
722 891 772 928 Et
799 891 985 928 Horatius
1018 898 1097 929 tarn
1117 892 1249 930 multis
1269 893 1386 931 vitam
1407 895 1563 945 Tragoe-

105 955 180 993 diae
201 955 241 994 τὸ
261 955 344 1002 ἦθος
363 968 449 993 esse
472 954 619 992 docuit.
675 954 907 992 Aristoteles
925 968 1029 1001 vero,
1045 955 1161 993 etiam
1178 956 1216 993 in
1233 956 1452 1007 Tragoedia,
1472 965 1564 1009 post

104 1021 459 1071 Actionem,(quam
476 1018 664 1056 Fabulam
681 1019 910 1070 plerumque
923 1021 1068 1068 vocat,)
1085 1033 1173 1070 quae
1187 1021 1367 1058 essentiae
1381 1035 1470 1072 pars
1486 1024 1563 1074 pri-

103 1098 180 1131 ma,
192 1091 342 1136 partem
358 1084 540 1122 essentiae
555 1083 770 1122 secundam
785 1083 990 1121 constituit
1001 1084 1040 1122 τὸ
1061 1083 1157 1130 ἦθος.
1182 1083 1325 1122 Mirum
1342 1091 1403 1123 est
1417 1094 1561 1135 autem,

103 1150 231 1187 locum
244 1148 428 1187 Varronis
443 1161 466 1186 a
477 1148 632 1185 nemine
647 1147 904 1186 intellectum.
929 1147 1104 1191 Quicum
1119 1149 1288 1199 palmam
1306 1150 1344 1187 in
1361 1163 1564 1201 argumen-

104 1213 153 1252 tis
183 1213 343 1252 Caecilio
373 1213 570 1259 concedit,
598 1213 812 1263 principem
842 1212 1054 1250 Comoediae
1088 1213 1194 1251 haud
1223 1214 1340 1252 dubio
1362 1215 1564 1254 Caecilium

104 1278 318 1317 constituit.
368 1277 526 1321 Quare?
561 1278 657 1315 Pars
692 1277 911 1328 Tragoedias
945 1278 1141 1330 praecipua
1178 1285 1239 1316 est
1265 1279 1563 1330 Argumentum.

104 1342 334 1380 Aristoteles
367 1341 484 1379 modo
520 1344 651 1393 μῦθον,
688 1341 805 1379 modo
838 1348 910 1379 τῶν
943 1342 1174 1393 πραγμάτων
1203 1342 1392 1388 σύνθεσιν,
1423 1356 1563 1382 vocare

106 1406 218 1444 solet.
271 1406 347 1449 Qui
368 1414 407 1443 et
425 1405 556 1442 multis
580 1406 730 1455 probat,
764 1418 866 1450 eum,
902 1405 964 1455 qui
996 1405 1070 1442 hac
1090 1413 1199 1456 parte
1226 1406 1391 1452 excellit,
1413 1407 1565 1445 etiarnsi

105 1468 241 1507 ceteris
262 1468 509 1514 destituatur,
528 1468 793 1506 Dramaticum
816 1468 977 1505 Poe‘tam
1000 1468 1074 1505 dici
1093 1482 1223 1519 posse.
1272 1469 1369 1507 Pars
1391 1472 1566 1510 secunda

106 1539 166 1570 est
184 1533 224 1571 τὸ
244 1532 341 1579 ἦθος,
361 1532 466 1583 quod
482 1545 570 1570 cum
590 1532 772 1570 Terentio
788 1532 965 1583 assignat
981 1533 1118 1580 Varro,
1130 1533 1260 1572 locum
1275 1534 1330 1572 illi
1346 1535 1563 1586 proximum

105 1596 298 1636 concedit.
357 1596 474 1641 Quod
494 1609 572 1634 non
601 1603 732 1647 potest
766 1596 958 1646 ignorare,
989 1596 1056 1647 qui
1088 1597 1270 1648 antiquos
1293 1598 1474 1643 Criticos‚
1509 1600 1566 1636 in-

104 1661 236 1712 primis
256 1667 385 1699 autem
405 1660 668 1705 Aristotelem,
691 1673 778 1697 cum
812 1673 905 1697 cura
924 1660 1021 1711 legit
1048 1673 1093 1697 ac
1114 1661 1307 1712 intelligit.
1367 1663 1563 1701 Sermonis

107 1725 209 1763 enim
238 1725 337 1771 laus,
357 1738 473 1775 quam
494 1725 637 1762 Plauto
659 1724 771 1762 tribui
805 1725 852 1761 ab
874 1737 920 1762 eo
939 1724 1092 1772 volunt,
1110 1731 1262 1763 tantum
1283 1726 1395 1764 abest
1413 1734 1457 1764 ut
1477 1740 1566 1765 cum

105 1788 264 1839 reliquis
284 1789 450 1827 conferri
480 1788 618 1839 possit,
652 1794 695 1825 ut
727 1795 925 1838 postremo
958 1788 1060 1834 loco,
1082 1795 1122 1826 et
1154 1796 1246 1840 post
1278 1792 1344 1835 τὴν
1380 1789 1567 1838 διάνοιαν,

105 1858 287 1904 ponatur.
333 1853 462 1897 Quare
483 1865 531 1889 ex
552 1851 746 1889 sententia
762 1852 959 1899 Varronis,
976 1852 1041 1902 qui
1057 1852 1120 1890 hic
1143 1853 1390 1891 Aristotelem
1409 1868 1568 1905 expres-

107 1917 170 1963 sit,
204 1916 350 1967 primus
388 1923 449 1955 est
485 1916 684 1960 Caecilius,
720 1915 917 1954 secundus
950 1924 1010 1954 est
1043 1917 1269 1955 Terentius:
1302 1931 1400 1968 quos
1423 1918 1565 1956 deinde

105 1980 271 2019 Plautus
292 1981 477 2032 sequitur.
507 1980 643 2027 ,Quod
661 1979 830 2017 debebat
848 1979 1045 2030 cogitasse
1063 1981 1173 2018 Siren
1190 1981 1262 2018 aevi
1285 1981 1406 2018 nostri
1426 1982 1565 2020 Justus

107 2044 262 2095 Lipsius
279 2057 287 2082 :
319 2045 386 2095 qui
404 2044 580 2096 profecto
601 2044 729 2081 locum
749 2043 886 2080 summi
910 2043 1176 2081 Romanorum
1194 2044 1328 2082 Critici
1348 2058 1423 2083 non
1446 2059 1565 2096 pene-

106 2109 234 2148 travit.
290 2109 349 2147 Τό
367 2108 452 2155 ἦθος
472 2116 601 2147 autem
629 2108 770 2145 Plauto
789 2107 976 2145 Horatius
997 2107 1207 2158 abjudicat,
1224 2121 1312 2147 cum
1332 2109 1479 2160 inquit:

741 2172 885 2222 Aspice
903 2171 1066 2210 Plautus

323 2238 411 2282 Quo
430 2244 545 2289 pacto
565 2244 694 2287 partes
716 2242 862 2273 tutetur
883 2237 1047 2274 amantis
1066 2236 1218 2287 ephebi.

110 2301 160 2338 Et
177 2299 328 2339 videtur
348 2300 561 2338 Charinum
580 2299 764 2337 habuisse
786 2299 823 2336 in
845 2299 987 2346 animo,
1008 2301 1074 2351 qui
1096 2300 1313 2339 Mercatore
1344 2301 1384 2340 τὸ
1408 2305 1566 2353 μανικὸν

110 2366 169 2402 καὶ
189 2366 228 2403 τὸ
249 2365 419 2415 ἐρωτικὸν
438 2363 644 2402 confundit
662 2362 759 2408 ἦθος,
790 2363 865 2401 boc
899 2370 972 2410 est,
1005 2364 1061 2402 ita
1087 2371 1204 2410 amat,
1234 2372 1277 2402 ut
1296 2365 1565 2404 Menaechmus

108 2428 212 2466 furit.
269 2429 408 2467 Furere
428 2435 556 2466 autem
578 2441 658 2478 prae
680 2440 823 2474 amore,
856 2428 1070 2466 Comoediae
1090 2441 1168 2466 non
1189 2427 1286 2476 ἦθος,
1315 2429 1384 2467 sed
1405 2430 1565 2482 Tragoe—

110 2491 184 2530 diae
203 2499 264 2530 est
282 2495 419 2531 m'160s:
450 2499 494 2530 ut
513 2506 559 2530 ex
581 2491 763 2529 Phaedria
785 2491 946 2542 aliisque
977 2499 1097 2544 patet.
1156 2492 1314 2536 Quare?
1343 2495 1434 2545 quia
1453 2498 1566 2533 πάθος

111 2556 269 2606 aliquod
289 2557 452 2595 immane
474 2563 713 2607 expectatur.
753 2556 870 2600 Quod
889 2556 1134 2607 Tragoediam
1155 2558 1371 2604 constituit,
1393 2566 1435 2595 ut
1452 2563 1565 2606 μετὰ·

110 2620 222 2668 βασις
241 2621 448 2659 conveniat
466 2621 620 2658 furenti.
679 2620 757 2658 Sed
790 2621 877 2659 baec
908 2621 1078 2659 triviales
1112 2635 1190 2659 non
1223 2622 1469 2672 intelligunt:
1500 2622 1565 2672 qui

111 2697 303 2722 summum
323 2685 455 2722 Virum
474 2684 719 2722 Aristotelem
750 2691 827 2721 tam
859 2684 971 2722 facile
1001 2691 1270 2732 contemnunt,
1301 2698 1414 2736 quam
1435 2699 1505 2722 nos
1528 2694 1566 2723 et

105 2747 255 2799 judicia
273 2748 423 2788 illorum
443 2756 481 2787 et
500 2749 707 2799 magistros
742 2748 877 2787 merito
905 2750 1201 2798 contemnimus,
1233 2750 1372 2801 quibus
1404 2761 1562 2803 persua-
