1903 3306
311 230 397 271 406
806 241 847 270 P.
878 238 1120 271 TERENTM
1155 241 1273 271 ΛΕΜ

313 335 436 376 Here
454 347 463 376 ε
495 347 596 388 quae
616 346 684 375 res
704 333 748 375 in
769 347 818 375 se
841 348 981 388 neque
1003 335 1256 385 consilium,
1276 348 1416 389 neque
1437 335 1617 377 modum

312 402 465 444 Habet
485 402 640 453 ullum,
665 415 764 444 eam
786 403 978 444 consilio
1001 415 1149 456 regere
1172 416 1260 444 non
1282 408 1428 456 potes.

317 470 364 511 [n
385 483 531 511 amore
551 470 650 511 haec
672 471 818 511 omnia
839 471 989 511 insunt
1008 470 1147 512 vitia:
1171 471 1358 525 injuriae,

313 538 616 592 Suspiciones,
638 537 899 587 inimicitiae,
921 537 1129 587 induciae,
1714 537 1773 579 15

313 606 504 654 Bellum,
524 617 619 658 pax
640 618 823 646 rursum.
884 605 1056 646 Incerta
1076 605 1173 646 haee
1196 604 1235 645 si
1255 609 1302 646 tu
1325 605 1522 659 postules

313 673 510 716 Ratione
531 676 648 714 certa
668 672 826 722 facere,
848 672 987 713 nihilo
1007 673 1106 726 plus
1129 685 1252 724 agas,

314 740 463 791 Quam
486 741 523 781 si
542 741 621 781 des
643 752 840 793 operam,
862 744 910 780 ut
932 753 1028 780 cum
1051 739 1223 780 ratione
1244 741 1452 780 insanias.

313 809 372 849 Et
394 809 511 862 quod
533 821 649 848 nunc
671 811 759 848 tute
783 812 925 847 tecum
946 807 1084 847 iratus
1106 807 1293 858 cogitas,

313 876 464 929 Egone
485 876 607 916 illam
622 876 640 916 ‘l
662 888 761 928 quae
774 874 927 915 illum?
949 887 1049 927 quae
1063 887 1132 914 me
1147 873 1163 914 Τ
1187 875 1417 928 quaenon'l
1440 873 1532 914 sine
1549 873 1697 923 modo,
1714 874 1770 916 20

314 943 436 984 Mori
457 956 526 983 me
547 942 719 983 malim:
745 943 905 982 sentiet
926 941 1002 995 qui
1025 942 1090 982 vir
1113 943 1237 982 siem.

314 1011 432 1052 Haec
454 1011 602 1059 verba,
623 1023 713 1050 una
732 1009 949 1050 mehercle
970 1009 1086 1050 falsa
1107 1008 1368 1062 lacrymula,

314 1078 464 1129 Quam
485 1080 637 1120 oculos
658 1078 836 1119 terendo
857 1078 1027 1127 misere,
1048 1077 1129 1118 vix
1149 1077 1191 1118 vi
1215 1076 1503 1131 expresserit,

313 1146 603 1198 Restinguet:
628 1150 672 1186 et
692 1150 735 1186 te
757 1146 874 1186 ultro
897 1145 1136 1186 accusabis
1156 1158 1165 1185 :
1199 1150 1244 1185 et
1264 1144 1392 1185 dabis
1416 1145 1464 1185 eir

313 1212 443 1255 Ultro
460 1213 742 1267 supplicium.
794 1212 883 1254 PH.
911 1211 950 1253 Ο
968 1212 1196 1265 indignum
1213 1212 1384 1253 facinus
1402 1212 1410 1253 l
1430 1225 1544 1253 nunc
1560 1224 1641 1265 ego
1654 1214 1696 1253 et
1714 1212 1771 1253 25

315 1349 429 1388 incepi,
454 1349 623 1387 diligenter
648 1348 807 1380 considera
832 1349 906 1389 qaid
924 1349 1033 1386 facere
1056 1348 1192 1381 debeam.
1238 1348 1382 1387 Domine,
1405 1357 1481 1385 rem,
1504 1356 1571 1386 quoe
1593 1346 1718 1377 consilio
1741 1349 1772 1377 et

314 1393 522 1422 moderatione
535 1396 620 1423 caret
641 1392 733 1427 omni,
760 1402 826 1422 eam.
848 1394 1011 1431 prudentia
1022 1392 1196 1430 gubernare
1219 1401 1278 1421 non
1294 1392 1384 1422 mles.
1428 1390 1526 1421 Amor
1540 1389 1604 1420 hoec
1616 1389 1716 1420 omnia
1739 1390 1773 1420 in

313 1445 345 1466 se
370 1434 459 1465 habet
486 1436 587 1465 mala:
611 1435 821 1473 contumelias,
847 1435 1041 1475 zelotypiam,
1073 1436 1287 1470 dissensiones,
1305 1443 1412 1474 pacem
1437 1433 1477 1463 ad
1501 1435 1632 1472 tempus,
1649 1432 1772 1470 bellum,

311 1481 382 1518 post
401 1477 511 1508 bellum
531 1488 637 1517 pacem
652 1478 766 1508 iterum
777 1489 789 1514 ;
805 1478 869 1508 hoec
886 1488 952 1508 cum
968 1478 1029 1508 sint
1044 1478 1218 1512 instabilia,
1233 1477 1259 1507 εἰ
1275 1477 1350 1507 velis
1362 1475 1482 1507 ratione
1496 1476 1621 1506 stabilia
1633 1476 1772 1514 reddere,

316 1521 415 1552 nihilo
430 1521 498 1561 plus
519 1520 668 1562 proficias
689 1530 780 1560 quam
802 1521 830 1551 si
849 1522 1014 1559 desideres,
1038 1524 1070 1551 at
1087 1520 1152 1559 quis
1167 1531 1234 1550 cum
1250 1521 1370 1550 ratione
1382 1518 1529 1550 insaniat.
1576 1518 1654 1553 Qnae
1669 1521 1772 1548 autem

315 1573 395 1594 itanc
410 1564 458 1594 ira
474 1567 639 1594 commotas
654 1564 755 1594 animo
772 1565 895 1603 agitas:
921 1564 1029 1602 Egone
1054 1564 1139 1593 illam
1167 1563 1313 1593 Thaidem
1337 1564 1455 1601 adeam,
1478 1571 1546 1601 (μιαί
1567 1561 1654 1592 illum
1673 1561 1772 1591 Thra-

315 1616 418 1637 sonem
434 1606 512 1637 mihz'
524 1604 690 1646 praetulit?
712 1617 777 1646 qaoe
794 1617 839 1637 me
855 1607 971 1647 sprevit
984 1606 998 1637 22
1019 1616 1086 1646 quse
1109 1616 1154 1636 me
1179 1607 1245 1636 heri
1271 1615 1330 1636 non
1352 1602 1504 1635 admisit?
1526 1605 1629 1644 potius
1644 1606 1773 1634 mortem

313 1649 575 1690 proeoptaverim:
597 1651 662 1680 stne
685 1651 785 1685 modo,
811 1659 858 1680 me
878 1650 978 1679 virum
995 1649 1115 1686 sortem
1141 1649 1330 1689 experietur.
1366 1649 1428 1678 Per
1446 1647 1613 1677 Herculem
1632 1646 1696 1676 hoec
1716 1655 1774 1686 per

317 1693 398 1723 iram
413 1693 535 1733 prolata
552 1692 657 1730 verba,
680 1703 742 1722 ima
761 1692 876 1730 fallace
901 1693 1082 1732 lacrymula,
1109 1702 1209 1731 quam,
1235 1692 1342 1722 leviter
1367 1692 1468 1721 oculos
1483 1689 1643 1728 flio-ando,
1665 1689 1720 1719 vix
1743 1688 1773 1719 vi

318 1736 509 1773 extraxerit,
532 1735 643 1766 delebit
658 1745 668 1770 ;
683 1738 712 1766 et
735 1738 765 1765 te
781 1735 845 1774 ipse
861 1739 967 1775 sponte
984 1737 1037 1765 tua
1053 1736 1148 1774 culpcz
1167 1744 1251 1764 reum
1266 1743 1378 1773 argues
1391 1735 1473 1773 apud
1488 1733 1584 1772 illam,
1599 1735 1628 1763 et
1642 1731 1773 1772 punien-

319 1780 392 1809 dum
401 1778 563 1819 praebebis.
608 1778 676 1810 Pu.
705 1778 734 1808 Ο
749 1779 868 1809 crudete
877 1776 1026 1816 factum!
1053 1778 1143 1808 Nunc
1157 1788 1214 1816 ego
1229 1781 1257 1808 et
1271 1777 1357 1807 ittam
1369 1776 1568 1808 deterrimam
1584 1784 1660 1815 esse,
1680 1777 1710 1805 et
1726 1784 1773 1805 me

925 1873 964 1884 ee
968 1873 1158 1884 ‘mereto-r

318 1943 363 1971 est
378 1942 509 1980 tempus,
525 1940 619 1971 etiam
634 1944 726 1980 atque
748 1941 842 1972 etiam
865 1941 920 1971 hoc
941 1941 1055 1980 cogita,
1082 1940 1268 1972 Hera—13
1294 1939 1398 1977 Lege,
1424 1947 1490 1968 eam
1515 1946 1592 1968 rem.
1615 1936 1775 1970 Vetuste.

317 1983 395 2014 Hoc
413 1988 515 2023 pacto
531 1993 571 2013 ex
590 1985 666 2014 laxo
684 1984 817 2014 densior
841 1983 877 2014 fit
903 1994 951 2015 vs,
978 1990 1013 2014 et
1038 1984 1188 2014 solidior.
1213 1983 1310 2014 Bent.
1355 1981 1395 2011 In
1414 1980 1492 2012 cod.
1505 1980 1546 2016 B,
1563 1979 1653 2010 inter
1669 1979 1774 2011 lineas

316 2036 394 2062 rem,
422 2031 459 2056 nt
489 2027 663 2064 omissum,
690 2036 807 2057 manus
834 2027 940 2057 serior
969 2026 1146 2067 ascripsi13
1172 2025 1231 2056 sed
1256 2024 1340 2055 nihil
1356 2022 1512 2064 equidem
1529 2025 1632 2062 muto,
1645 2031 1709 2053 nec
1727 2033 1774 2055 vs.

318 2068 475 2100 desidero
492 2070 694 2100 solidiorem.
718 2069 814 2100 Both.
861 2070 938 2100 Rem
954 2069 1056 2100 habet
1074 2069 1160 2100 GM.
1174 2069 1207 2099 in
1226 2072 1334 2099 textu.
1358 2067 1409 2097 Ex
1427 2075 1524 2097 versu
1540 2066 1603 2096 hoc
1618 2069 1654 2096 et
1669 2065 1775 2106 priori

319 2112 378 2143 Fa.
398 2111 481 2142 fecit
500 2122 613 2142 unum.
639 2113 811 2142 Perl.-22
835 2113 880 2142 Et
899 2112 1009 2142 versui
1033 2117 1068 2142 et
1094 2112 1274 2143 sententiae
1292 2108 1553 2151 gratificaberis,
1570 2108 1596 2138 si
1612 2108 1659 2138 sic
1676 2117 1775 2149 repo-

318 2164 379 2186 nas
393 2166 400 2185 :
427 2155 508 2185 Hoec
525 2156 613 2185 rerba
629 2165 664 2185 ea
680 2165 741 2185 ima
757 2154 838 2192 m.f.
858 2155 1030 2186 lacrimula.
1054 2156 1157 2186 Bent.
1172 2155 1273 2194 Vulg.
1289 2153 1449 2192 mehercle,
1470 2151 1583 2182 invitis
1594 2155 1679 2182 vett.
1695 2150 1775 2182 edd.

318 2199 471 2237 Donato,
488 2202 597 2229 metro
615 2197 780 2239 denique:
806 2207 879 2227 nam
899 2209 958 2228 una
976 2198 1150 2229 obscurari
1167 2197 1199 2227 in
1218 2196 1303 2227 thesi
1319 2195 1460 2237 (Legitur
1476 2199 1587 2225 autem
1603 2195 1694 2234 vulg.
1712 2204 1774 2226 una

317 2241 589 2281 meherclefalsa)‚
607 2241 745 2271 minime
763 2240 950 2272 ferendum.
976 2241 1074 2271 Both.
1092 2240 1148 2282 qui
1174 2240 1276 2280 igitur
1301 2239 1383 2279 legit
1398 2249 1405 2269 :
1432 2238 1513 2269 Hoec
1538 2237 1641 2276 verba,
1657 2237 1775 2268 meher-

316 2284 393 2322 cule,
409 2284 561 2321 anafatsa
577 2285 597 2314 l.
636 2284 689 2315 Al.
706 2285 825 2323 script.
838 2284 1104 2314 lactionum—23
1129 2284 1178 2314 M.
1196 2294 1220 2313 o.
1237 2283 1384 2321 tergendo
1399 2282 1517 2312 misere.
1538 2280 1593 2317 Tr.
1609 2289 1686 2310 cum
1702 2280 1776 2312 EV.

320 2329 348 2357 1.
365 2332 399 2356 et
419 2328 535 2366 paucis
551 2327 635 2365 aliis,
652 2328 765 2357 misera
781 2326 927 2357 liabent:
951 2327 1117 2366 quomodo
1136 2334 1170 2357 et
1199 2327 1351 2356 Donatus
1368 2324 1505 2355 videtur
1519 2323 1660 2362 legisse;
1685 2323 1774 2362 quod

318 2369 477 2399 conficias
500 2379 542 2400 ex
560 2370 630 2410 ejus
656 2370 789 2400 verbis:
817 2370 825 2385 ‘
845 2379 924 2405 non,
951 2371 1040 2400 ultro
1069 2368 1169 2406 flens,
1195 2368 1267 2406 sed,
1292 2368 1392 2398 oculos
1406 2367 1530 2397 terendo
1542 2365 1562 2395 :⁷
1587 2365 1643 2396 ubi
1669 2365 1776 2406 major

319 2413 488 2452 emphasis
505 2418 540 2444 et
564 2413 686 2451 αὔξησις
702 2411 826 2450 fuerat,
851 2413 877 2441 si
906 2412 1062 2451 dixisset,
1089 2413 1199 2442 misere
1225 2412 1361 2441 terendo.
1385 2409 1493 2440 West.
1540 2409 1630 2449 Lege
1653 2408 1776 2448 misera,

318 2465 385 2485 uon
402 2456 521 2486 misere.
555 2456 621 2487 Qui
637 2457 698 2486 hoc
716 2465 779 2485 non
797 2455 930 2494 probet,
955 2464 1071 2495 parum
1090 2455 1120 2484 in
1145 2454 1303 2485 Terentio
1328 2451 1487 2493 profecit.
1520 2450 1682 2483 Quamvis
1700 2451 1774 2481 Ser-

318 2498 392 2528 vius
421 2498 462 2528 ad
492 2498 566 2529 AEn.
585 2508 624 2528 11.
653 2502 725 2529 196.
750 2498 881 2532 miserm
905 2503 938 2528 et
964 2497 1094 2529 Charis.
1122 2507 1155 2537 p.
1174 2499 1246 2527 184.
1276 2496 1384 2526 misere
1410 2495 1462 2526 hic
1486 2498 1649 2535 exponat,
1674 2494 1774 2525 male.

317 2541 415 2571 Bent.
440 2540 540 2572 Both.
556 2542 667 2571 misera
683 2542 738 2571 via:
753 2550 802 2571 ecc.
836 2540 957 2571 Misera
973 2549 1106 2581 quoque
1123 2540 1243 2580 probat
1260 2537 1529 2569 Rulinken.-—24
1553 2537 1700 2567 Manent
1716 2537 1773 2567 Fa.

320 2583 363 2615 G.
384 2584 420 2614 F.
439 2584 528 2614 Mur.
544 2589 577 2613 et
595 2584 685 2622 Guy.
703 2583 868 2614 accusabit.
885 2582 998 2623 Atque
1021 2584 1069 2613 ita
1085 2583 1185 2614 estin
1202 2582 1331 2612 duobus
1350 2580 1468 2611 Leidd.
1485 2585 1519 2610 et
1537 2579 1717 2618 Lipsianis,
1731 2579 1776 2610 G.

320 2625 510 2666 [Bem.Br.
528 2627 628 2656 Both.
648 2626 704 2666 Z.]
726 2631 760 2656 et
784 2627 863 2657 EM.
887 2626 954 2657 Sed
980 2631 1014 2656 et
1037 2626 1084 2656 ita
1108 2626 1140 2656 in
1165 2635 1231 2656 uno
1255 2624 1330 2655 cod.
1355 2627 1495 2653 exarato
1513 2621 1650 2661 legebat
1666 2621 1775 2652 Boecl.

319 2669 434 2699 Minus
459 2673 569 2699 tamen
594 2674 765 2705 accurate,
788 2669 919 2708 opinor.
948 2669 1048 2701 lVest.
1084 2668 1253 2699 Accasabit
1280 2666 1385 2697 nostri
1411 2674 1536 2696 omnes.
1561 2664 1720 2695 Ceterum
1737 2669 1774 2695 tu

320 2712 369 2742 sic
395 2712 498 2742 verba
522 2712 683 2751 dispone:
709 2711 891 2749 Accusabit,
916 2715 945 2742 et
973 2711 1061 2742 dabis
1089 2711 1180 2742 Ultro
1203 2710 1232 2741 ei
1246 2719 1271 2741 s.
1295 2710 1398 2740 Bent.
1437 2710 1445 2726 ‘
1462 2707 1541 2746 Sic,'
1558 2706 1666 2747 inquit
1683 2707 1776 2738 Perl.

321 2755 330 2771 ‘
350 2754 408 2785 Er.
426 2754 518 2785 Mur.
539 2755 645 2785 West.
660 2754 702 2784 ob
716 2758 836 2785 struet.
853 2759 889 2784 et
904 2764 993 2784 sens.
1009 2753 1202 2792 verborum,
1226 2751 1412 2783 commode.
1437 2749 1493 2781 Al.
1509 2749 1775 2781 accusabit.’—25

320 2796 360 2827 Τὸ
377 2800 404 2827 et
422 2796 455 2828 in
472 2806 537 2828 om.
554 2797 631 2828 edd.
649 2807 703 2838 ap.
721 2807 780 2828 nos
798 2800 1024 2838 praeterquam
1040 2797 1142 2828 Both.
1161 2806 1208 2827 vs.
1225 2805 1296 2836 seq.
1320 2793 1540 2835 impin—26
1563 2792 1662 2824 Both.
1678 2792 1776 2825 Illanc
