1903 3306
383 246 470 288 196
944 257 1014 286 Jo.
1050 255 1268 287 LENGms

380 353 502 392 altera
519 352 659 398 brevis,
688 351 754 402 qui
782 351 945 389 maxime
977 350 1105 387 iambo
1138 347 1357 386 contrarius
1386 353 1459 387 est.
1517 348 1633 393 Quod
1663 348 1753 388 ideo
1772 350 1836 388 hic

380 417 502 454 obiter
521 428 674 461 moneo,
704 415 795 465 quia
827 415 964 451 Cicero
995 420 1034 450 et
1064 412 1330 455 Quintilianus
1360 412 1466 450 hunc
1490 411 1632 463 pedem
1652 412 1836 452 choreum

380 480 605 531 plerumque
625 478 838 530 appellant,
857 477 966 515 illum
982 482 1109 514 autem
1127 475 1290 513 alterum
1310 476 1433 513 tribus
1452 476 1632 514 brevibus
1652 483 1837 514 constan-

381 551 460 582 tem
480 543 694 581 trochaeum
714 548 878 580 vocant:
909 540 1144 579 contrarium
1163 552 1254 578 vero
1273 539 1367 577 facit
1389 539 1663 590 Hephaestion,
1693 546 1732 577 et
1755 540 1839 592 ple-

380 607 490 657 rique
511 605 773 657 grammatici;
804 617 903 655 quos
930 603 1018 642 ideo
1050 603 1260 654 sequimur,
1291 616 1340 641 ne
1362 616 1385 641 a
1408 615 1512 642 more
1531 609 1687 654 recepto
1707 603 1837 644 disce-

385 671 476 709 dere
496 670 710 708 videamur.

435 732 778 772 Proceleusmatici
797 732 954 784 quidem
974 731 1101 770 minus
1122 731 1342 782 frequenter
1362 737 1571 770 occurrunt
1585 743 1703 782 quam
1720 730 1839 769 ceteri

381 798 503 850 pedes
526 811 643 848 supra
662 798 875 844 memorati,
896 796 966 835 sed
988 809 1268 847 nonnunquam
1287 801 1417 833 tamen
1438 794 1700 834 adhibenturz
1727 800 1796 833 ut:

542 883 618 927 Qui
640 897 743 935 saepe
762 888 918 934 propter
936 881 1120 920 invidiam
1141 881 1320 920 adimunt
1338 880 1472 919 diviti:

383 971 525 1020 saepius
545 976 673 1006 autem
696 969 735 1005 in
754 968 879 1019 prima
899 967 1006 1013 sede,
1036 974 1075 1005 et
1107 968 1145 1004 in
1180 967 1226 1006 iis
1262 966 1497 1005 dictionibus
1518 979 1607 1018 quae
1627 965 1678 1006 ad
1697 966 1839 1007 flexum

383 1034 488 1072 vocis
510 1033 634 1084 magis
655 1031 1001 1071 accommodantur
1019 1045 1028 1070 :
1059 1039 1102 1070 ut
1120 1045 1128 1069 z

547 1119 607 1155 Ita
626 1117 793 1169 populus
816 1116 945 1155 studio
965 1117 1146 1168 stupidus
1167 1117 1205 1154 in
1226 1115 1465 1155 funambulo.

547 1182 707 1220 Minime
727 1181 908 1232 equidem
928 1194 989 1220 me
1010 1181 1215 1228 oblectavi,
1237 1194 1325 1232 quae
1344 1193 1433 1218 cum
1453 1180 1587 1220 milite.

387 1258 532 1301 Quinta
550 1270 640 1295 vero
661 1257 774 1294 sedes
805 1255 865 1294 vel
899 1255 1288 1307 proceleusmaticum
1320 1255 1382 1293 vel
1413 1255 1636 1308 tribrachyn
1665 1267 1751 1293 raro
1770 1253 1840 1293 ad·
1887 1282 1892 1286 -

384 1322 523 1364 mittit3
546 1335 594 1359 ne
613 1321 762 1359 scilicet
781 1321 921 1358 nimius
943 1321 994 1358 sit
1011 1320 1185 1358 brevium
1208 1319 1445 1372 syllabarum
1465 1307 1694 1367 concursus,
1709 1331 1838 1371 quern,

384 1400 506 1439 prope
525 1387 640 1424 finem
661 1398 809 1432 versus,
831 1398 942 1424 aures
963 1399 1040 1424 non
1062 1385 1178 1423 facile
1197 1385 1413 1435 patiuntur.

860 1495 933 1533 DE
971 1494 1369 1532 TETRAMETRIS.

439 1572 667 1610 Tetrametri
687 1584 756 1609 seu
774 1571 961 1610 octonarii
981 1576 1074 1608 sunt
1091 1570 1152 1608 vel
1172 1569 1340 1615 iambici,
1358 1569 1419 1608 vel
1439 1569 1639 1608 trochaici.
1689 1570 1839 1608 Rursus

383 1634 536 1674 iambici
555 1635 766 1673 tetrametri
786 1640 876 1672 sunt
895 1633 956 1671 vel
977 1633 1234 1679 acatalectici,
1269 1632 1329 1671 vel
1349 1633 1579 1672 catalectici.
1635 1634 1840 1672 Acatalec-

384 1701 449 1738 tici
470 1707 671 1745 vocantur,
700 1700 765 1750 qui
791 1699 940 1749 justam
974 1711 1195 1736 mensuram
1226 1704 1315 1736 octo
1346 1697 1488 1750 pedum
1509 1710 1661 1749 semper
1680 1698 1840 1746 habent,

386 1777 550 1814 quorum
570 1763 727 1802 ultimus
745 1769 805 1800 est
825 1763 999 1800 iambus:

494 1839 559 1876 Nil
579 1845 659 1876 tam
679 1838 834 1876 difficile
855 1845 928 1884 est,
949 1838 1043 1889 quin
1063 1837 1274 1889 quaerendo
1294 1838 1516 1889 investigari
1533 1839 1694 1889 possiet.

386 1925 545 1962 Iambici
574 1924 755 1962 catalecti
789 1924 871 1974 (qui
899 1931 937 1961 et
970 1930 1172 1961 scazontes
1206 1922 1402 1970 dicuntur)
1434 1929 1526 1960 sunt
1545 1922 1685 1973 quibus
1704 1922 1743 1959 in
1764 1921 1839 1960 fine

384 2001 463 2026 una
499 1987 609 2026 deest
639 1987 802 2038 syllaba,
834 1986 965 2025 sedem
999 1988 1202 2038 septimam
1239 1987 1318 2025 sive
1348 1986 1602 2038 penultimam
1622 1993 1840 2038 occupante

386 2053 538 2090 iambo:
570 2058 638 2088 ut:

431 2137 524 2175 Sala
549 2137 553 2187 Ι
579 2141 669 2174 tant
688 2135 741 2174 ad
763 2135 768 2187 Ι
794 2147 934 2173 coenam
960 2134 965 2186 Ι
990 2140 1126 2173 vocant
1152 2135 1156 2185 Ι
1181 2135 1302 2174 adven
1327 2135 1332 2186 Ι
1358 2140 1436 2173 tum
1454 2148 1533 2186 gra
1557 2133 1700 2186 fl'tulan
1726 2133 1732 2185 Ι
1759 2139 1836 2172 tur.

386 2225 430 2260 ln
451 2222 690 2260 catalecticis
712 2230 854 2266 tamen,
890 2219 995 2270 apud
1028 2220 1219 2257 comicum
1250 2228 1438 2264 nostrum,
1473 2231 1543 2270 pro
1571 2218 1699 2256 iambo
1733 2229 1837 2268 saepe

382 2287 538 2335 ponitur
553 2285 764 2337 spondaeus
779 2284 840 2321 vel
856 2283 1037 2334 dactylus
1058 2283 1094 2319 in
1115 2282 1206 2320 sede
1227 2282 1374 2334 penult.
1390 2282 1450 2320 vel
1468 2282 1584 2320 etiam
1598 2279 1836 2331 tribrachys:

387 2357 442 2395 ut,
465 2350 562 2388 Hec.
586 2363 637 2388 11.
659 2351 696 2386 2.

439 2426 562 2462 Novi:
593 2431 631 2462 et
650 2437 738 2474 quae
759 2423 854 2460 dicis
875 2423 1004 2459 omnia
1024 2434 1110 2459 esse
1132 2427 1173 2457 ut
1194 2419 1290 2458 dicis
1311 2419 1479 2458 animum
1496 2418 1654 2457 induco.

438 2490 489 2525 Et
508 2496 543 2526 te
563 2488 638 2526 hoc
659 2487 749 2525 mihi
770 2487 884 2537 cupio
904 2484 1075 2529 credere,
1096 2484 1200 2521 illam
1222 2483 1271 2520 ad
1288 2496 1356 2521 vos
1378 2482 1500 2520 redire
1521 2481 1675 2527 studeo,

435 2552 475 2588 Si
500 2552 624 2589 facere
640 2551 785 2602 possim
803 2550 882 2588 ullo
903 2548 1032 2586 modo.
1092 2547 1132 2585 L.
1166 2547 1265 2590 Quae
1286 2561 1345 2586 res
1366 2553 1404 2585 te
1421 2547 1547 2584 facere
1568 2545 1608 2583 id
1627 2543 1835 2596 prohibet?

383 2635 584 2674 Trochaici
605 2635 814 2672 tetrametri
836 2634 939 2684 apud
971 2634 1075 2671 hunc
1095 2639 1291 2671 auctorem
1312 2638 1403 2670 sunt
1422 2632 1647 2682 plerumque
1667 2629 1837 2668 catalec-·

384 2701 463 2743 tici,
493 2700 516 2735 i.
538 2712 572 2735 e.
606 2699 743 2748 quibus
765 2698 802 2734 in
824 2698 898 2735 fine
920 2710 997 2734 una
1023 2697 1136 2734 deest
1156 2697 1309 2748 syllaba
1329 2696 1469 2741 brevis,
1498 2707 1575 2746 quo
1594 2695 1720 2732 minus
1740 2706 1834 2732 con-

384 2771 487 2800 stent
507 2770 595 2801 octo
616 2761 738 2812 plenis
760 2761 938 2812 pedibus,
968 2773 1128 2811 quorum
1151 2760 1337 2811 septimus
1358 2766 1418 2797 est
1440 2758 1656 2797 trochaeus:
1687 2766 1750 2795 ut:
