1903 3306
340 209 426 250 200
904 220 973 250 Jo.
1010 219 1226 251 LENGms

346 315 430 351 Nec
451 326 473 351 a
493 314 640 352 ratione
661 314 827 352 sortasse
849 312 1018 352 alienum
1038 313 1244 360 videbitur,
1275 314 1306 352 si
1339 313 1491 366 syllaba
1514 321 1652 353 natura
1673 313 1797 354 brevis

344 377 551 425 interdum,
588 378 701 428 quasi
736 377 830 416 data
863 390 994 429 opera,
1027 377 1278 427 producatur,
1311 391 1388 428 quo
1422 378 1548 430 magis
1583 379 1800 430 emphatice

345 449 514 480 mentem
534 442 730 492 loquentis
751 442 953 493 exprimat.
1010 440 1075 478 Sic
1095 439 1251 478 Phorm.
1275 454 1316 480 v.
1338 443 1375 480 6.
1398 443 1462 479 75.

507 527 611 571 Quin
633 540 732 565 novo
754 526 870 565 modo
889 525 924 565 ei
943 526 1093 564 faceres
1114 524 1404 564 contumeliam.

348 612 436 656 Quo
467 612 505 650 in
537 600 625 651 Ideo
653 611 896 649 Phormionis
926 624 1105 662 personae
1126 610 1336 648 admodum
1357 610 1563 650 convenire
1584 611 1675 649 mihi
1696 611 1803 651 vide·

347 685 422 722 tur,
444 678 475 715 si
496 676 618 727 prima
637 675 788 727 syllaba
807 676 862 720 in,
882 689 997 722 novo,
1017 676 1164 714 comice
1184 675 1376 726 producta
1393 675 1456 713 sit.
1512 676 1696 727 Agnosco
1716 677 1800 727 qui-

348 741 436 779 dem
470 742 675 786 FaErnum,
707 746 750 777 ut
779 746 819 778 et
839 740 1040 786 Waseum,
1070 740 1183 777 aliter
1201 739 1306 777 hune
1325 752 1479 778 versum
1499 739 1638 787 metiri,
1666 753 1805 790 nempe

347 803 614 843 contrahendo
647 817 795 850 vocem,
824 817 940 850 novo,
970 804 1008 841 in
1044 817 1159 842 unam
1192 803 1397 855 syllabam,
1429 810 1468 842 et
1500 803 1661 854 primam
1683 803 1735 849 in,
1755 804 1805 850 ei,

346 868 624 921 producendo:
657 868 729 906 sed
750 869 833 906 haec
854 869 952 907 ratio
972 868 1193 919 impeditior
1212 867 1390 906 videtur:
1419 867 1525 918 quod
1546 867 1579 904 si
1597 867 1658 905 cui
1680 880 1806 918 neque

345 933 483 971 horum
500 945 625 983 neque
647 938 778 970 nostra
800 931 914 983 hujus
935 945 1069 969 versus
1090 931 1325 982 expediendi
1346 931 1443 969 ratio
1464 930 1631 982 placeat,
1650 944 1710 968 nae
1731 931 1804 969 iste

349 996 545 1034 turbatum
565 1009 588 1033 a
609 995 763 1034 Mureto
783 997 985 1034 verborum
1008 996 1196 1041 ordinem,
1216 1002 1352 1034 contra
1367 995 1537 1033 omnium
1554 995 1653 1034 Mss.
1675 995 1805 1041 fidem,

351 1060 382 1097 si
402 1059 507 1105 velit,
542 1060 811 1110 amplectatur.
870 1060 930 1097 Ita
949 1059 1049 1097 enim
1073 1059 1250 1097 Muretus
1271 1059 1393 1110 legit:

458 1145 570 1183 Novo
591 1145 708 1183 modo
730 1146 763 1184 ei
783 1146 874 1197 quin
892 1146 1039 1184 faceres
1060 1146 1315 1184 contumelias
1334 1159 1343 1183 ι

353 1241 436 1287 sed,
466 1254 515 1278 an
545 1241 631 1279 haec
652 1242 853 1280 verborum
885 1242 1090 1281 collocatio
1111 1249 1277 1280 venusta
1306 1242 1370 1290 sit,
1399 1241 1526 1280 doctis
1551 1240 1810 1292 judicandum

354 1305 544 1356 relinquo.

409 1368 508 1406 Cum
529 1376 677 1406 tantam
709 1368 842 1418 itaque
870 1368 1067 1406 licentiam
1099 1369 1170 1406 sibi
1206 1381 1485 1419 nonnunquam
1507 1368 1716 1406 sumserint
1735 1368 1813 1405 Co-

356 1432 457 1478 mici,
479 1439 523 1469 ut
553 1438 716 1470 metrum
739 1445 851 1469 suum
873 1431 922 1469 ad
957 1432 1183 1482 popularem
1219 1432 1405 1483 loquendi
1436 1445 1581 1469 morem
1602 1432 1727 1483 magis
1749 1444 1812 1469 ac-

356 1495 649 1534 commodarent
668 1509 679 1539 ;
710 1496 845 1532 mirum
866 1508 945 1532 non
966 1495 1037 1533 erit
1068 1496 1099 1532 si
1132 1495 1373 1546 frequentius
1405 1496 1481 1533 ista
1503 1495 1680 1533 libertate
1701 1501 1815 1532 utan-

357 1567 432 1606 tur,
452 1573 568 1611 quam
588 1561 649 1598 vel
669 1559 742 1610 ipsi
762 1558 946 1596 carminis
967 1558 1108 1596 heroici
1129 1559 1337 1609 scriptores
1370 1559 1442 1597 sibi
1465 1558 1658 1596 interdum
1679 1559 1817 1609 permi-

359 1631 506 1662 serunt.
563 1623 667 1661 Hinc
700 1637 737 1660 m
770 1622 885 1660 finale
905 1622 966 1660 vel
986 1622 1132 1660 vocalis
1157 1630 1248 1661 ante
1280 1622 1441 1661 alteram
1472 1623 1646 1661 vocalem
1678 1623 1718 1660 in
1753 1636 1815 1660 se-

360 1688 494 1739 quenti
515 1687 683 1725 dictione
705 1699 808 1736 saepe
829 1698 907 1723 non
929 1685 1107 1723 eliditurz
1138 1692 1207 1723 ut:

469 1774 554 1824 Ego
575 1786 662 1811 cum
683 1772 749 1810 illo
769 1784 939 1822 quocum
960 1779 1042 1808 tum
1067 1784 1146 1808 uno
1166 1784 1245 1808 rem
1265 1771 1454 1809 habebam
1473 1770 1641 1822 hospite.

468 1837 704 1875 Jamdudum
726 1843 763 1874 te
784 1842 899 1881 amat,
915 1835 1148 1887 jamdudum
1176 1835 1230 1872 illi
1251 1835 1365 1873 facile.
1387 1836 1441 1873 fit.

471 1902 555 1939 Eho
578 1914 666 1939 vero
687 1901 825 1939 laudas
847 1900 912 1951 qui
932 1900 1045 1937 heros
1067 1899 1236 1937 fallunt?
1265 1900 1302 1936 in
1326 1898 1435 1937 loco:

365 2000 436 2025 nec
457 1987 651 2038 euphonia
672 1999 743 2024 sua
762 1993 868 2024 caret
887 1987 971 2024 haec
993 1986 1165 2024 elisionis
1186 1986 1359 2024 omissio.

418 2051 570 2089 Initium
592 2063 748 2101 quoque
769 2050 967 2100 sequentis
992 2063 1124 2088 versus
1160 2062 1265 2101 saepe
1294 2050 1331 2086 in
1363 2048 1568 2087 scansione
1589 2042 1653 2085 fini
1675 2061 1821 2098 praece-

365 2114 494 2152 dentis
514 2114 800 2152 annectendum
821 2121 906 2152 est:
938 2121 1006 2151 ut:

475 2199 697 2244 Rationem,
719 2206 779 2236 est
798 2199 928 2237 hercle
949 2200 1092 2249 inepta,
1109 2212 1157 2236 ne
1178 2197 1304 2236 dicam
1327 2197 1431 2242 dolo,

474 2263 603 2313 Atque
625 2262 817 2300 absurda:
849 2262 975 2314 pisces
995 2269 1144 2300 ceteros
1167 2274 1305 2313 purga,
1329 2261 1489 2299 Dromo.

370 2360 396 2395 S
417 2358 532 2396 finale
564 2365 655 2397 ante
694 2372 907 2397 consonam
941 2371 1046 2410 saepe
1066 2358 1202 2405 exteri,
1236 2370 1314 2396 non
1335 2370 1432 2408 opus
1459 2361 1520 2394 est
1538 2362 1582 2394 ut
1601 2368 1823 2402 memorem,

370 2436 457 2460 cum
479 2436 606 2468 nemo,
626 2423 693 2473 qui
714 2423 966 2460 vetustiorum
988 2424 1191 2474 poetarum
1212 2421 1394 2472 reliquias
1415 2426 1556 2466 versat,
1581 2419 1656 2458 hoc
1685 2420 1826 2472 ubique

368 2487 446 2524 fere
466 2487 545 2523 fieri
567 2500 645 2524 non
669 2486 806 2524 videat.

425 2550 553 2600 Atque
574 2550 660 2588 haec
681 2550 728 2587 de
766 2550 1015 2587 Comicorum
1050 2549 1207 2587 licentia
1235 2548 1347 2601 quasi
1380 2548 1503 2586 obiter
1521 2547 1701 2598 attigisse
1721 2548 1830 2585 suffi—

374 2614 466 2652 ciat.
523 2613 600 2656 Qui
620 2613 731 2664 plura
751 2615 869 2664 cupit,
900 2613 1021 2651 Gabr.
1044 2614 1182 2650 Fa'e'rni
1201 2612 1491 2651 emendationes
1513 2610 1641 2656 adeat,
1661 2611 1826 2648 hominis

371 2679 410 2715 in
440 2677 514 2714 hoc
545 2690 684 2727 genere
724 2677 972 2714 versatissimi
990 2676 1005 2713 ?
1047 2677 1107 2714 vel
1143 2676 1235 2713 Chr.
1270 2675 1404 2712 Wasei
1441 2674 1626 2712 nostratis
1656 2673 1828 2727 libellum

377 2741 442 2791 qui
462 2740 644 2778 Senarius
665 2739 897 2785 inscribitur,
925 2739 1004 2777 sive
1028 2739 1076 2777 de
1097 2739 1249 2790 legibus
1269 2744 1308 2777 et
1326 2737 1484 2777 licentia
1502 2743 1673 2777 veterum
1694 2737 1812 2788 poeta
