1903 3306
307 225 392 266 284
798 237 838 265 P.
872 235 1113 266 TERENTH
1150 235 1265 265 Auru

307 327 422 369 Visa
441 333 508 369 est
525 342 536 381 ;
567 333 612 370 et
633 329 740 383 quia
761 333 853 371 erat
872 329 1014 370 forma
1031 334 1195 383 prae‘ter
1216 332 1383 370 ceteras
1698 327 1756 369 95

309 394 513 437 Honesta
530 401 570 438 et
587 397 757 438 liberali
776 411 787 449 ;
819 397 982 438 accedo
1005 397 1061 438 ad
1083 397 1356 456 pedjsgquas
1374 409 1384 447 ;

309 462 424 512 Quae
445 465 516 514 sit,
537 478 658 516 rogo.
718 466 920 506 Sororem
939 477 1038 506 esse
1059 465 1178 505 aiunt
1198 462 1441 516 Chrysidis.

307 531 533 572 Percussit
552 532 673 587 illico
695 533 908 573 animum:
940 531 1003 572 At
1022 532 1090 572 at!
1121 531 1208 572 hoc
1228 530 1341 571 illud
1361 530 1455 571 est!

309 598 429 639 Hinc
450 599 540 640 illae
561 587 788 653 lacrymae!
819 599 916 640 haec
938 599 1016 640 illa
1036 599 1091 639 'st
1111 598 1429 640 misericordia!
1483 596 1562 625 ‘⁷⁹³³’

267 669 271 675 “
309 666 388 707 So.
411 665 561 724 Qam
577 668 727 717 timeo,
747 679 957 720 qUQQm
980 666 1171 708 evadas!
1204 666 1270 707 S1.
1295 666 1447 724 Eunus
1467 665 1641 708 interim
1671 667 1756 720 100

309 733 539 775 Procedit:
571 734 817 788 sequimur:
850 735 906 775 ad
928 735 1174 788 sepulcrum
1196 734 1418 775 venimus:
1500 765 1503 771 2
1532 760 1534 763 v
1573 759 1578 766 ι
1683 750 1687 764 ⁵
1755 763 1758 765 Α
1807 746 1809 748 ·
1863 735 1903 821 7

309 801 364 842 In
384 802 528 853 ignem
548 802 763 854 imposita
783 801 864 843 ’stz
895 801 1034 843 fletur.
1096 801 1270 842 Interea
1288 802 1384 842 haec
1406 814 1540 851 soror,

311 867 456 917 Quam
478 869 588 918 dixi,
612 869 667 909 ad
688 870 909 910 flammam
931 870 1122 911 accessit
1142 869 1476 923 imprudentius,

310 935 428 976 Satis
450 948 549 976 cum
571 936 761 989 periclo:
793 937 855 977 ibi
876 941 964 978 tum
987 938 1267 978 exanimatus
1289 937 1550 991 Pamphilus

1787 521 1902 568 §ibo

310 1079 400 1108 quam
414 1073 534 1109 ceteroe,
547 1074 576 1101 et
591 1070 663 1110 quia
689 1071 744 1102 illa
766 1074 833 1102 crat
851 1071 959 1109 forma
973 1071 1106 1102 omnium
1127 1070 1360 1108 venustissima,
1386 1074 1417 1102 et
1440 1070 1576 1102 maxime
1598 1070 1758 1109 ingenua;

310 1113 417 1142 accedo
441 1114 482 1143 ad
504 1114 642 1151 ancillas,
658 1124 726 1153 quoe
751 1113 837 1144 illam
860 1114 1083 1154 sequebantur;
1106 1125 1173 1155 quoe
1190 1115 1243 1153 sit,
1267 1113 1304 1144 ab
1325 1114 1503 1154 hisquoero.
1548 1113 1693 1144 Sororem
1710 1121 1760 1143 re-

310 1156 459 1194 spondent
473 1165 538 1186 esse
555 1156 720 1196 Chrysidis
733 1157 898 1194 defunctae.
944 1157 1016 1187 Hoc
1038 1167 1213 1196 responsum
1233 1157 1316 1188 illico
1333 1156 1409 1187 mihi
1424 1157 1585 1187 commovit
1607 1155 1759 1186 animum.

309 1198 415 1237 Atat,
431 1208 543 1229 mecum
559 1199 707 1235 dicebam,
734 1200 805 1230 hinc
820 1200 883 1230 illoe
910 1199 1054 1240 lacrymoe
1071 1200 1228 1240 fluebant,
1253 1200 1318 1230 haec
1344 1209 1404 1238 res,
1428 1200 1483 1230 illa
1506 1208 1598 1230 causa
1622 1202 1680 1233 est,
1703 1205 1760 1228 cur

311 1240 496 1280 Pamphilus
510 1244 573 1271 tam
587 1242 737 1283 officiosus
762 1246 829 1272 erat
844 1243 877 1272 in
893 1243 1028 1272 curando
1036 1241 1152 1279 funere
1164 1253 1177 1280 ;
1198 1243 1263 1273 lroec
1287 1242 1437 1272 excitavit
1463 1242 1552 1272 illum
1575 1242 1616 1271 ad
1639 1243 1760 1272 tantam

311 1283 555 1314 misericordiam
574 1294 650 1321 erga
667 1285 861 1325 Chrysidem.
905 1285 965 1316 So.
992 1285 1093 1320 Quam
1107 1285 1212 1324 timeo,
1239 1286 1279 1315 ud
1292 1294 1379 1325 quem
1393 1284 1495 1325 finem
1516 1284 1662 1324 procedat
1688 1285 1761 1313 tuus

309 1325 358 1356 hic
373 1335 482 1357 sermo,
526 1327 575 1358 St.
598 1327 731 1358 Interim
756 1327 955 1367 exequiarum
974 1337 1085 1368 pompa
1104 1329 1320 1367 progreditur:
1342 1328 1509 1367 sequimur,
1533 1328 1573 1357 ad
1591 1325 1761 1366 sepulcrum

311 1369 459 1406 venimus,
474 1369 506 1399 in
521 1379 630 1408 rogum
654 1370 755 1409 posita
770 1373 826 1406 est,
846 1371 1033 1409 deploratur.
1077 1370 1204 1401 Interea
1226 1371 1291 1401 haec
1305 1379 1403 1408 soror,
1419 1371 1456 1400 de
1474 1379 1537 1409 qua
1549 1370 1668 1400 Iocutus
1680 1377 1761 1406 sum,

310 1412 351 1441 aa
356 1410 519 1451 flammam
533 1413 789 1453 appropinquavit
804 1412 1061 1444 inconsideratius
1070 1422 1082 1449 ‚·
1105 1413 1183 1444 satis
1197 1423 1264 1444 cum
1276 1413 1428 1453 periculo:
1453 1412 1497 1444 ibi
1512 1415 1585 1443 lunc
1599 1411 1759 1442 exanima-

920 1519 1155 1531 eeeeeeeeeeee

315 1589 413 1629 plane
431 1590 493 1629 legi
512 1591 544 1621 in
561 1590 635 1622 cod.
650 1590 716 1622 Gu.
734 1600 831 1632 quern
849 1590 938 1622 haud
952 1591 1048 1622 malae
1065 1595 1154 1622 notae
1173 1600 1247 1622 esse
1260 1593 1388 1622 censet.
1412 1589 1540 1620 Versus
1555 1590 1694 1619 94——96.
1712 1587 1761 1619 sic

315 1632 472 1663 diminuit
500 1633 662 1664 Bothius:
690 1634 768 1669 Quoe
780 1644 805 1665 c.
825 1645 865 1665 m.
884 1635 904 1664 l.
920 1645 952 1674 p.
968 1644 993 1664 c.
1016 1634 1054 1665 V.
1071 1637 1130 1673 est,
1145 1637 1187 1670 et,
1207 1644 1268 1673 qua
1283 1636 1362 1672 erat,
1377 1632 1496 1671 forma,
1512 1641 1574 1662 acc.
1592 1632 1633 1662 ad
1644 1631 1763 1671 ped.—

312 1678 353 1705 96
376 1676 422 1705 Ac
437 1676 488 1707 lib.
505 1675 621 1707 Guelf.
637 1679 667 1707 2.
713 1677 870 1716 Pedisseq.
888 1677 948 1707 ΒΓ.
965 1677 1050 1708 GM.
1068 1683 1103 1708 et
1118 1676 1174 1707 ed.
1193 1676 1372 1706 Perl.—98
1396 1674 1463 1707 Qui
1475 1674 1632 1705 Perculsit
1645 1672 1763 1704 defen-

315 1718 412 1757 duut,
439 1718 472 1748 in
501 1719 767 1749 Grammaticam
800 1724 956 1758 peccaut.
986 1720 1079 1750 West.
1126 1719 1271 1749 Percuss.
1305 1718 1430 1748 Donat.
1456 1721 1492 1748 et
1517 1721 1603 1748 vett.
1633 1724 1760 1746 omnes.

313 1761 415 1800 Vulg.
429 1761 587 1799 perculsit.
612 1761 710 1793 Lind.
742 1762 876 1793 Mutata
892 1767 944 1792 est
960 1762 1063 1792 lectio
1078 1761 1244 1801 [percuss]
1261 1761 1293 1791 in
1306 1761 1437 1800 perculs.
1455 1769 1552 1800 quam
1570 1758 1763 1799 rejecerunt

312 1802 388 1834 edd.
403 1803 510 1834 Bruns
521 1805 561 1835 ad
584 1804 643 1835 Br.
690 1805 776 1835 Post
792 1805 801 1822 ‘
816 1803 928 1834 anim.'
945 1804 1024 1835 add.
1049 1813 1146 1845 pavor
1159 1802 1273 1835 Guelf.
1290 1806 1320 1834 1.
1338 1803 1422 1834 Perl.
1465 1802 1559 1833 Attae
1576 1802 1649 1832 vult
1671 1801 1761 1833 Gov.
1801 1817 1804 1819 ·

308 1846 361 1876 hic
386 1851 421 1876 et
449 1847 626 1878 alim—99
650 1847 720 1877 Pro
738 1847 824 1877 Hinc
842 1848 916 1887 lege
936 1847 1025 1877 Haec.
1074 1847 1172 1884 Nam,
1197 1850 1426 1886 praeterquam
1452 1843 1541 1885 quod
1569 1849 1639 1875 tres
1661 1843 1762 1874 codd.

312 1889 360 1918 ita
373 1888 502 1928 legunt,
520 1890 618 1920 aliter
635 1899 749 1920 versus
763 1890 944 1920 sustentari
970 1889 1098 1929 nequit,
1123 1889 1186 1919 nisi
1210 1888 1427 1929 amplectaris
1444 1887 1665 1919 archaismum
1682 1886 1764 1917 Hoec

338 1940 385 1969 ro,
401 1931 474 1963 Hae.
499 1933 602 1963 Bent.
648 1932 730 1963 Hoec
745 1932 804 1963 dat
820 1933 924 1963 Both.
969 1933 1028 1962 Est
1056 1941 1116 1971 pro
1144 1931 1186 1962 'st
1213 1931 1273 1961 Br.
1300 1934 1336 1961 et
1361 1929 1572 1961 Bora—100
1596 1928 1763 1960 Priscian.

312 1941 397 2005 Post.
415 1975 534 2006 Gram.
555 1974 613 2005 lib.
633 1983 741 2006 xviii.
763 1976 885 2006 evadat.
908 1974 1123 2005 west—102
1147 1974 1227 2014 Imp.
1252 1974 1307 2004 Ita
1322 1973 1414 2004 edidi
1430 1982 1473 2004 ex
1499 1973 1582 2004 Mss.
1605 1971 1764 2014 quibusd.

314 2016 381 2046 Sed
398 2021 433 2048 et
449 2017 497 2048 ita
514 2018 685 2048 recensuit
707 2016 785 2048 olim
811 2016 983 2048 Heinsius.
1007 2017 1057 2047 Id.
1104 2017 1184 2056 Imp.
1211 2026 1284 2056 reg.
1312 2016 1387 2047 cod.
1413 2015 1508 2046 Lind.
1533 2015 1614 2054 Imp.
1631 2015 1709 2045 Bet
1725 2014 1765 2056 C.

315 2059 414 2090 Both.
457 2060 538 2099 Imp.
564 2060 663 2090 codd.
677 2060 795 2100 *nostri
813 2061 965 2100 plerique
979 2069 1094 2090 omnes
1110 2059 1246 2090 habent.
1264 2059 1387 2090 Recte.
1411 2058 1510 2089 Bent.
1555 2057 1637 2097 Imp.
1649 2054 1766 2087 defen-

314 2101 399 2132 dunt
417 2102 458 2133 R.
473 2103 518 2133 D.
566 2103 673 2133 Posita
688 2101 803 2134 Guelf.
821 2105 850 2134 1.
897 2103 956 2134 Est
975 2111 1036 2142 pro
1051 2101 1093 2132 ’st
1107 2102 1162 2133 ΒΓ.
1177 2102 1387 2133 Rota—1021
1411 2101 1538 2131 Etcum
1552 2100 1686 2141 periculo
1699 2099 1762 2130 Br.

312 2144 369 2174 ubi
394 2145 505 2175 Bruns
536 2150 655 2176 notat:
688 2146 697 2162 ‘
713 2145 798 2176 Haec
824 2146 906 2176 lect.
939 2149 991 2175 est
1017 2145 1164 2186 sequior.
1212 2144 1304 2175 Oiim
1328 2144 1417 2175 enim
1439 2143 1633 2183 legebatur,
1661 2146 1698 2172 ut
1721 2151 1765 2173 ex

315 2187 427 2227 spatio
442 2188 553 2219 liturae
571 2187 787 2229 vestigiisque
817 2188 971 2218 binarum
987 2187 1160 2219 literarum
1183 2196 1214 2217 ss
1237 2186 1361 2226 conjici
1379 2190 1507 2228 potest,
1535 2184 1639 2225 Satis,
1655 2192 1764 2226 neque

974 2294 1114 2326 NOTAE

362 2383 401 2411 95
428 2380 541 2411 Forma
552 2380 708 2420 Honesta]
725 2380 765 2411 Id
779 2384 842 2419 est,
855 2380 1013 2420 eleganti.
1069 2379 1158 2410 unde
1186 2379 1365 2419 deplorata
1391 2385 1534 2417 corpora
1557 2379 1766 2408 mortuorum

321 2431 447 2461 Horat.
473 2431 544 2463 Sat.
574 2434 605 2462 2.
636 2432 692 2462 lib.
723 2441 747 2463 1.
798 2433 806 2449 ‘
825 2432 959 2472 Neque,
987 2431 1014 2462 si
1069 2431 1241 2469 dicuutur,
1261 2427 1382 2469 quibus
1407 2427 1544 2458 ultimus
1560 2426 1672 2458 luctus
1688 2435 1765 2466 per-

321 2481 401 2522 quid
432 2481 561 2512 honesti
597 2486 661 2521 est,
687 2482 819 2523 Jactat,
847 2483 1015 2524 habetque
1069 2480 1196 2511 solutus
1226 2482 1291 2510 est.
1337 2478 1395 2516 Et,
1429 2486 1491 2517 per
1522 2477 1766 2516 metaphoram,

319 2532 449 2572 palam
468 2532 588 2572 quaerit
605 2542 671 2572 quo
688 2532 801 2572 turpia
817 2532 930 2564 velet)
1069 2529 1206 2561 morbus
1223 2528 1433 2568 deploratus,
1447 2527 1566 2567 aegroti
1583 2526 1766 2566 deplorati,

363 2585 405 2613 96
429 2582 473 2612 Et
512 2582 647 2622 liberali]
690 2583 746 2613 Sic
787 2583 927 2614 liberale
967 2583 1014 2613 in·
1070 2580 1191 2621 quibus
1221 2579 1313 2610 nulio
1341 2577 1493 2609 remedio
1523 2577 1674 2608 succurri
1707 2585 1765 2616 po·

321 2633 456 2673 genium
481 2632 619 2673 dicitur,
652 2633 758 2665 libero
784 2634 917 2665 homine
944 2634 1016 2675 dig·
1071 2634 1160 2661 test:
1199 2633 1235 2660 et
1276 2628 1454 2668 deplorata
1487 2627 1593 2666 Resp.
1631 2625 1665 2656 id
1700 2631 1767 2665 est,

322 2692 412 2713 num.
1069 2689 1200 2718 eversa,
1227 2678 1269 2710 de
1303 2687 1367 2720 qua
1395 2676 1479 2708 nihil
1512 2675 1660 2708 melioris
1690 2675 1764 2717 spei

365 2736 426 2764 102
451 2732 575 2772 Fletur]
623 2731 799 2764 Cadavere
834 2733 867 2763 in
897 2742 1015 2772 rogum
1069 2733 1231 2771 superest.

322 2782 502 2823 collocato,
528 2781 720 2814 deflebatur
745 2792 764 2814 a
793 2782 1013 2824 propinquis;
