1903 3306
349 223 434 265 302
845 233 884 262 P.
917 230 1159 261 'ruRssN'rii
1194 229 1310 260 Astu

351 330 470 381 Quia
491 329 597 371 olim
619 328 663 370 in
682 328 798 369 hune
821 332 925 369 sunt
947 326 1203 368 constitutae
1221 323 1414 378 nuptiae:
1448 326 1540 365 tum
1557 325 1702 364 autem
1718 319 1802 384 ligo

522 398 662 446 timet,
1788 377 1794 382 ’

351 465 624 523 Ν,ἑὶ,,ῥςξςι·ἃε
646 477 708 505 se.
752 463 838 504 ΡΑ.
871 462 1006 511 Hem,
1028 474 1164 514 egone
1186 461 1297 513 istuc
1319 459 1470 500 conari
1491 458 1679 512 queam?
1748 457 1805 499 35

352 532 447 586 Ego
466 520 645 586 propter
665 544 732 572 me
752 530 873 570 illam
895 529 1040 582 decipi
1062 512 1460 568 miseraifffsinam'?

353 600 470 651 Quae
492 599 597 640 mihi
620 611 743 640 suum
768 597 959 638 animum
982 599 1116 648 atque
1135 606 1303 635 omnem
1324 593 1463 634 vitam
1484 591 1694 643 credidit3

353 667 499 717 Quam
520 680 600 719 ego
623 667 769 706 animo
789 664 961 716 egregie
983 675 1129 703 earam
1150 675 1231 715 pro
1252 673 1388 702 uxore
1408 659 1662 711 habuerim

353 735 476 775 Bene
496 738 539 775 et
559 732 723 787 pudice
744 732 837 785 ejus
860 731 1036 771 doctum
1058 735 1193 782 atque
1213 727 1417 768 eductum
1441 727 1583 767 sinam

353 802 569 843 Coactum
589 803 785 853 egestate
807 798 1030 850 ingenium
1050 795 1318 837 immutarier
1331 796 1349 834 ¹?
1752 791 1808 833 40

352 870 455 911 Non
475 867 652 908 faciam.
713 864 816 905 MY.
849 864 987 904 Haud
1012 849 1301 913 vefe‘or,si‘in
1321 866 1367 902 te
1384 861 1481 902 solo
1500 861 1558 902 sit
1576 861 1708 902 situm
1727 873 1736 901 :

355 936 438 977 Sed
463 936 549 977 vim
569 938 615 975 ut
636 946 777 986 queas
797 932 920 972 ferre.
979 931 1068 971 ΡΑ.
1101 928 1276 971 Adeon’
1295 942 1365 969 me
1386 928 1594 981 ignavum
1615 929 1776 982 putas?

354 1001 524 1044 Adeon'
544 1014 677 1056 porro
699 1002 930 1053 ingratum,
950 1002 1025 1040 aut
1045 998 1344 1046 inhumanum,
1365 1001 1442 1037 aut
1462 995 1616 1045 ferum,

355 1071 417 1113 Ut
437 1083 583 1123 neque
603 1082 673 1110 me
697 1067 988 1116 consuetudo,
1009 1078 1151 1119 neque
1178 1077 1316 1113 amor,
1335 1075 1476 1117 neque
1495 1062 1641 1116 pudor

357 1139 659 1187 Commoveat,
680 1148 821 1189 neque
840 1136 1131 1183 commoneat,
1151 1137 1198 1174 ut
1219 1144 1389 1174 servem
1407 1130 1538 1171 fidem
1551 1131 1571 1170 ’.Ρ
1753 1130 1811 1170 45

353 1245 463 1282 partus
478 1241 630 1271 doloribus
645 1242 805 1280 torquetur
819 1250 829 1276 ,·
855 1243 899 1279 et,
913 1239 985 1280 quia
1001 1239 1075 1270 olim
1090 1239 1139 1269 hic
1161 1238 1226 1268 dies
1238 1236 1357 1277 nuptiis
1375 1236 1563 1267 constitutus
1577 1237 1633 1272 est,
1646 1235 1684 1265 de
1698 1233 1755 1264 huc
1776 1243 1810 1264 re

356 1285 452 1315 :maria
465 1285 551 1314 timet
565 1294 577 1320 ,·
601 1286 664 1313 tum
680 1286 782 1313 autem
797 1292 834 1312 ne
849 1284 971 1313 deseras
984 1291 1027 1312 se.
1072 1281 1138 1311 ΡΑ.
1164 1281 1260 1318 Hem,
1274 1289 1369 1317 egone
1382 1279 1469 1310 istud
1482 1278 1595 1318 possim
1606 1274 1738 1308 conari?
1754 1286 1810 1315 ego

356 1327 443 1357 illam
458 1326 602 1356 miseram
616 1328 742 1365 propter
762 1334 808 1355 me
824 1326 924 1365 decipi
937 1321 1070 1364 patiar?
1094 1333 1160 1363 quoe
1175 1323 1252 1354 mihi
1267 1321 1399 1362 affectas
1413 1321 1512 1352 animi
1527 1320 1576 1350 sui
1590 1323 1681 1358 atque
1693 1328 1812 1349 omnem

356 1370 453 1399 vitam
470 1369 641 1399 commisit.-
665 1377 755 1407 quam
781 1377 836 1405 ego
862 1371 979 1408 proeter
1003 1370 1120 1397 ceteras
1146 1367 1247 1396 animo
1264 1374 1328 1395 meo
1343 1365 1488 1395 dilectam
1503 1363 1565 1394 loco
1580 1361 1688 1392 uxoris
1702 1361 1813 1392 habue-

356 1411 428 1442 rim.
474 1412 583 1450 Egone
597 1411 697 1445 sinam
713 1410 777 1448 ejas
792 1410 961 1447 ingenium,
983 1409 1055 1439 bene
1071 1412 1100 1439 et
1113 1409 1224 1448 pudice
1239 1408 1420 1438 institutum
1432 1409 1526 1445 atque
1541 1405 1716 1442 educatum,
1730 1412 1813 1442 eges-

358 1457 425 1484 tate
439 1457 586 1487 coactum,
603 1454 665 1483 alia
681 1453 755 1483 vitoe
767 1453 886 1483 ratione
900 1452 1001 1483 minus
1023 1452 1148 1482 honesta
1162 1448 1348 1481 immutari?
1374 1450 1444 1480 Non
1459 1448 1594 1486 faciam.
1637 1446 1714 1477 MY.
1739 1447 1813 1476 Non

356 1497 390 1527 id
409 1496 512 1536 timeo,
526 1497 554 1526 si
569 1496 653 1527 istud
668 1495 700 1525 in
717 1498 771 1525 tua
787 1495 878 1525 unius
890 1497 1044 1535 potestate
1054 1494 1097 1525 sit
1110 1493 1245 1533 positum
1254 1502 1266 1528 ‚·
1281 1494 1333 1523 sed
1343 1491 1436 1522 timeo
1450 1494 1485 1522 ut
1499 1489 1677 1521 violentiam
1690 1488 1814 1528 paterni

357 1539 480 1578 imperii
504 1538 603 1578 possis
625 1537 787 1568 sustinere.
833 1537 902 1568 ΡΑ.
924 1537 1049 1568 Adeone
1071 1546 1118 1566 me
1142 1534 1374 1575 pusillanimum
1397 1537 1490 1574 putas
1512 1541 1589 1570 esse,
1611 1531 1725 1562 adeone
1747 1531 1813 1569 ejus

357 1581 535 1612 meritorum
547 1591 621 1618 erga
633 1589 680 1610 me
694 1580 911 1619 inmemorem,
927 1579 1139 1615 inhumanum,
1154 1582 1207 1608 aut
1211 1578 1321 1615 serum
1333 1588 1342 1607 .·
1365 1579 1400 1607 ut
1413 1584 1508 1616 neque
1522 1584 1570 1605 me
1577 1573 1815 1612 familiaritatis

359 1623 541 1664 conjunctio,
563 1632 657 1663 neque
678 1631 777 1662 amor,
799 1632 894 1662 neque
910 1622 1011 1662 pudor
1034 1621 1186 1661 impellat,
1209 1623 1238 1651 et
1259 1620 1432 1660 admoueat,
1455 1621 1489 1648 ut
1502 1625 1690 1658 perseverem
1703 1615 1812 1656 infide

968 1703 1203 1715 eeeeeeeee

361 1771 405 1804 de
418 1772 543 1813 aliquo,
557 1781 599 1802 ex
616 1780 650 1801 re
668 1771 792 1811 aliqua.
837 1770 886 1800 Ut
904 1772 1029 1806 autem,
1051 1768 1138 1809 quod
1164 1767 1284 1806 sentio,
1308 1766 1431 1806 dicam,
1452 1765 1614 1797 videntur
1629 1764 1710 1796 mihi
1724 1765 1814 1796 male

362 1816 534 1846 cohaerere
549 1825 588 1845 ex
603 1815 657 1845 hoc
672 1818 700 1845 et
721 1814 815 1851 Quia,
840 1812 866 1843 si
885 1813 991 1852 tegas,
1016 1816 1054 1841 ut
1070 1815 1122 1841 est
1140 1811 1172 1840 in
1193 1810 1353 1850 vulgatis,
1375 1819 1414 1840 ex
1430 1809 1485 1839 hoc
1497 1808 1610 1839 misera
1624 1807 1746 1838 solicita
1761 1807 1813 1847 ἐι,

360 1859 442 1889 diem
460 1858 553 1892 Quia.
601 1858 715 1888 Quare
733 1856 838 1892 edidi,
857 1855 905 1885 uti
933 1854 1058 1884 dudum
1086 1853 1255 1883 recensuit
1278 1851 1451 1888 Heinsius,
1472 1861 1512 1882 ex
1535 1851 1591 1881 hoc
1609 1851 1722 1881 misera
1743 1850 1815 1880 solz·-

360 1901 424 1931 cita
439 1900 476 1930 'st
491 1901 554 1938 die,
568 1900 662 1935 Quia.
694 1898 808 1939 Atque
825 1898 870 1928 ita
887 1895 1010 1927 Leidd.
1028 1905 1155 1932 omnes,
1170 1900 1237 1925 tum
1254 1895 1303 1925 M.
1320 1900 1356 1925 et
1374 1894 1411 1924 F.
1429 1894 1471 1924 V.
1486 1895 1581 1924 1490.
1599 1892 1740 1932 aliaeque
1759 1901 1814 1922 ve-

362 1947 476 1974 tustae.
514 1943 588 1973 Nisi
606 1941 693 1982 quod
708 1940 828 1972 Leidd.
845 1949 929 1970 unus
945 1939 1083 1978 repetit,
1101 1937 1184 1971 Quia
1199 1937 1272 1967 olim
1287 1937 1319 1967 in
1332 1937 1409 1968 hunc
1425 1936 1516 1966 diem.
1534 1935 1640 1966 West.
1664 1935 1706 1965 G.
1722 1935 1815 1965 diem.

364 1986 448 2020 Quia
463 1985 548 2023 olim,
564 1985 614 2023 ὅγε.
660 1983 712 2014 Ιιί.
728 1984 761 2013 in
779 1982 868 2013 Add.
914 1982 968 2012 Sic
986 1982 1044 2011 ΒΥ.
1062 1980 1100 2011 Z.
1119 1980 1210 2010 Peri,
1235 1979 1336 2010 Both.
1381 1978 1445 2008 Die
1461 1986 1535 2008 esse
1552 1977 1585 2007 in
1601 1975 1716 2009 Guelf.
1732 1979 1762 2008 1.
1779 1981 1816 2007 et

361 2028 397 2058 in
414 2031 444 2058 3.
465 2029 498 2058 in
513 2028 592 2057 diem
607 2031 721 2056 monet
739 2026 916 2055 Ferte—34
941 2023 971 2054 A
988 2023 1155 2061 institam,
1171 2022 1290 2061 opinor
1305 2031 1347 2051 ex
1364 2020 1452 2051 male
1468 2019 1645 2051 intellecto
1658 2029 1715 2050 con
1730 2028 1818 2059 prae-

362 2070 544 2111 positionis
560 2068 771 2108 compendio.
795 2067 977 2098 Rom—35
1003 2065 1043 2095 In
1058 2066 1113 2095 Tr.
1130 2065 1268 2104 legitur,
1282 2065 1401 2102 Egone,
1415 2063 1495 2100 hem,
1509 2071 1604 2102 egone
1618 2062 1698 2092 istuc
1712 2061 1817 2092 conari

363 2121 484 2152 queam.
528 2111 595 2142 Sed
612 2111 704 2151 prius
725 2111 830 2149 Egone
847 2110 934 2139 linea
950 2108 1092 2148 trajecta
1111 2108 1273 2139 deletum.
1314 2106 1400 2136 Tum
1417 2105 1591 2142 continuo,
1608 2103 1712 2143 Egon’
1726 2113 1817 2144 prop-

364 2159 412 2185 ter
439 2164 496 2185 mc.
542 2153 642 2186 Quod
669 2153 835 2193 posterius
853 2161 917 2182 non
935 2150 1106 2190 displicet.
1153 2150 1247 2181 Citat
1263 2149 1364 2179 etiam
1380 2157 1422 2178 ex
1437 2147 1506 2178 Ms-
1522 2146 1814 2186 Lindenbrogius:

363 2202 399 2227 et
415 2195 526 2237 reperi
543 2196 575 2227 iu
594 2195 714 2226 Leidd.
732 2194 898 2225 omnibus.
920 2194 1109 2224 West.—3ss
1133 2192 1263 2223 Omnes
1290 2190 1398 2221 nostri
1426 2188 1525 2221 codd.
1553 2188 1655 2228 Egon’
1678 2192 1816 2229 propter.

364 2240 493 2277 Recte3
519 2243 556 2269 ut
584 2248 681 2268 versu
705 2237 920 2278 praecedente
947 2238 956 2252 ‘
978 2234 1110 2276 egone.'
1133 2235 1230 2265 Bent.
1277 2234 1369 2272 Egon
1384 2233 1443 2263 ΒΥ.
1487 2231 1588 2271 Egon’
1605 2231 1706 2262 Both.
1723 2231 1816 2262 Peri.

365 2281 484 2322 Decepi
502 2280 618 2311 Guelf.
635 2282 753 2312 2.—38
779 2279 918 2318 Egregia
940 2279 990 2308 Μ.
1019 2278 1116 2307 West.
1161 2277 1271 2316 Vuigo
1298 2285 1359 2316 pro
1375 2278 1488 2310 autem,
1517 2273 1606 2313 quod
1635 2283 1694 2304 nos
1719 2282 1815 2313 repo-

365 2325 506 2363 suimus,
532 2323 658 2363 legitur
682 2321 803 2353 animo:
828 2321 888 2351 sed
914 2320 1020 2361 friget
1051 2320 1125 2358 hoc,
1153 2320 1344 2359 praesertim
1371 2326 1448 2348 eum
1477 2316 1578 2348 modo
1603 2316 1817 2347 habuerimus

365 2368 375 2383 ‘
393 2365 562 2397 animum.'
586 2366 682 2396 Both.
736 2364 776 2394 In
807 2362 922 2394 Guelf.
952 2366 982 2393 1.
1005 2363 1038 2392 in
1063 2363 1264 2392 anima—39
1300 2360 1475 2391 Nutritum
1508 2368 1584 2399 pro,
1614 2358 1815 2389 educatum:

368 2409 486 2440 Glossae
501 2408 557 2438 τοῦ
573 2408 633 2439 Br.
683 2407 798 2437 Litera
814 2415 910 2436 erasa
926 2406 1015 2436 inter
1041 2415 1056 2434 c
1081 2408 1118 2435 et.
1141 2408 1153 2434 t
1179 2404 1329 2434 ostendit
1355 2402 1434 2434 olim
1459 2401 1508 2432 sic
1532 2402 1564 2432 in
1587 2401 1664 2432 cod.
1687 2402 1816 2432 lectum

365 2451 482 2482 fuisse.
508 2451 628 2481 anns.
673 2449 752 2488 Ejus
781 2448 971 2478 redundat:
997 2447 1108 2477 versui
1136 2447 1223 2476 enim
1252 2444 1358 2476 officit
1384 2450 1418 2475 et
1443 2443 1624 2475 venustati.
1648 2443 1815 2474 Gom—»11

372 2494 497 2524 Vereor.
526 2494 565 2523 tt.
591 2500 710 2522 verear.
737 2491 836 2521 Lind.
882 2490 1044 2529 Plerique
1071 2499 1114 2520 ex
1141 2488 1264 2519 nostris
1291 2496 1410 2525 verear,
1433 2491 1468 2517 et
1495 2485 1573 2526 duo,
1591 2486 1626 2517 in
1641 2489 1671 2517 te
1686 2487 1728 2516 sit
1743 2487 1817 2523 solo,

367 2546 466 2576 quau}
485 2537 563 2565 lect.
581 2539 616 2565 et
632 2534 783 2564 ordinem
800 2532 957 2574 praefero.
981 2533 1077 2562 Beni.
1126 2531 1240 2562 Verear
1257 2531 1351 2561 Perl.
1368 2529 1558 2560 Both—42
1583 2529 1724 2559 Numeri
1742 2538 1817 2568 gra-

367 2580 416 2609 tia
433 2586 572 2617 repone,
586 2576 646 2606 Ser!
662 2579 695 2606 ut
711 2576 773 2606 vim
788 2576 985 2614 queasferre.
1029 2575 1154 2605 Adeone
1169 2583 1216 2604 me
1228 2573 1376 2612 ignavum
1389 2569 1503 2612 putas?
1526 2572 1629 2601 Bent.
1663 2570 1817 2611 Sequun-

368 2626 425 2651 tut·
441 2620 543 2651 Both.
561 2619 737 2650 perh—43
763 2619 868 2657 Lege,
886 2619 1007 2648 Adeone
1020 2626 1112 2656 porro
1128 2616 1301 2654 ingratum,
1317 2614 1528 2650 inhumanum,
1547 2612 1680 2651 serum?
1703 2623 1745 2644 ne
1763 2623 1818 2644 ac-

369 2668 491 2694 centus
517 2662 549 2692 in
573 2661 723 2700 repetito
746 2660 863 2690 Adeon’
890 2660 1059 2696 varietur3
1082 2662 1117 2688 et
1143 2656 1394 2697 Asyndetornm
1417 2655 1573 2686 celeritas
1590 2657 1673 2686 arei
1697 2661 1819 2686 natura

371 2705 572 2746 postulatur.
600 2705 694 2734 b'eul.
740 2702 878 2742 Accipit
906 2702 1007 2733 Bou».
1032 2706 1069 2731 ut
1097 2705 1133 2731 et
1161 2700 1253 2731 Peri,
1269 2700 1332 2730 nisi
1349 2698 1437 2739 quod
1455 2699 1513 2728 dat
1527 2697 1743 2730 Adeon'.—44
1767 2698 1817 2729 M.

371 2748 578 2780 ηιαηειιειιιάο.
606 2747 799 2777 Νομι-ἰίὸ
827 2746 933 2784 Neque
961 2754 1036 2775 com.
1064 2744 1193 2774 omittit
1218 2743 1274 2774 ΒΓ.
1322 2742 1429 2774 Notat
1447 2741 1575 2772 Bruns:
1599 2742 1606 2758 ‘
1627 2741 1716 2773 Edu.
1740 2740 1818 2773 add.
