<?xml version="1.0" encoding="UTF-8"?>
<!DOCTYPE html PUBLIC "-//W3C//DTD XHTML 1.0 Transitional//EN"
    "http://www.w3.org/TR/xhtml1/DTD/xhtml1-transitional.dtd">
<html xmlns="http://www.w3.org/1999/xhtml" xml:lang="en" lang="en">
 <head>
  <title>
</title>
<meta http-equiv="Content-Type" content="text/html;charset=utf-8" />
  <meta name='ocr-system' content='tesseract 3.04.00' />
  <meta name='ocr-capabilities' content='ocr_page ocr_carea ocr_par ocr_line ocrx_word'/>
</head>
<body>
  <div class='ocr_page' id='page_1' title='image "./pubterentiiafric01tereuoft/pubterentiiafric01tereuoft_0219.png"; bbox 0 0 1903 3306; ppageno 0'>
   <div class='ocr_carea' id='block_1_1' title="bbox 548 247 1545 288">
    <p class='ocr_par' dir='ltr' id='par_1_1' title="bbox 548 247 1545 288">
     <span class='ocr_line' id='line_1_1' title="bbox 548 247 1545 288; baseline 0 -1"><span class='ocrx_word' id='word_1_1' title='bbox 548 257 609 287; x_wconf 76' lang='lat' dir='ltr'><strong>DE</strong></span> <span class='ocrx_word' id='word_1_2' title='bbox 646 256 832 287; x_wconf 75' lang='lat' dir='ltr'>METRIS</span> <span class='ocrx_word' id='word_1_3' title='bbox 867 256 1080 288; x_wconf 70' lang='lat' dir='ltr'><strong>comicis.</strong></span> <span class='ocrx_word' id='word_1_4' title='bbox 1459 247 1545 287; x_wconf 76' lang='lat'>:209</span> 
     </span>
    </p>
   </div>
   <div class='ocr_carea' id='block_1_2' title="bbox 126 349 1548 819">
    <p class='ocr_par' dir='ltr' id='par_1_2' title="bbox 128 349 1314 393">
     <span class='ocr_line' id='line_1_2' title="bbox 128 349 1314 393; baseline -0.004 -7"><span class='ocrx_word' id='word_1_5' title='bbox 128 352 507 387; x_wconf 64' lang='lat' dir='ltr'><strong>Redeunti-interea:</strong></span> <span class='ocrx_word' id='word_1_6' title='bbox 519 362 561 384; x_wconf 85' lang='lat' dir='ltr'><strong>ex</strong></span> <span class='ocrx_word' id='word_1_7' title='bbox 579 352 670 393; x_wconf 83' lang='lat' dir='ltr'><strong>ip-sa</strong></span> <span class='ocrx_word' id='word_1_8' title='bbox 687 361 722 383; x_wconf 90' lang='lat' dir='ltr'><strong>re</strong></span> <span class='ocrx_word' id='word_1_9' title='bbox 735 352 747 393; x_wconf 77' lang='grc' dir='ltr'><strong>ΙΙ</strong></span> <span class='ocrx_word' id='word_1_10' title='bbox 759 351 824 383; x_wconf 78' lang='lat' dir='ltr'><strong>mihi</strong></span> <span class='ocrx_word' id='word_1_11' title='bbox 839 350 976 383; x_wconf 86' lang='lat' dir='ltr'><strong>inci-dit</strong></span> <span class='ocrx_word' id='word_1_12' title='bbox 993 349 1178 391; x_wconf 77' lang='lat' dir='ltr'><strong>snzspici⁰</strong></span> <span class='ocrx_word' id='word_1_13' title='bbox 1193 360 1200 382; x_wconf 75' lang='grc' dir='ltr'><strong><em>ε</em></strong></span> <span class='ocrx_word' id='word_1_14' title='bbox 1225 350 1314 391; x_wconf 85' lang='lat' dir='ltr'><strong>hem,</strong></span> 
     </span>
    </p>

    <p class='ocr_par' dir='ltr' id='par_1_3' title="bbox 127 404 1319 446">
     <span class='ocr_line' id='line_1_3' title="bbox 127 404 1319 446; baseline -0.003 -8"><span class='ocrx_word' id='word_1_15' title='bbox 127 408 292 439; x_wconf 81' lang='lat' dir='ltr'><strong>Paululum</strong></span> <span class='ocrx_word' id='word_1_16' title='bbox 303 424 314 431; x_wconf 93' lang='lat'><strong>·</strong></span> <span class='ocrx_word' id='word_1_17' title='bbox 325 404 510 437; x_wconf 74' lang='lat' dir='ltr'><strong>obs0n¹::</strong></span> <span class='ocrx_word' id='word_1_18' title='bbox 536 406 627 446; x_wconf 85' lang='lat' dir='ltr'><strong>ipsus</strong></span> <span class='ocrx_word' id='word_1_19' title='bbox 643 424 654 429; x_wconf 98' lang='lat'>-</span> <span class='ocrx_word' id='word_1_20' title='bbox 670 404 776 436; x_wconf 89' lang='lat' dir='ltr'><strong>tristis</strong></span> <span class='ocrx_word' id='word_1_21' title='bbox 792 406 821 446; x_wconf 72' lang='lat' dir='ltr'><strong>ss:</strong></span> <span class='ocrx_word' id='word_1_22' title='bbox 850 404 886 435; x_wconf 73' lang='lat' dir='ltr'><strong>de</strong></span> <span class='ocrx_word' id='word_1_23' title='bbox 902 404 1102 445; x_wconf 88' lang='lat' dir='ltr'><strong>impro-viso</strong></span> <span class='ocrx_word' id='word_1_24' title='bbox 1114 412 1156 435; x_wconf 74' lang='lat' dir='ltr'><strong><em>z</em></strong></span> <span class='ocrx_word' id='word_1_25' title='bbox 1170 404 1295 444; x_wconf 81' lang='lat' dir='ltr'><strong>nuptiae</strong></span> <span class='ocrx_word' id='word_1_26' title='bbox 1312 414 1319 434; x_wconf 82' lang='lat' dir='ltr'><strong><em>z</em></strong></span> 
     </span>
    </p>

    <p class='ocr_par' dir='ltr' id='par_1_4' title="bbox 126 456 1544 544">
     <span class='ocr_line' id='line_1_4' title="bbox 126 456 1544 498; baseline -0.003 -6"><span class='ocrx_word' id='word_1_27' title='bbox 126 460 206 492; x_wconf 88' lang='lat' dir='ltr'><strong>Non</strong></span> <span class='ocrx_word' id='word_1_28' title='bbox 231 459 480 491; x_wconf 84' lang='lat' dir='ltr'><strong>co-haerent:.</strong></span> <span class='ocrx_word' id='word_1_29' title='bbox 526 459 592 490; x_wconf 72' lang='grc' dir='ltr'><strong>ΡΑ.</strong></span> <span class='ocrx_word' id='word_1_30' title='bbox 617 457 1022 498; x_wconf 61' lang='lat' dir='ltr'><strong>Quorsumnam-istucn?</strong></span> <span class='ocrx_word' id='word_1_31' title='bbox 1067 457 1138 488; x_wconf 68' lang='lat' dir='ltr'><strong>DA.</strong></span> <span class='ocrx_word' id='word_1_32' title='bbox 1163 457 1235 497; x_wconf 88' lang='lat' dir='ltr'><strong>Ego</strong></span> <span class='ocrx_word' id='word_1_33' title='bbox 1251 456 1544 488; x_wconf 68' lang='lat' dir='ltr'><strong>ine-continuo:</strong></span> 
     </span>
     <span class='ocr_line' id='line_1_5' title="bbox 174 512 422 544; baseline -0.008 0"><span class='ocrx_word' id='word_1_34' title='bbox 174 512 217 544; x_wconf 87' lang='lat' dir='ltr'><strong>ad</strong></span> <span class='ocrx_word' id='word_1_35' title='bbox 233 512 422 544; x_wconf 87' lang='lat' dir='ltr'><strong>Chremem.</strong></span> 
     </span>
    </p>

    <p class='ocr_par' dir='ltr' id='par_1_5' title="bbox 129 561 1442 603">
     <span class='ocr_line' id='line_1_6' title="bbox 129 561 1442 603; baseline -0.003 -6"><span class='ocrx_word' id='word_1_36' title='bbox 129 565 226 598; x_wconf 86' lang='lat' dir='ltr'><strong>Nihil</strong></span> <span class='ocrx_word' id='word_1_37' title='bbox 243 565 430 602; x_wconf 80' lang='lat' dir='ltr'><strong>or-nati:‚</strong></span> <span class='ocrx_word' id='word_1_38' title='bbox 453 564 537 595; x_wconf 80' lang='lat' dir='ltr'>nihil</span> <span class='ocrx_word' id='word_1_39' title='bbox 562 562 721 595; x_wconf 68' lang='lat' dir='ltr'><strong>tu-multi.</strong></span> <span class='ocrx_word' id='word_1_40' title='bbox 739 561 902 603; x_wconf 64' lang='lat' dir='ltr'><strong>acuccssiz</strong></span> <span class='ocrx_word' id='word_1_41' title='bbox 927 561 1215 602; x_wconf 71' lang='lat' dir='ltr'><strong>intro-aspezxi.</strong></span> <span class='ocrx_word' id='word_1_42' title='bbox 1261 561 1328 593; x_wconf 76' lang='grc' dir='ltr'><strong>ΡΑ.</strong></span> <span class='ocrx_word' id='word_1_43' title='bbox 1352 562 1442 593; x_wconf 86' lang='lat' dir='ltr'><strong>Scio.</strong></span> 
     </span>
    </p>

    <p class='ocr_par' dir='ltr' id='par_1_6' title="bbox 128 616 1488 660">
     <span class='ocr_line' id='line_1_7' title="bbox 128 616 1488 660; baseline -0.003 -9"><span class='ocrx_word' id='word_1_44' title='bbox 128 620 296 660; x_wconf 81' lang='lat' dir='ltr'><strong>Magnum</strong></span> <span class='ocrx_word' id='word_1_45' title='bbox 309 637 322 643; x_wconf 94' lang='lat'>-</span> <span class='ocrx_word' id='word_1_46' title='bbox 334 619 465 659; x_wconf 84' lang='lat' dir='ltr'><strong>signum</strong></span> <span class='ocrx_word' id='word_1_47' title='bbox 476 627 530 649; x_wconf 76' lang='lat' dir='ltr'><strong>z.</strong></span> <span class='ocrx_word' id='word_1_48' title='bbox 576 618 644 648; x_wconf 73' lang='lat' dir='ltr'><strong>DA.</strong></span> <span class='ocrx_word' id='word_1_49' title='bbox 670 617 760 648; x_wconf 86' lang='lat' dir='ltr'><strong>Num</strong></span> <span class='ocrx_word' id='word_1_50' title='bbox 778 616 952 648; x_wconf 86' lang='lat' dir='ltr'><strong>vi-dentur</strong></span> <span class='ocrx_word' id='word_1_51' title='bbox 963 617 976 658; x_wconf 77' lang='grc' dir='ltr'><strong>ΙΙ</strong></span> <span class='ocrx_word' id='word_1_52' title='bbox 990 616 1183 647; x_wconf 70' lang='lat' dir='ltr'><strong>conve-nire</strong></span> <span class='ocrx_word' id='word_1_53' title='bbox 1197 617 1270 648; x_wconf 84' lang='lat' dir='ltr'><strong>haec</strong></span> <span class='ocrx_word' id='word_1_54' title='bbox 1282 622 1324 648; x_wconf 70' lang='grc' dir='ltr'><strong>Ξ</strong></span> <span class='ocrx_word' id='word_1_55' title='bbox 1336 617 1462 657; x_wconf 73' lang='lat' dir='ltr'><strong>nuptiis</strong></span> <span class='ocrx_word' id='word_1_56' title='bbox 1477 618 1488 647; x_wconf 85' lang='lat'><em>?</em></span> 
     </span>
    </p>

    <p class='ocr_par' dir='ltr' id='par_1_7' title="bbox 130 670 1548 712">
     <span class='ocr_line' id='line_1_8' title="bbox 130 670 1548 712; baseline -0.003 -9"><span class='ocrx_word' id='word_1_57' title='bbox 130 672 198 704; x_wconf 73' lang='grc' dir='ltr'><strong>ΡΑ.</strong></span> <span class='ocrx_word' id='word_1_58' title='bbox 223 672 632 712; x_wconf 76' lang='lat' dir='ltr'><strong>Non‚o—pin0r·.-.Dave.</strong></span> <span class='ocrx_word' id='word_1_59' title='bbox 677 671 745 701; x_wconf 79' lang='lat' dir='ltr'><strong>DA.</strong></span> <span class='ocrx_word' id='word_1_60' title='bbox 771 670 962 710; x_wconf 73' lang='lat' dir='ltr'><strong>0-pinorss‚</strong></span> <span class='ocrx_word' id='word_1_61' title='bbox 986 670 1154 700; x_wconf 57' lang='grc' dir='ltr'><strong>Μῆτις-ἓ</strong></span> <span class='ocrx_word' id='word_1_62' title='bbox 1178 679 1244 700; x_wconf 89' lang='lat' dir='ltr'><strong>non</strong></span> <span class='ocrx_word' id='word_1_63' title='bbox 1260 670 1548 710; x_wconf 60' lang='lat' dir='ltr'><strong>recte-taccipis.</strong></span> 
     </span>
    </p>

    <p class='ocr_par' dir='ltr' id='par_1_8' title="bbox 132 722 1396 764">
     <span class='ocr_line' id='line_1_9' title="bbox 132 722 1396 764; baseline -0.004 -7"><span class='ocrx_word' id='word_1_64' title='bbox 132 725 260 756; x_wconf 86' lang='lat' dir='ltr'><strong>Certa·</strong></span> <span class='ocrx_word' id='word_1_65' title='bbox 273 734 327 756; x_wconf 91' lang='lat' dir='ltr'><strong>res</strong></span> <span class='ocrx_word' id='word_1_66' title='bbox 344 729 469 756; x_wconf 66' lang='grc' dir='ltr'><strong>θεῖς-,τ</strong></span> <span class='ocrx_word' id='word_1_67' title='bbox 495 724 599 755; x_wconf 83' lang='lat' dir='ltr'><strong>etiam</strong></span> <span class='ocrx_word' id='word_1_68' title='bbox 613 740 626 746; x_wconf 88' lang='lat'>-</span> <span class='ocrx_word' id='word_1_69' title='bbox 640 729 765 763; x_wconf 82' lang='lat' dir='ltr'><strong>puerum</strong></span> <span class='ocrx_word' id='word_1_70' title='bbox 782 723 859 753; x_wconf 88' lang='lat' dir='ltr'><strong>inde</strong></span> <span class='ocrx_word' id='word_1_71' title='bbox 871 724 884 764; x_wconf 72' lang='grc' dir='ltr'>Η</span> <span class='ocrx_word' id='word_1_72' title='bbox 898 722 1013 753; x_wconf 80' lang='lat' dir='ltr'><strong>abiens</strong></span> <span class='ocrx_word' id='word_1_73' title='bbox 1027 740 1037 747; x_wconf 94' lang='lat'>-</span> <span class='ocrx_word' id='word_1_74' title='bbox 1051 722 1211 753; x_wconf 85' lang='lat' dir='ltr'><strong>conve-ni</strong></span> <span class='ocrx_word' id='word_1_75' title='bbox 1229 722 1396 761; x_wconf 55' lang='lat' dir='ltr'><strong>Chremi&#39;c,</strong></span> 
     </span>
    </p>

    <p class='ocr_par' dir='ltr' id='par_1_9' title="bbox 133 775 1308 819">
     <span class='ocr_line' id='line_1_10' title="bbox 133 775 1308 819; baseline -0.003 -9"><span class='ocrx_word' id='word_1_76' title='bbox 133 778 233 810; x_wconf 78' lang='lat' dir='ltr'><strong>Oleta</strong></span> <span class='ocrx_word' id='word_1_77' title='bbox 249 782 306 810; x_wconf 90' lang='lat' dir='ltr'><strong>et·</strong></span> <span class='ocrx_word' id='word_1_78' title='bbox 322 778 544 819; x_wconf 73' lang='lat' dir='ltr'><strong>piscicuzios</strong></span> <span class='ocrx_word' id='word_1_79' title='bbox 560 778 721 808; x_wconf 84' lang='lat' dir='ltr'><strong>mi-nutos</strong></span> <span class='ocrx_word' id='word_1_80' title='bbox 734 777 746 817; x_wconf 80' lang='grc' dir='ltr'><strong>ΙΙ</strong></span> <span class='ocrx_word' id='word_1_81' title='bbox 760 776 846 807; x_wconf 68' lang='lat' dir='ltr'><strong>ferre</strong></span> <span class='ocrx_word' id='word_1_82' title='bbox 861 776 954 807; x_wconf 92' lang='lat' dir='ltr'><strong>obol⁰</strong></span> <span class='ocrx_word' id='word_1_83' title='bbox 965 776 1024 806; x_wconf 90' lang='lat' dir='ltr'><strong>-in</strong></span> <span class='ocrx_word' id='word_1_84' title='bbox 1041 783 1211 807; x_wconf 70' lang='lat' dir='ltr'><strong>caeznam</strong></span> <span class='ocrx_word' id='word_1_85' title='bbox 1225 775 1308 807; x_wconf 89' lang='lat' dir='ltr'><strong>seni.</strong></span> 
     </span>
    </p>
   </div>
   <div class='ocr_carea' id='block_1_3' title="bbox 91 841 457 880">
    <p class='ocr_par' dir='ltr' id='par_1_10' title="bbox 91 841 457 880">
     <span class='ocr_line' id='line_1_11' title="bbox 91 841 457 880; baseline 0 -1"><span class='ocrx_word' id='word_1_86' title='bbox 91 842 142 880; x_wconf 86' lang='lat' dir='ltr'><strong>Et</strong></span> <span class='ocrx_word' id='word_1_87' title='bbox 161 841 262 879; x_wconf 87' lang='lat' dir='ltr'><strong>Eun.</strong></span> <span class='ocrx_word' id='word_1_88' title='bbox 279 855 313 879; x_wconf 85' lang='lat' dir='ltr'><strong>v.</strong></span> <span class='ocrx_word' id='word_1_89' title='bbox 335 842 372 879; x_wconf 88' lang='grc'><strong>8.</strong></span> <span class='ocrx_word' id='word_1_90' title='bbox 393 843 457 879; x_wconf 88' lang='grc'><strong>45.</strong></span> 
     </span>
    </p>
   </div>
   <div class='ocr_carea' id='block_1_4' title="bbox 131 908 1466 1163">
    <p class='ocr_par' dir='ltr' id='par_1_11' title="bbox 132 908 1464 1003">
     <span class='ocr_line' id='line_1_12' title="bbox 132 908 1464 952; baseline -0.002 -10"><span class='ocrx_word' id='word_1_91' title='bbox 132 911 230 945; x_wconf 85' lang='lat' dir='ltr'><strong>Quod</strong></span> <span class='ocrx_word' id='word_1_92' title='bbox 245 910 304 942; x_wconf 85' lang='lat' dir='ltr'><strong>des</strong></span> <span class='ocrx_word' id='word_1_93' title='bbox 317 928 330 936; x_wconf 84' lang='lat'><em>-</em></span> <span class='ocrx_word' id='word_1_94' title='bbox 343 910 499 952; x_wconf 77' lang='lat' dir='ltr'><strong>paululum</strong></span> <span class='ocrx_word' id='word_1_95' title='bbox 511 918 554 941; x_wconf 72' lang='lat' dir='ltr'><strong><em>z</em></strong></span> <span class='ocrx_word' id='word_1_96' title='bbox 568 913 631 948; x_wconf 85' lang='lat' dir='ltr'><strong>est,</strong></span> <span class='ocrx_word' id='word_1_97' title='bbox 648 914 798 940; x_wconf 80' lang='lat' dir='ltr'><strong>ne-cesse</strong></span> <span class='ocrx_word' id='word_1_98' title='bbox 814 914 866 939; x_wconf 82' lang='lat' dir='ltr'><strong>est</strong></span> <span class='ocrx_word' id='word_1_99' title='bbox 880 909 892 950; x_wconf 84' lang='grc' dir='ltr'><strong>ΙΙ</strong></span> <span class='ocrx_word' id='word_1_100' title='bbox 907 908 1030 940; x_wconf 80' lang='lat' dir='ltr'><strong>multum</strong></span> <span class='ocrx_word' id='word_1_101' title='bbox 1045 909 1220 949; x_wconf 83' lang='lat' dir='ltr'><strong>ac-eipcre</strong></span> <span class='ocrx_word' id='word_1_102' title='bbox 1235 916 1279 941; x_wconf 72' lang='grc' dir='ltr'><strong>Σ·-</strong></span> <span class='ocrx_word' id='word_1_103' title='bbox 1290 909 1464 948; x_wconf 76' lang='lat' dir='ltr'>Thaidem,</span> 
     </span>
     <span class='ocr_line' id='line_1_13' title="bbox 135 962 1208 1003; baseline -0.003 -7"><span class='ocrx_word' id='word_1_104' title='bbox 135 965 182 996; x_wconf 88' lang='lat' dir='ltr'><strong>Ut</strong></span> <span class='ocrx_word' id='word_1_105' title='bbox 197 968 248 995; x_wconf 74' lang='grc' dir='ltr'><strong>ῐιι0</strong></span> <span class='ocrx_word' id='word_1_106' title='bbox 265 963 437 995; x_wconf 78' lang='lat' dir='ltr'><strong>a-mori:</strong></span> <span class='ocrx_word' id='word_1_107' title='bbox 451 963 690 1003; x_wconf 80' lang='lat' dir='ltr'><strong>suppedi-tare</strong></span> <span class='ocrx_word' id='word_1_108' title='bbox 701 963 713 1002; x_wconf 69' lang='grc' dir='ltr'>Η</span> <span class='ocrx_word' id='word_1_109' title='bbox 726 962 832 1002; x_wconf 63' lang='lat' dir='ltr'><strong>possit</strong></span> <span class='ocrx_word' id='word_1_110' title='bbox 844 979 856 984; x_wconf 96' lang='lat'>-</span> <span class='ocrx_word' id='word_1_111' title='bbox 872 962 944 992; x_wconf 84' lang='lat' dir='ltr'><strong>sine</strong></span> <span class='ocrx_word' id='word_1_112' title='bbox 962 967 1114 993; x_wconf 73' lang='lat' dir='ltr'><strong>sumztu</strong></span> <span class='ocrx_word' id='word_1_113' title='bbox 1140 968 1208 994; x_wconf 88' lang='lat' dir='ltr'><strong>tuo.</strong></span> 
     </span>
    </p>

    <p class='ocr_par' dir='ltr' id='par_1_12' title="bbox 131 1004 1466 1163">
     <span class='ocr_line' id='line_1_14' title="bbox 131 1004 1391 1057; baseline -0.002 -9"><span class='ocrx_word' id='word_1_114' title='bbox 131 1017 188 1048; x_wconf 86' lang='lat' dir='ltr'><strong>Ad</strong></span> <span class='ocrx_word' id='word_1_115' title='bbox 204 1017 311 1048; x_wconf 64' lang='lat' dir='ltr'><strong>omnia</strong></span> <span class='ocrx_word' id='word_1_116' title='bbox 322 1036 333 1042; x_wconf 93' lang='lat'>-</span> <span class='ocrx_word' id='word_1_117' title='bbox 346 1017 418 1048; x_wconf 85' lang='lat' dir='ltr'><strong>haec</strong></span> <span class='ocrx_word' id='word_1_118' title='bbox 436 1017 591 1056; x_wconf 80' lang='lat' dir='ltr'><strong>magis:</strong></span> <span class='ocrx_word' id='word_1_119' title='bbox 602 1021 827 1057; x_wconf 83' lang='lat' dir='ltr'><strong>oppor-tnnus</strong></span> <span class='ocrx_word' id='word_1_120' title='bbox 842 1015 866 1056; x_wconf 65' lang='lat' dir='ltr'><strong>fl,</strong></span> <span class='ocrx_word' id='word_1_121' title='bbox 884 1024 946 1045; x_wconf 85' lang='lat' dir='ltr'><strong>nec</strong></span> <span class='ocrx_word' id='word_1_122' title='bbox 963 1015 1067 1055; x_wconf 77' lang='lat' dir='ltr'><strong>magis</strong></span> <span class='ocrx_word' id='word_1_123' title='bbox 1081 1033 1092 1039; x_wconf 95' lang='lat'><em>-</em></span> <span class='ocrx_word' id='word_1_124' title='bbox 1105 1025 1147 1046; x_wconf 83' lang='lat' dir='ltr'><strong>ex</strong></span> <span class='ocrx_word' id='word_1_125' title='bbox 1165 1024 1269 1047; x_wconf 67' lang='lat'>11:511</span> <span class='ocrx_word' id='word_1_126' title='bbox 1287 1020 1358 1054; x_wconf 84' lang='lat' dir='ltr'><strong>tuo,</strong></span> <span class='ocrx_word' id='word_1_127' title='bbox 1386 1004 1391 1010; x_wconf 51' lang='lat'>¹</span> 
     </span>
     <span class='ocr_line' id='line_1_15' title="bbox 134 1061 1466 1111; baseline -0.001 -9"><span class='ocrx_word' id='word_1_128' title='bbox 134 1070 240 1102; x_wconf 90' lang='lat' dir='ltr'><strong>Nem⁰</strong></span> <span class='ocrx_word' id='word_1_129' title='bbox 254 1074 325 1101; x_wconf 89' lang='lat' dir='ltr'><strong>est:</strong></span> <span class='ocrx_word' id='word_1_130' title='bbox 340 1088 350 1094; x_wconf 96' lang='lat'>-</span> <span class='ocrx_word' id='word_1_131' title='bbox 365 1069 530 1111; x_wconf 69' lang='lat' dir='ltr'><strong>principio</strong></span> <span class='ocrx_word' id='word_1_132' title='bbox 541 1078 583 1100; x_wconf 75' lang='lat' dir='ltr'><strong><em>z</em></strong></span> <span class='ocrx_word' id='word_1_133' title='bbox 597 1074 630 1100; x_wconf 89' lang='lat' dir='ltr'><strong>et</strong></span> <span class='ocrx_word' id='word_1_134' title='bbox 647 1069 748 1099; x_wconf 85' lang='lat' dir='ltr'><strong>habet</strong></span> <span class='ocrx_word' id='word_1_135' title='bbox 763 1087 773 1093; x_wconf 97' lang='lat'>-</span> <span class='ocrx_word' id='word_1_136' title='bbox 787 1068 877 1109; x_wconf 90' lang='lat' dir='ltr'><strong>quod</strong></span> <span class='ocrx_word' id='word_1_137' title='bbox 895 1069 951 1099; x_wconf 85' lang='lat' dir='ltr'><strong>det</strong></span> <span class='ocrx_word' id='word_1_138' title='bbox 966 1069 997 1109; x_wconf 71' lang='lat' dir='ltr'><strong>H:</strong></span> <span class='ocrx_word' id='word_1_139' title='bbox 1024 1074 1058 1099; x_wconf 88' lang='lat' dir='ltr'><strong>et</strong></span> <span class='ocrx_word' id='word_1_140' title='bbox 1075 1069 1158 1100; x_wconf 86' lang='lat' dir='ltr'><strong>dat·</strong></span> <span class='ocrx_word' id='word_1_141' title='bbox 1172 1061 1321 1100; x_wconf 77' lang='lat' dir='ltr'><strong>nemo:</strong></span> <span class='ocrx_word' id='word_1_142' title='bbox 1332 1070 1466 1108; x_wconf 77' lang='lat' dir='ltr'><strong>largius,</strong></span> 
     </span>
     <span class='ocr_line' id='line_1_16' title="bbox 133 1121 1360 1163; baseline 0 -9"><span class='ocrx_word' id='word_1_143' title='bbox 133 1123 260 1154; x_wconf 77' lang='lat' dir='ltr'><strong>Fatuus</strong></span> <span class='ocrx_word' id='word_1_144' title='bbox 277 1141 288 1147; x_wconf 99' lang='lat'>-</span> <span class='ocrx_word' id='word_1_145' title='bbox 301 1126 364 1163; x_wconf 87' lang='lat' dir='ltr'><strong>est,</strong></span> <span class='ocrx_word' id='word_1_146' title='bbox 387 1122 574 1154; x_wconf 78' lang='lat' dir='ltr'><strong>iuzsulsus</strong></span> <span class='ocrx_word' id='word_1_147' title='bbox 588 1140 614 1163; x_wconf 87' lang='lat'><strong>-‚</strong></span> <span class='ocrx_word' id='word_1_148' title='bbox 640 1121 756 1152; x_wconf 88' lang='lat' dir='ltr'><strong>tardus</strong></span> <span class='ocrx_word' id='word_1_149' title='bbox 774 1121 801 1163; x_wconf 77' lang='lat' dir='ltr'><strong>ss,</strong></span> <span class='ocrx_word' id='word_1_150' title='bbox 824 1122 937 1152; x_wconf 80' lang='lat' dir='ltr'><strong>stertit</strong></span> <span class='ocrx_word' id='word_1_151' title='bbox 952 1139 963 1146; x_wconf 92' lang='lat'>-</span> <span class='ocrx_word' id='word_1_152' title='bbox 977 1127 1205 1163; x_wconf 66' lang='lat' dir='ltr'><strong>noctesque:</strong></span> <span class='ocrx_word' id='word_1_153' title='bbox 1223 1128 1258 1154; x_wconf 93' lang='lat' dir='ltr'><strong>et</strong></span> <span class='ocrx_word' id='word_1_154' title='bbox 1275 1123 1360 1155; x_wconf 77' lang='lat' dir='ltr'><strong>dies.</strong></span> 
     </span>
    </p>
   </div>
   <div class='ocr_carea' id='block_1_5' title="bbox 93 1191 503 1243">
    <p class='ocr_par' dir='ltr' id='par_1_13' title="bbox 93 1191 503 1243">
     <span class='ocr_line' id='line_1_17' title="bbox 93 1191 503 1243; baseline -0.002 -12"><span class='ocrx_word' id='word_1_155' title='bbox 93 1194 143 1231; x_wconf 91' lang='lat' dir='ltr'><strong>Et</strong></span> <span class='ocrx_word' id='word_1_156' title='bbox 158 1191 324 1243; x_wconf 87' lang='lat' dir='ltr'>Adelph.</span> <span class='ocrx_word' id='word_1_157' title='bbox 342 1204 382 1229; x_wconf 88' lang='lat' dir='ltr'><strong>v.</strong></span> <span class='ocrx_word' id='word_1_158' title='bbox 404 1194 446 1230; x_wconf 84' lang='lat'><strong>4.</strong></span> <span class='ocrx_word' id='word_1_159' title='bbox 467 1193 503 1230; x_wconf 92' lang='lat'><strong>1.</strong></span> 
     </span>
    </p>
   </div>
   <div class='ocr_carea' id='block_1_6' title="bbox 99 1265 1565 2554">
    <p class='ocr_par' dir='ltr' id='par_1_14' title="bbox 137 1265 1427 1308">
     <span class='ocr_line' id='line_1_18' title="bbox 137 1265 1427 1308; baseline 0 -10"><span class='ocrx_word' id='word_1_160' title='bbox 137 1267 297 1308; x_wconf 76' lang='lat' dir='ltr'><strong>Nunquam</strong></span> <span class='ocrx_word' id='word_1_161' title='bbox 313 1267 361 1298; x_wconf 86' lang='lat' dir='ltr'><strong>ita</strong></span> <span class='ocrx_word' id='word_1_162' title='bbox 373 1268 572 1308; x_wconf 80' lang='lat' dir='ltr'><strong>-quisquam</strong></span> <span class='ocrx_word' id='word_1_163' title='bbox 585 1275 627 1298; x_wconf 73' lang='grc' dir='ltr'><strong>Ξ</strong></span> <span class='ocrx_word' id='word_1_164' title='bbox 641 1266 728 1298; x_wconf 82' lang='lat' dir='ltr'><strong>bene</strong></span> <span class='ocrx_word' id='word_1_165' title='bbox 744 1265 926 1297; x_wconf 83' lang='lat' dir='ltr'><strong>sub-ducta</strong></span> <span class='ocrx_word' id='word_1_166' title='bbox 940 1266 953 1307; x_wconf 74' lang='grc' dir='ltr'>Η</span> <span class='ocrx_word' id='word_1_167' title='bbox 965 1266 1092 1297; x_wconf 62' lang='lat' dir='ltr'><strong>ratione</strong></span> <span class='ocrx_word' id='word_1_168' title='bbox 1104 1284 1114 1290; x_wconf 93' lang='lat'>-</span> <span class='ocrx_word' id='word_1_169' title='bbox 1129 1266 1170 1298; x_wconf 85' lang='lat' dir='ltr'><strong>ad</strong></span> <span class='ocrx_word' id='word_1_170' title='bbox 1190 1266 1334 1298; x_wconf 75' lang='lat' dir='ltr'><strong>viztam</strong></span> <span class='ocrx_word' id='word_1_171' title='bbox 1352 1266 1427 1307; x_wconf 80' lang='lat' dir='ltr'><strong>fuit,</strong></span> 
     </span>
    </p>

    <p class='ocr_par' dir='ltr' id='par_1_15' title="bbox 137 1319 1287 1361">
     <span class='ocr_line' id='line_1_19' title="bbox 137 1319 1287 1361; baseline 0.001 -11"><span class='ocrx_word' id='word_1_172' title='bbox 137 1319 228 1354; x_wconf 81' lang='lat' dir='ltr'><strong>Quin</strong></span> <span class='ocrx_word' id='word_1_173' title='bbox 247 1330 301 1352; x_wconf 87' lang='lat' dir='ltr'><strong>res</strong></span> <span class='ocrx_word' id='word_1_174' title='bbox 311 1338 336 1360; x_wconf 87' lang='lat'><strong>-,</strong></span> <span class='ocrx_word' id='word_1_175' title='bbox 351 1324 490 1359; x_wconf 75' lang='lat' dir='ltr'><strong>aetasz,</strong></span> <span class='ocrx_word' id='word_1_176' title='bbox 507 1330 586 1351; x_wconf 85' lang='lat' dir='ltr'><strong>usus</strong></span> <span class='ocrx_word' id='word_1_177' title='bbox 603 1338 613 1344; x_wconf 89' lang='lat'>-</span> <span class='ocrx_word' id='word_1_178' title='bbox 625 1330 760 1361; x_wconf 81' lang='lat' dir='ltr'><strong>semper</strong></span> <span class='ocrx_word' id='word_1_179' title='bbox 773 1321 785 1361; x_wconf 79' lang='grc' dir='ltr'>Η</span> <span class='ocrx_word' id='word_1_180' title='bbox 797 1320 924 1360; x_wconf 79' lang='lat' dir='ltr'><strong>aliquid</strong></span> <span class='ocrx_word' id='word_1_181' title='bbox 937 1338 947 1345; x_wconf 88' lang='lat'><strong>·</strong></span> <span class='ocrx_word' id='word_1_182' title='bbox 962 1325 1166 1360; x_wconf 72' lang='lat' dir='ltr'><strong>apporztet</strong></span> <span class='ocrx_word' id='word_1_183' title='bbox 1187 1322 1262 1351; x_wconf 84' lang='lat' dir='ltr'><strong>novi</strong></span> <span class='ocrx_word' id='word_1_184' title='bbox 1280 1334 1287 1360; x_wconf 89' lang='lat'>;</span> 
     </span>
    </p>

    <p class='ocr_par' dir='ltr' id='par_1_16' title="bbox 136 1362 1347 1414">
     <span class='ocr_line' id='line_1_20' title="bbox 136 1362 1347 1414; baseline 0 -10"><span class='ocrx_word' id='word_1_185' title='bbox 136 1372 279 1414; x_wconf 84' lang='lat' dir='ltr'><strong>Aliquid</strong></span> <span class='ocrx_word' id='word_1_186' title='bbox 293 1393 305 1401; x_wconf 91' lang='lat'><em>-</em></span> <span class='ocrx_word' id='word_1_187' title='bbox 316 1378 453 1405; x_wconf 88' lang='lat' dir='ltr'><strong>moneat</strong></span> <span class='ocrx_word' id='word_1_188' title='bbox 464 1383 521 1412; x_wconf 74' lang='lat' dir='ltr'><strong>z,</strong></span> <span class='ocrx_word' id='word_1_189' title='bbox 544 1362 582 1404; x_wconf 78' lang='lat' dir='ltr'><strong>ut</strong></span> <span class='ocrx_word' id='word_1_190' title='bbox 604 1374 663 1404; x_wconf 73' lang='lat' dir='ltr'><strong>&#39;illa</strong></span> <span class='ocrx_word' id='word_1_191' title='bbox 675 1390 686 1396; x_wconf 95' lang='lat'>-</span> <span class='ocrx_word' id='word_1_192' title='bbox 700 1383 775 1414; x_wconf 85' lang='lat' dir='ltr'><strong>quae</strong></span> <span class='ocrx_word' id='word_1_193' title='bbox 794 1373 848 1414; x_wconf 72' lang='lat' dir='ltr'><strong>tel!</strong></span> <span class='ocrx_word' id='word_1_194' title='bbox 861 1373 948 1404; x_wconf 79' lang='lat' dir='ltr'><strong>scire</strong></span> <span class='ocrx_word' id='word_1_195' title='bbox 961 1363 972 1398; x_wconf 56' lang='grc' dir='ltr'>ἒ</span> <span class='ocrx_word' id='word_1_196' title='bbox 986 1374 1104 1404; x_wconf 86' lang='lat' dir='ltr'><strong>credas</strong></span> <span class='ocrx_word' id='word_1_197' title='bbox 1114 1382 1168 1413; x_wconf 74' lang='lat' dir='ltr'><strong>z,</strong></span> <span class='ocrx_word' id='word_1_198' title='bbox 1192 1375 1323 1406; x_wconf 76' lang='lat' dir='ltr'><strong>nescias</strong></span> <span class='ocrx_word' id='word_1_199' title='bbox 1339 1386 1347 1413; x_wconf 91' lang='lat'>;</span> 
     </span>
    </p>

    <p class='ocr_par' dir='ltr' id='par_1_17' title="bbox 138 1425 1354 1469">
     <span class='ocr_line' id='line_1_21' title="bbox 138 1425 1354 1469; baseline 0.001 -11"><span class='ocrx_word' id='word_1_200' title='bbox 138 1427 184 1458; x_wconf 82' lang='lat' dir='ltr'><strong>Et</strong></span> <span class='ocrx_word' id='word_1_201' title='bbox 199 1437 276 1469; x_wconf 86' lang='lat' dir='ltr'><strong>qnae</strong></span> <span class='ocrx_word' id='word_1_202' title='bbox 290 1445 303 1451; x_wconf 92' lang='lat'><em>-</em></span> <span class='ocrx_word' id='word_1_203' title='bbox 319 1427 381 1458; x_wconf 86' lang='lat' dir='ltr'><strong>tibi</strong></span> <span class='ocrx_word' id='word_1_204' title='bbox 399 1426 574 1467; x_wconf 74' lang='lat' dir='ltr'><strong>puztaris</strong></span> <span class='ocrx_word' id='word_1_205' title='bbox 588 1426 729 1466; x_wconf 76' lang='lat' dir='ltr'><strong>-prim³‚</strong></span> <span class='ocrx_word' id='word_1_206' title='bbox 745 1425 776 1456; x_wconf 90' lang='lat' dir='ltr'><strong>in</strong></span> <span class='ocrx_word' id='word_1_207' title='bbox 791 1427 804 1466; x_wconf 77' lang='lat'><strong>11</strong></span> <span class='ocrx_word' id='word_1_208' title='bbox 819 1426 938 1466; x_wconf 82' lang='lat' dir='ltr'><strong>experi</strong></span> <span class='ocrx_word' id='word_1_209' title='bbox 955 1444 963 1449; x_wconf 96' lang='lat'><em>-</em></span> <span class='ocrx_word' id='word_1_210' title='bbox 981 1425 1063 1457; x_wconf 71' lang='lat' dir='ltr'><strong>undo</strong></span> <span class='ocrx_word' id='word_1_211' title='bbox 1081 1431 1115 1457; x_wconf 82' lang='lat' dir='ltr'><strong>ut</strong></span> <span class='ocrx_word' id='word_1_212' title='bbox 1127 1436 1170 1458; x_wconf 75' lang='lat'><strong>:-</strong></span> <span class='ocrx_word' id='word_1_213' title='bbox 1183 1428 1354 1469; x_wconf 81' lang='lat' dir='ltr'><strong>repudies.</strong></span> 
     </span>
    </p>

    <p class='ocr_par' dir='ltr' id='par_1_18' title="bbox 103 1489 777 1542">
     <span class='ocr_line' id='line_1_22' title="bbox 103 1489 777 1542; baseline -0.003 -13"><span class='ocrx_word' id='word_1_214' title='bbox 103 1490 270 1542; x_wconf 85' lang='lat' dir='ltr'><strong>Hecyrae</strong></span> <span class='ocrx_word' id='word_1_215' title='bbox 291 1490 460 1540; x_wconf 86' lang='lat' dir='ltr'><strong>denique</strong></span> <span class='ocrx_word' id='word_1_216' title='bbox 478 1489 544 1527; x_wconf 81' lang='lat' dir='ltr'><strong>illa</strong></span> <span class='ocrx_word' id='word_1_217' title='bbox 562 1502 630 1527; x_wconf 85' lang='lat'><strong>111.</strong></span> <span class='ocrx_word' id='word_1_218' title='bbox 655 1491 690 1527; x_wconf 90' lang='lat'><strong>5.</strong></span> <span class='ocrx_word' id='word_1_219' title='bbox 712 1491 777 1527; x_wconf 80' lang='lat'><strong>20.</strong></span> 
     </span>
    </p>

    <p class='ocr_par' dir='ltr' id='par_1_19' title="bbox 140 1563 1352 1610">
     <span class='ocr_line' id='line_1_23' title="bbox 140 1563 1352 1610; baseline 0 -14"><span class='ocrx_word' id='word_1_220' title='bbox 140 1565 214 1606; x_wconf 84' lang='lat' dir='ltr'><strong>Ego</strong></span> <span class='ocrx_word' id='word_1_221' title='bbox 226 1574 279 1596; x_wconf 84' lang='lat' dir='ltr'><strong>me</strong></span> <span class='ocrx_word' id='word_1_222' title='bbox 291 1583 303 1589; x_wconf 95' lang='lat'>-</span> <span class='ocrx_word' id='word_1_223' title='bbox 314 1564 384 1596; x_wconf 87' lang='lat' dir='ltr'><strong>scio</strong></span> <span class='ocrx_word' id='word_1_224' title='bbox 401 1564 575 1596; x_wconf 77' lang='lat' dir='ltr'><strong>cazvisse</strong></span> <span class='ocrx_word' id='word_1_225' title='bbox 589 1581 615 1603; x_wconf 88' lang='lat'><strong>-,</strong></span> <span class='ocrx_word' id='word_1_226' title='bbox 631 1569 667 1594; x_wconf 76' lang='lat' dir='ltr'><strong>ne</strong></span> <span class='ocrx_word' id='word_1_227' title='bbox 683 1563 750 1606; x_wconf 83' lang='lat' dir='ltr'><strong>ulla</strong></span> <span class='ocrx_word' id='word_1_228' title='bbox 764 1563 776 1605; x_wconf 75' lang='grc' dir='ltr'><strong>ΙΙ</strong></span> <span class='ocrx_word' id='word_1_229' title='bbox 788 1563 912 1594; x_wconf 76' lang='lat' dir='ltr'><strong>merito</strong></span> <span class='ocrx_word' id='word_1_230' title='bbox 926 1580 938 1587; x_wconf 91' lang='lat'><strong>·</strong></span> <span class='ocrx_word' id='word_1_231' title='bbox 949 1565 1200 1596; x_wconf 73' lang='lat' dir='ltr'><strong>contuzmelia</strong></span> <span class='ocrx_word' id='word_1_232' title='bbox 1349 1607 1352 1610; x_wconf 15' lang='grc' dir='ltr'><em>Δ</em></span> 
     </span>
    </p>

    <p class='ocr_par' dir='ltr' id='par_1_20' title="bbox 139 1617 1384 1658">
     <span class='ocr_line' id='line_1_24' title="bbox 139 1617 1384 1658; baseline 0.001 -9"><span class='ocrx_word' id='word_1_233' title='bbox 139 1617 227 1650; x_wconf 81' lang='lat' dir='ltr'><strong>Fier¹</strong></span> <span class='ocrx_word' id='word_1_234' title='bbox 241 1628 261 1649; x_wconf 87' lang='lat' dir='ltr'>a</span> <span class='ocrx_word' id='word_1_235' title='bbox 271 1636 283 1643; x_wconf 92' lang='lat'>-</span> <span class='ocrx_word' id='word_1_236' title='bbox 294 1618 389 1649; x_wconf 87' lang='lat' dir='ltr'><strong>vobis</strong></span> <span class='ocrx_word' id='word_1_237' title='bbox 400 1626 443 1650; x_wconf 76' lang='lat' dir='ltr'><strong><em>z</em></strong></span> <span class='ocrx_word' id='word_1_238' title='bbox 456 1618 563 1658; x_wconf 82' lang='lat' dir='ltr'><strong>possit</strong></span> <span class='ocrx_word' id='word_1_239' title='bbox 577 1628 610 1649; x_wconf 87' lang='lat'><strong>-:</strong></span> <span class='ocrx_word' id='word_1_240' title='bbox 635 1617 736 1658; x_wconf 89' lang='lat' dir='ltr'><strong>idque</strong></span> <span class='ocrx_word' id='word_1_241' title='bbox 749 1618 761 1658; x_wconf 81' lang='grc' dir='ltr'><strong>ΙΙ</strong></span> <span class='ocrx_word' id='word_1_242' title='bbox 774 1617 805 1648; x_wconf 71' lang='grc' dir='ltr'><strong>εἰ</strong></span> <span class='ocrx_word' id='word_1_243' title='bbox 820 1627 908 1648; x_wconf 89' lang='lat' dir='ltr'><strong>nunc</strong></span> <span class='ocrx_word' id='word_1_244' title='bbox 921 1636 932 1642; x_wconf 90' lang='lat'>-</span> <span class='ocrx_word' id='word_1_245' title='bbox 947 1624 1132 1649; x_wconf 66' lang='lat' dir='ltr'><strong>memorare</strong></span> <span class='ocrx_word' id='word_1_246' title='bbox 1142 1627 1184 1650; x_wconf 75' lang='lat' dir='ltr'><strong><em>z</em></strong></span> <span class='ocrx_word' id='word_1_247' title='bbox 1196 1618 1249 1650; x_wconf 88' lang='lat' dir='ltr'><strong>hic</strong></span> <span class='ocrx_word' id='word_1_248' title='bbox 1271 1619 1384 1657; x_wconf 85' lang='lat' dir='ltr'><strong>velim,</strong></span> 
     </span>
    </p>

    <p class='ocr_par' dir='ltr' id='par_1_21' title="bbox 142 1670 1321 1713">
     <span class='ocr_line' id='line_1_25' title="bbox 142 1670 1321 1713; baseline -0.002 -8"><span class='ocrx_word' id='word_1_249' title='bbox 142 1672 252 1705; x_wconf 82' lang='lat' dir='ltr'><strong>Quam</strong></span> <span class='ocrx_word' id='word_1_250' title='bbox 269 1671 375 1703; x_wconf 80' lang='lat' dir='ltr'><strong>fi-‹leli</strong></span> <span class='ocrx_word' id='word_1_251' title='bbox 389 1671 559 1710; x_wconf 79' lang='lat' dir='ltr'><strong>animoz,</strong></span> <span class='ocrx_word' id='word_1_252' title='bbox 580 1674 615 1701; x_wconf 86' lang='lat' dir='ltr'><strong>et</strong></span> <span class='ocrx_word' id='word_1_253' title='bbox 631 1671 788 1711; x_wconf 78' lang='lat' dir='ltr'><strong>be-niguo</strong></span> <span class='ocrx_word' id='word_1_254' title='bbox 806 1671 837 1701; x_wconf 88' lang='lat' dir='ltr'><strong>in</strong></span> <span class='ocrx_word' id='word_1_255' title='bbox 849 1671 861 1711; x_wconf 79' lang='grc' dir='ltr'>Η</span> <span class='ocrx_word' id='word_1_256' title='bbox 874 1670 949 1701; x_wconf 68' lang='lat' dir='ltr'><strong>ill²lm</strong></span> <span class='ocrx_word' id='word_1_257' title='bbox 966 1675 1002 1702; x_wconf 85' lang='lat' dir='ltr'><strong>et</strong></span> <span class='ocrx_word' id='word_1_258' title='bbox 1017 1690 1028 1695; x_wconf 93' lang='lat'><em>-</em></span> <span class='ocrx_word' id='word_1_259' title='bbox 1040 1672 1244 1703; x_wconf 75' lang='lat' dir='ltr'><strong>clemenzti</strong></span> <span class='ocrx_word' id='word_1_260' title='bbox 1259 1671 1321 1713; x_wconf 85' lang='lat' dir='ltr'><strong>fui,</strong></span> 
     </span>
    </p>

    <p class='ocr_par' dir='ltr' id='par_1_22' title="bbox 141 1724 1373 1766">
     <span class='ocr_line' id='line_1_26' title="bbox 141 1724 1373 1766; baseline 0.002 -10"><span class='ocrx_word' id='word_1_261' title='bbox 141 1726 232 1757; x_wconf 85' lang='lat' dir='ltr'><strong>Vere</strong></span> <span class='ocrx_word' id='word_1_262' title='bbox 248 1744 260 1751; x_wconf 97' lang='lat'><em>-</em></span> <span class='ocrx_word' id='word_1_263' title='bbox 271 1733 409 1766; x_wconf 84' lang='lat' dir='ltr'><strong>possum</strong></span> <span class='ocrx_word' id='word_1_264' title='bbox 420 1733 479 1764; x_wconf 83' lang='grc'><strong>--;</strong></span> <span class='ocrx_word' id='word_1_265' title='bbox 508 1724 541 1755; x_wconf 83' lang='lat' dir='ltr'><strong>ui</strong></span> <span class='ocrx_word' id='word_1_266' title='bbox 559 1729 587 1756; x_wconf 75' lang='lat' dir='ltr'><strong>te</strong></span> <span class='ocrx_word' id='word_1_267' title='bbox 602 1733 645 1755; x_wconf 86' lang='lat' dir='ltr'><strong>ex</strong></span> <span class='ocrx_word' id='word_1_268' title='bbox 658 1740 671 1748; x_wconf 84' lang='lat'><strong>·</strong></span> <span class='ocrx_word' id='word_1_269' title='bbox 682 1724 751 1765; x_wconf 66' lang='lat' dir='ltr'><strong>ipsa</strong></span> <span class='ocrx_word' id='word_1_270' title='bbox 766 1724 862 1765; x_wconf 74' lang='lat' dir='ltr'><strong>haecn</strong></span> <span class='ocrx_word' id='word_1_271' title='bbox 874 1725 979 1765; x_wconf 71' lang='lat' dir='ltr'><strong>magis</strong></span> <span class='ocrx_word' id='word_1_272' title='bbox 998 1726 1114 1756; x_wconf 86' lang='lat' dir='ltr'><strong>ve-lim</strong></span> <span class='ocrx_word' id='word_1_273' title='bbox 1133 1726 1373 1758; x_wconf 76' lang='lat' dir='ltr'><strong>tezsciscere.</strong></span> 
     </span>
    </p>

    <p class='ocr_par' dir='ltr' id='par_1_23' title="bbox 99 1799 1561 2042">
     <span class='ocr_line' id='line_1_27' title="bbox 100 1799 1560 1851; baseline 0.001 -12"><span class='ocrx_word' id='word_1_274' title='bbox 100 1800 179 1839; x_wconf 89' lang='lat' dir='ltr'><strong>Sed</strong></span> <span class='ocrx_word' id='word_1_275' title='bbox 199 1800 248 1839; x_wconf 92' lang='lat' dir='ltr'><strong>de</strong></span> <span class='ocrx_word' id='word_1_276' title='bbox 267 1800 342 1839; x_wconf 87' lang='lat' dir='ltr'><strong>hac</strong></span> <span class='ocrx_word' id='word_1_277' title='bbox 363 1799 549 1839; x_wconf 86' lang='lat' dir='ltr'>trochaici</span> <span class='ocrx_word' id='word_1_278' title='bbox 569 1800 787 1838; x_wconf 80' lang='lat' dir='ltr'><strong>catalectici</strong></span> <span class='ocrx_word' id='word_1_279' title='bbox 809 1800 937 1851; x_wconf 82' lang='lat' dir='ltr'><strong>specie</strong></span> <span class='ocrx_word' id='word_1_280' title='bbox 959 1799 1043 1837; x_wconf 85' lang='lat' dir='ltr'><strong>haec</strong></span> <span class='ocrx_word' id='word_1_281' title='bbox 1066 1800 1160 1837; x_wconf 83' lang='lat' dir='ltr'><strong>satis</strong></span> <span class='ocrx_word' id='word_1_282' title='bbox 1178 1813 1188 1839; x_wconf 73' lang='grc' dir='ltr'><strong>ε</strong></span> <span class='ocrx_word' id='word_1_283' title='bbox 1220 1807 1280 1838; x_wconf 87' lang='lat' dir='ltr'><strong>est</strong></span> <span class='ocrx_word' id='word_1_284' title='bbox 1300 1807 1339 1838; x_wconf 89' lang='lat' dir='ltr'><strong>et</strong></span> <span class='ocrx_word' id='word_1_285' title='bbox 1358 1802 1433 1839; x_wconf 79' lang='lat' dir='ltr'><strong>alia</strong></span> <span class='ocrx_word' id='word_1_286' title='bbox 1453 1810 1560 1841; x_wconf 73' lang='lat' dir='ltr'><strong>caia-</strong></span> 
     </span>
     <span class='ocr_line' id='line_1_28' title="bbox 99 1857 1559 1915; baseline 0.002 -14"><span class='ocrx_word' id='word_1_287' title='bbox 99 1863 227 1903; x_wconf 87' lang='lat' dir='ltr'><strong>lectici</strong></span> <span class='ocrx_word' id='word_1_288' title='bbox 260 1864 412 1915; x_wconf 84' lang='lat' dir='ltr'><strong>species</strong></span> <span class='ocrx_word' id='word_1_289' title='bbox 451 1877 567 1915; x_wconf 81' lang='lat' dir='ltr'><strong>quam</strong></span> <span class='ocrx_word' id='word_1_290' title='bbox 606 1864 739 1903; x_wconf 85' lang='lat' dir='ltr'><strong>cretici</strong></span> <span class='ocrx_word' id='word_1_291' title='bbox 753 1857 857 1903; x_wconf 47' lang='lat' dir='ltr'><strong>&#39;loco</strong></span> <span class='ocrx_word' id='word_1_292' title='bbox 887 1863 1036 1901; x_wconf 80' lang='lat' dir='ltr'><strong>claudit</strong></span> <span class='ocrx_word' id='word_1_293' title='bbox 1074 1864 1283 1912; x_wconf 84' lang='lat' dir='ltr'><strong>molossus,</strong></span> <span class='ocrx_word' id='word_1_294' title='bbox 1323 1866 1389 1915; x_wconf 85' lang='lat' dir='ltr'><strong>qui</strong></span> <span class='ocrx_word' id='word_1_295' title='bbox 1423 1879 1559 1904; x_wconf 80' lang='lat' dir='ltr'><strong>versus</strong></span> 
     </span>
     <span class='ocr_line' id='line_1_29' title="bbox 102 1928 1561 1980; baseline 0.001 -14"><span class='ocrx_word' id='word_1_296' title='bbox 102 1928 252 1966; x_wconf 86' lang='lat' dir='ltr'><strong>Scazon</strong></span> <span class='ocrx_word' id='word_1_297' title='bbox 287 1928 559 1979; x_wconf 80' lang='lat' dir='ltr'><strong>Hephaestioni</strong></span> <span class='ocrx_word' id='word_1_298' title='bbox 595 1928 759 1972; x_wconf 87' lang='lat' dir='ltr'><strong>dicitur;</strong></span> <span class='ocrx_word' id='word_1_299' title='bbox 806 1928 876 1966; x_wconf 87' lang='lat' dir='ltr'><strong>sed</strong></span> <span class='ocrx_word' id='word_1_300' title='bbox 911 1929 1019 1965; x_wconf 79' lang='lat' dir='ltr'><strong>nulla</strong></span> <span class='ocrx_word' id='word_1_301' title='bbox 1050 1928 1166 1978; x_wconf 86' lang='lat' dir='ltr'><strong>hujus</strong></span> <span class='ocrx_word' id='word_1_302' title='bbox 1196 1929 1348 1978; x_wconf 81' lang='lat' dir='ltr'><strong>generis</strong></span> <span class='ocrx_word' id='word_1_303' title='bbox 1383 1930 1561 1980; x_wconf 79' lang='lat' dir='ltr'><strong>exempla</strong></span> 
     </span>
     <span class='ocr_line' id='line_1_30' title="bbox 102 1991 1418 2042; baseline 0.001 -13"><span class='ocrx_word' id='word_1_304' title='bbox 102 1997 194 2031; x_wconf 87' lang='lat' dir='ltr'><strong>sunt</strong></span> <span class='ocrx_word' id='word_1_305' title='bbox 211 1992 249 2029; x_wconf 86' lang='lat' dir='ltr'><strong>in</strong></span> <span class='ocrx_word' id='word_1_306' title='bbox 268 1991 474 2035; x_wconf 89' lang='lat' dir='ltr'><strong>Terentio;</strong></span> <span class='ocrx_word' id='word_1_307' title='bbox 504 1991 600 2029; x_wconf 89' lang='lat' dir='ltr'><strong>nihil</strong></span> <span class='ocrx_word' id='word_1_308' title='bbox 620 1992 734 2042; x_wconf 81' lang='lat' dir='ltr'><strong>igitur</strong></span> <span class='ocrx_word' id='word_1_309' title='bbox 754 2005 851 2042; x_wconf 91' lang='lat' dir='ltr'><strong>opus</strong></span> <span class='ocrx_word' id='word_1_310' title='bbox 871 1999 915 2030; x_wconf 90' lang='lat' dir='ltr'><strong>ut</strong></span> <span class='ocrx_word' id='word_1_311' title='bbox 934 1992 983 2029; x_wconf 87' lang='lat' dir='ltr'><strong>de</strong></span> <span class='ocrx_word' id='word_1_312' title='bbox 1003 2005 1048 2029; x_wconf 84' lang='lat' dir='ltr'><strong>eo</strong></span> <span class='ocrx_word' id='word_1_313' title='bbox 1068 1992 1178 2042; x_wconf 85' lang='lat' dir='ltr'><strong>plura</strong></span> <span class='ocrx_word' id='word_1_314' title='bbox 1198 1992 1258 2030; x_wconf 93' lang='lat' dir='ltr'><strong>hic</strong></span> <span class='ocrx_word' id='word_1_315' title='bbox 1276 1992 1418 2031; x_wconf 85' lang='lat' dir='ltr'><strong>dicam.</strong></span> 
     </span>
    </p>

    <p class='ocr_par' dir='ltr' id='par_1_24' title="bbox 101 2055 1563 2234">
     <span class='ocr_line' id='line_1_31' title="bbox 154 2055 1558 2107; baseline 0.001 -14"><span class='ocrx_word' id='word_1_316' title='bbox 154 2055 226 2094; x_wconf 87' lang='lat' dir='ltr'><strong>Est</strong></span> <span class='ocrx_word' id='word_1_317' title='bbox 244 2069 335 2095; x_wconf 87' lang='lat' dir='ltr'><strong>vero</strong></span> <span class='ocrx_word' id='word_1_318' title='bbox 354 2056 394 2094; x_wconf 87' lang='lat' dir='ltr'><strong>in</strong></span> <span class='ocrx_word' id='word_1_319' title='bbox 415 2056 612 2094; x_wconf 87' lang='lat' dir='ltr'><strong>trochaico</strong></span> <span class='ocrx_word' id='word_1_320' title='bbox 645 2069 786 2107; x_wconf 83' lang='lat' dir='ltr'><strong>genere</strong></span> <span class='ocrx_word' id='word_1_321' title='bbox 817 2063 958 2107; x_wconf 84' lang='lat' dir='ltr'><strong>praeter</strong></span> <span class='ocrx_word' id='word_1_322' title='bbox 986 2056 1056 2093; x_wconf 82' lang='lat' dir='ltr'><strong>has</strong></span> <span class='ocrx_word' id='word_1_323' title='bbox 1072 2057 1224 2105; x_wconf 81' lang='lat' dir='ltr'><strong>species</strong></span> <span class='ocrx_word' id='word_1_324' title='bbox 1247 2057 1410 2106; x_wconf 82' lang='lat' dir='ltr'><strong>insignis</strong></span> <span class='ocrx_word' id='word_1_325' title='bbox 1442 2058 1558 2095; x_wconf 75' lang='lat' dir='ltr'><strong>etiam</strong></span> 
     </span>
     <span class='ocr_line' id='line_1_32' title="bbox 103 2120 1563 2171; baseline 0.001 -14"><span class='ocrx_word' id='word_1_326' title='bbox 103 2120 267 2158; x_wconf 87' lang='lat' dir='ltr'><strong>dimeter</strong></span> <span class='ocrx_word' id='word_1_327' title='bbox 296 2120 565 2167; x_wconf 79' lang='lat' dir='ltr'><strong>catalecticus,</strong></span> <span class='ocrx_word' id='word_1_328' title='bbox 596 2134 663 2158; x_wconf 89' lang='lat' dir='ltr'><strong>seu</strong></span> <span class='ocrx_word' id='word_1_329' title='bbox 695 2121 888 2170; x_wconf 87' lang='lat' dir='ltr'><strong>posterius</strong></span> <span class='ocrx_word' id='word_1_330' title='bbox 918 2120 1202 2171; x_wconf 81' lang='lat' dir='ltr'><strong>bisegmentum</strong></span> <span class='ocrx_word' id='word_1_331' title='bbox 1223 2121 1435 2158; x_wconf 81' lang='lat' dir='ltr'><strong>tetrametri</strong></span> <span class='ocrx_word' id='word_1_332' title='bbox 1457 2129 1563 2159; x_wconf 76' lang='lat' dir='ltr'><strong>cata-</strong></span> 
     </span>
     <span class='ocr_line' id='line_1_33' title="bbox 101 2182 729 2234; baseline 0 -14"><span class='ocrx_word' id='word_1_333' title='bbox 101 2182 243 2230; x_wconf 87' lang='lat' dir='ltr'><strong>lectici,</strong></span> <span class='ocrx_word' id='word_1_334' title='bbox 264 2183 374 2234; x_wconf 74' lang='lat' dir='ltr'><strong>cujus</strong></span> <span class='ocrx_word' id='word_1_335' title='bbox 393 2183 479 2221; x_wconf 86' lang='lat' dir='ltr'><strong>haec</strong></span> <span class='ocrx_word' id='word_1_336' title='bbox 499 2183 625 2221; x_wconf 85' lang='lat' dir='ltr'><strong>forma</strong></span> <span class='ocrx_word' id='word_1_337' title='bbox 644 2189 704 2220; x_wconf 85' lang='lat' dir='ltr'><strong>est</strong></span> <span class='ocrx_word' id='word_1_338' title='bbox 720 2196 729 2220; x_wconf 74' lang='grc' dir='ltr'>ε</span> 
     </span>
    </p>

    <p class='ocr_par' dir='ltr' id='par_1_25' title="bbox 105 2247 1565 2554">
     <span class='ocr_line' id='line_1_34' title="bbox 316 2247 879 2286; baseline 0 -1"><span class='ocrx_word' id='word_1_339' title='bbox 316 2247 610 2285; x_wconf 88' lang='lat' dir='ltr'><strong>Phormi-onem</strong></span> <span class='ocrx_word' id='word_1_340' title='bbox 626 2257 668 2281; x_wconf 75' lang='grc' dir='ltr'><strong>Ξ</strong></span> <span class='ocrx_word' id='word_1_341' title='bbox 683 2247 879 2286; x_wconf 89' lang='lat' dir='ltr'><strong>Phormio.</strong></span> 
     </span>
     <span class='ocr_line' id='line_1_35' title="bbox 105 2310 1560 2362; baseline 0.001 -15"><span class='ocrx_word' id='word_1_342' title='bbox 105 2310 233 2361; x_wconf 87' lang='lat' dir='ltr'><strong>Hujus</strong></span> <span class='ocrx_word' id='word_1_343' title='bbox 255 2310 407 2361; x_wconf 84' lang='lat' dir='ltr'><strong>generis</strong></span> <span class='ocrx_word' id='word_1_344' title='bbox 421 2310 597 2348; x_wconf 84' lang='lat' dir='ltr'><strong>versiculi</strong></span> <span class='ocrx_word' id='word_1_345' title='bbox 613 2311 756 2361; x_wconf 84' lang='lat' dir='ltr'><strong>singuli</strong></span> <span class='ocrx_word' id='word_1_346' title='bbox 771 2317 920 2349; x_wconf 79' lang='lat' dir='ltr'><strong>tanturn</strong></span> <span class='ocrx_word' id='word_1_347' title='bbox 941 2318 1162 2357; x_wconf 84' lang='lat' dir='ltr'><strong>occurrunt,</strong></span> <span class='ocrx_word' id='word_1_348' title='bbox 1185 2324 1256 2350; x_wconf 90' lang='lat' dir='ltr'><strong>nec</strong></span> <span class='ocrx_word' id='word_1_349' title='bbox 1279 2312 1422 2362; x_wconf 84' lang='lat' dir='ltr'><strong>saepius</strong></span> <span class='ocrx_word' id='word_1_350' title='bbox 1446 2311 1560 2348; x_wconf 86' lang='lat' dir='ltr'><strong>simul</strong></span> 
     </span>
     <span class='ocr_line' id='line_1_36' title="bbox 109 2374 1561 2426; baseline -0.001 -14"><span class='ocrx_word' id='word_1_351' title='bbox 109 2374 276 2426; x_wconf 82' lang='lat' dir='ltr'><strong>repetiti,</strong></span> <span class='ocrx_word' id='word_1_352' title='bbox 311 2387 467 2413; x_wconf 86' lang='lat' dir='ltr'><strong>scenam</strong></span> <span class='ocrx_word' id='word_1_353' title='bbox 503 2375 565 2412; x_wconf 89' lang='lat' dir='ltr'><strong>vel</strong></span> <span class='ocrx_word' id='word_1_354' title='bbox 601 2388 731 2413; x_wconf 84' lang='lat' dir='ltr'><strong>scenae</strong></span> <span class='ocrx_word' id='word_1_355' title='bbox 751 2382 900 2426; x_wconf 86' lang='lat' dir='ltr'><strong>partem</strong></span> <span class='ocrx_word' id='word_1_356' title='bbox 930 2376 1186 2421; x_wconf 86' lang='lat' dir='ltr'><strong>constituunt,</strong></span> <span class='ocrx_word' id='word_1_357' title='bbox 1219 2375 1290 2413; x_wconf 86' lang='lat' dir='ltr'><strong>sed</strong></span> <span class='ocrx_word' id='word_1_358' title='bbox 1329 2376 1561 2412; x_wconf 80' lang='lat' dir='ltr'><strong>tetrametris</strong></span> 
     </span>
     <span class='ocr_line' id='line_1_37' title="bbox 107 2439 1565 2490; baseline 0 -14"><span class='ocrx_word' id='word_1_359' title='bbox 107 2439 306 2490; x_wconf 77' lang='lat' dir='ltr'><strong>eleganter</strong></span> <span class='ocrx_word' id='word_1_360' title='bbox 325 2439 605 2477; x_wconf 86' lang='lat' dir='ltr'><strong>immiscentur.</strong></span> <span class='ocrx_word' id='word_1_361' title='bbox 664 2439 715 2476; x_wconf 88' lang='lat' dir='ltr'><strong>Iis</strong></span> <span class='ocrx_word' id='word_1_362' title='bbox 737 2446 866 2476; x_wconf 83' lang='lat' dir='ltr'><strong>tamen</strong></span> <span class='ocrx_word' id='word_1_363' title='bbox 898 2440 1052 2489; x_wconf 80' lang='lat' dir='ltr'><strong>parcius</strong></span> <span class='ocrx_word' id='word_1_364' title='bbox 1080 2440 1201 2477; x_wconf 88' lang='lat' dir='ltr'><strong>utitur</strong></span> <span class='ocrx_word' id='word_1_365' title='bbox 1230 2440 1447 2477; x_wconf 81' lang='lat' dir='ltr'><strong>Terentius,</strong></span> <span class='ocrx_word' id='word_1_366' title='bbox 1489 2439 1565 2476; x_wconf 74' lang='lat' dir='ltr'><strong>Ex-</strong></span> 
     </span>
     <span class='ocr_line' id='line_1_38' title="bbox 110 2502 466 2554; baseline 0 -14"><span class='ocrx_word' id='word_1_367' title='bbox 110 2503 239 2554; x_wconf 85' lang='lat' dir='ltr'><strong>empla</strong></span> <span class='ocrx_word' id='word_1_368' title='bbox 260 2503 337 2540; x_wconf 86' lang='lat' dir='ltr'><strong>sint</strong></span> <span class='ocrx_word' id='word_1_369' title='bbox 355 2502 466 2544; x_wconf 86' lang='lat' dir='ltr'><strong>haec:</strong></span> 
     </span>
    </p>
   </div>
   <div class='ocr_carea' id='block_1_7' title="bbox 213 2576 1327 2755">
    <p class='ocr_par' dir='ltr' id='par_1_26' title="bbox 213 2576 1327 2755">
     <span class='ocr_line' id='line_1_39' title="bbox 213 2576 1327 2628; baseline 0.001 -14"><span class='ocrx_word' id='word_1_370' title='bbox 213 2576 319 2615; x_wconf 89' lang='lat' dir='ltr'><strong>Proh</strong></span> <span class='ocrx_word' id='word_1_371' title='bbox 340 2577 440 2614; x_wconf 79' lang='lat' dir='ltr'><strong>Deum</strong></span> <span class='ocrx_word' id='word_1_372' title='bbox 454 2598 470 2606; x_wconf 92' lang='lat'>-</span> <span class='ocrx_word' id='word_1_373' title='bbox 487 2583 584 2628; x_wconf 80' lang='lat' dir='ltr'><strong>atque</strong></span> <span class='ocrx_word' id='word_1_374' title='bbox 603 2576 848 2617; x_wconf 73' lang='lat' dir='ltr'><strong>homiznum</strong></span> <span class='ocrx_word' id='word_1_375' title='bbox 865 2576 996 2615; x_wconf 88' lang='lat' dir='ltr'><strong>fidem.</strong></span> <span class='ocrx_word' id='word_1_376' title='bbox 1028 2576 1129 2616; x_wconf 89' lang='lat' dir='ltr'><strong>And.</strong></span> <span class='ocrx_word' id='word_1_377' title='bbox 1154 2590 1182 2616; x_wconf 89' lang='lat'><strong>1.</strong></span> <span class='ocrx_word' id='word_1_378' title='bbox 1204 2579 1240 2615; x_wconf 86' lang='lat'><strong>5.</strong></span> <span class='ocrx_word' id='word_1_379' title='bbox 1267 2580 1327 2615; x_wconf 90' lang='grc'><strong>10.</strong></span> 
     </span>
     <span class='ocr_line' id='line_1_40' title="bbox 217 2640 1264 2692; baseline 0.003 -15"><span class='ocrx_word' id='word_1_380' title='bbox 217 2640 334 2684; x_wconf 86' lang='lat' dir='ltr'><strong>Quod</strong></span> <span class='ocrx_word' id='word_1_381' title='bbox 351 2642 378 2678; x_wconf 84' lang='lat' dir='ltr'><strong>si</strong></span> <span class='ocrx_word' id='word_1_382' title='bbox 395 2641 624 2678; x_wconf 82' lang='lat' dir='ltr'><strong>ab-esset:</strong></span> <span class='ocrx_word' id='word_1_383' title='bbox 641 2640 811 2691; x_wconf 84' lang='lat' dir='ltr'><strong>longius.</strong></span> <span class='ocrx_word' id='word_1_384' title='bbox 841 2641 1008 2692; x_wconf 81' lang='lat' dir='ltr'><strong>Adelph.</strong></span> <span class='ocrx_word' id='word_1_385' title='bbox 1032 2655 1086 2679; x_wconf 76' lang='grc' dir='ltr'><strong>ιν.</strong></span> <span class='ocrx_word' id='word_1_386' title='bbox 1111 2643 1144 2679; x_wconf 87' lang='lat' dir='ltr'><strong>l.</strong></span> <span class='ocrx_word' id='word_1_387' title='bbox 1168 2644 1205 2680; x_wconf 87' lang='lat'><strong>8.</strong></span> <span class='ocrx_word' id='word_1_388' title='bbox 1224 2649 1264 2680; x_wconf 86' lang='lat' dir='ltr'><strong>et</strong></span> 
     </span>
     <span class='ocr_line' id='line_1_41' title="bbox 217 2704 1155 2755; baseline 0.001 -14"><span class='ocrx_word' id='word_1_389' title='bbox 217 2704 388 2751; x_wconf 87' lang='lat' dir='ltr'><strong>Dicam-‚</strong></span> <span class='ocrx_word' id='word_1_390' title='bbox 406 2717 482 2742; x_wconf 90' lang='lat' dir='ltr'><strong>non</strong></span> <span class='ocrx_word' id='word_1_391' title='bbox 505 2704 704 2755; x_wconf 70' lang='lat' dir='ltr'><strong>aede--pol</strong></span> <span class='ocrx_word' id='word_1_392' title='bbox 726 2705 820 2742; x_wconf 85' lang='lat' dir='ltr'><strong>scio.</strong></span> <span class='ocrx_word' id='word_1_393' title='bbox 852 2705 949 2742; x_wconf 80' lang='lat' dir='ltr'><strong>Hec.</strong></span> <span class='ocrx_word' id='word_1_394' title='bbox 975 2717 1037 2743; x_wconf 78' lang='lat' dir='ltr'><strong>xv.</strong></span> <span class='ocrx_word' id='word_1_395' title='bbox 1061 2707 1094 2743; x_wconf 89' lang='lat'><strong>1.</strong></span> <span class='ocrx_word' id='word_1_396' title='bbox 1117 2708 1155 2742; x_wconf 89' lang='grc'><strong>5.</strong></span> 
     </span>
    </p>
   </div>
   <div class='ocr_carea' id='block_1_8' title="bbox 164 2777 1567 2893">
    <p class='ocr_par' dir='ltr' id='par_1_27' title="bbox 164 2777 1567 2893">
     <span class='ocr_line' id='line_1_42' title="bbox 164 2777 1567 2829; baseline 0 -13"><span class='ocrx_word' id='word_1_397' title='bbox 164 2777 336 2816; x_wconf 88' lang='lat' dir='ltr'><strong>Primum</strong></span> <span class='ocrx_word' id='word_1_398' title='bbox 357 2778 472 2816; x_wconf 80' lang='lat' dir='ltr'><strong>etiam</strong></span> <span class='ocrx_word' id='word_1_399' title='bbox 492 2778 605 2829; x_wconf 84' lang='lat' dir='ltr'><strong>hujus</strong></span> <span class='ocrx_word' id='word_1_400' title='bbox 627 2792 760 2817; x_wconf 87' lang='lat' dir='ltr'><strong>versus</strong></span> <span class='ocrx_word' id='word_1_401' title='bbox 792 2779 1076 2829; x_wconf 83' lang='lat' dir='ltr'><strong>bisegmentum</strong></span> <span class='ocrx_word' id='word_1_402' title='bbox 1099 2793 1167 2817; x_wconf 89' lang='lat' dir='ltr'><strong>seu</strong></span> <span class='ocrx_word' id='word_1_403' title='bbox 1190 2779 1351 2818; x_wconf 84' lang='lat' dir='ltr'><strong>dimeter</strong></span> <span class='ocrx_word' id='word_1_404' title='bbox 1375 2781 1567 2818; x_wconf 64' lang='lat' dir='ltr'><strong>acatalec-</strong></span> 
     </span>
     <span class='ocr_line' id='line_1_43' title="bbox 198 2851 1476 2893; baseline -0.002 -10"><span class='ocrx_word' id='word_1_405' title='bbox 198 2851 312 2893; x_wconf 77' lang='lat' dir='ltr'><strong>Delph.</strong></span> <span class='ocrx_word' id='word_1_406' title='bbox 325 2856 355 2884; x_wconf 74' lang='lat' dir='ltr'><strong>et</strong></span> <span class='ocrx_word' id='word_1_407' title='bbox 369 2852 445 2884; x_wconf 64' lang='grc' dir='ltr'><strong>γαν.</strong></span> <span class='ocrx_word' id='word_1_408' title='bbox 462 2852 547 2885; x_wconf 74' lang='lat' dir='ltr'><strong>Olus.</strong></span> <span class='ocrx_word' id='word_1_409' title='bbox 781 2853 906 2885; x_wconf 74' lang='lat' dir='ltr'><strong>Terent.</strong></span> <span class='ocrx_word' id='word_1_410' title='bbox 1448 2855 1476 2882; x_wconf 73' lang='grc' dir='ltr'><strong>ί)</strong></span> 
     </span>
    </p>
   </div>
  </div>
 </body>
</html>
