1903 3306
329 204 413 244 144
731 213 910 245 sumus
943 213 1112 244 cAESAR
1147 214 1392 246 scardona

328 307 651 357 pronuntiatione.
707 306 766 344 Ad
788 306 887 352 haec,
909 307 940 344 si
961 307 1129 344 omnium
1151 308 1436 346 morosissimus
1468 321 1552 359 peS,
1585 321 1632 348 ac
1662 322 1774 361 paene

327 371 444 416 ferus,
465 370 720 422 ἀντιβακχίος,
740 371 777 407 in
797 369 993 408 heroicum
1016 378 1192 421 receptus
1214 378 1274 409 est
1294 371 1397 422 apud
1419 372 1654 414 Homerum;
1686 386 1774 412 cum

327 435 553 483 Αῖγῦπτιον,
573 444 611 473 et
631 434 847 484 ἀνδροτῆτα,
872 434 965 471 facit
983 443 1026 472 ut
1046 434 1244 485 dactylum
1265 435 1493 485 primoribus
1515 435 1674 487 syllabis
1695 450 1778 475 am-

326 499 557 550 plectantur,
598 498 706 535 nulla
739 510 860 535 causa
890 503 962 542 est,
993 497 1084 547 quin
1119 497 1288 535 rationes
1320 499 1435 536 etiam
1481 499 1775 539 auctoritatibus

326 562 537 600 fulciantur
555 575 563 599 :
594 574 690 612 quas
713 561 896 598 Erasmus
919 559 951 596 si
970 558 1194 610 diligentius
1211 561 1486 608 recensuisset,
1507 575 1584 600 non
1604 569 1776 601 transtu-

326 625 436 663 lisset
455 625 780 676 praepositionem,
815 622 910 668 ‘ex,'
938 623 975 660 in
998 623 1177 662 Eunuchi
1211 625 1402 676 prologo:
1437 625 1506 673 sic,
1536 631 1546 647 ‘
1567 626 1644 670 Qui
1676 629 1776 666 bene

326 689 527 735 vertendo,
557 695 596 727 et
613 702 680 726 eas
701 687 958 726 describendo
978 687 1092 734 male,
1113 701 1161 726 ex
1183 688 1332 726 Graecis
1350 690 1478 736 bonis,
1510 689 1667 729 Latinas
1688 692 1781 729 fecit

328 766 406 791 non
427 752 579 791 bonas?
633 751 748 796 Quod
768 750 949 802 equidem
970 758 1013 789 ut
1045 764 1123 789 non
1157 752 1347 803 improbo,
1381 753 1435 790 ita
1467 754 1670 792 consilium
1701 767 1781 792 non

327 817 460 862 laudo,
492 829 568 867 quo
590 816 784 853 adductus
800 822 872 862 est,
893 823 936 853 ut
950 815 988 853 id
1009 815 1168 863 faceret,
1184 817 1234 854 ob
1250 817 1550 869 amphimacrum
1563 817 1781 856 vitandum.

329 882 393 927 At,
428 881 459 918 si
492 880 550 917 his
583 880 795 917 rationibus
816 892 893 917 non
916 880 1154 930 acquiescat,
1176 881 1361 932 exemplis
1383 881 1518 919 saltem
1540 880 1697 919 credere
1715 894 1782 920 co-

329 952 466 996 gatur:
496 958 584 995 quae
616 957 839 995 quanquam
870 944 1059 982 habebam
1091 958 1205 997 paene
1239 945 1403 992 infinita,
1435 953 1564 982 tamen
1594 951 1633 983 et
1660 944 1785 982 multa

328 1009 453 1054 omisi,
472 1009 511 1045 in
532 1008 670 1058 quibus
690 1014 853 1059 possent
869 1008 1112 1058 tergiversari
1128 1021 1136 1045 :
1159 1015 1198 1046 et
1217 1008 1292 1046 alia
1308 1009 1418 1046 firma
1437 1021 1549 1058 paene
1568 1008 1783 1055 innumera,

329 1086 376 1111 ne
397 1072 555 1110 taedium
576 1079 768 1122 parerent.
825 1072 968 1110 Paucis
999 1071 1115 1122 igitur
1147 1072 1321 1110 contenti
1352 1072 1486 1109 simus.
1543 1071 1601 1109 Ex
1630 1071 1785 1123 Hecyra

329 1136 445 1186 igitur
474 1149 560 1173 cum
597 1135 690 1173 illud
726 1148 930 1186 possemus
962 1134 1184 1173 adducere:
1215 1140 1224 1157 ‘
1243 1148 1328 1173 eam
1360 1134 1622 1173 calamitatem
1654 1143 1785 1173 vestra

329 1199 586 1249 intelligentia
601 1199 623 1236 :'
651 1198 940 1249 supersedimus
972 1197 1123 1236 duabus
1156 1198 1204 1237 de
1236 1199 1394 1237 causis:
1427 1199 1612 1250 quoniam
1642 1206 1682 1237 et
1710 1198 1784 1250 ipsi

330 1263 515 1313 liquidam
537 1276 613 1301 non
636 1262 838 1313 geminant
857 1262 895 1299 in
916 1268 1114 1314 postrema
1143 1262 1337 1300 dictione:
1367 1269 1407 1300 et
1437 1275 1523 1309 nos,
1555 1275 1784 1313 pronomen,

330 1327 435 1378 quod
463 1327 584 1378 primo
605 1327 692 1364 loco
712 1325 880 1377 positum
912 1332 985 1371 est,
1018 1325 1330 1378 monosyllabum
1357 1325 1609 1377 agnoscimus
1625 1339 1636 1370 ;
1667 1339 1786 1377 quare

332 1391 534 1429 audiamus
556 1404 603 1428 ex
623 1390 801 1428 Asinaria
818 1403 827 1427 :
857 1395 867 1411 ‘
887 1390 1000 1428 Forte
1021 1390 1054 1427 si
1074 1390 1213 1428 tussire
1233 1390 1433 1442 occoepsit,
1466 1403 1515 1428 ne
1546 1389 1602 1428 sic
1620 1390 1787 1429 tussiat.'

331 1455 433 1492 Puto
464 1462 592 1492 autem
626 1454 682 1492 sic
716 1453 924 1504 legendum
957 1453 1211 1505 praecipient:
1239 1453 1338 1491 Fors
1368 1455 1403 1492 si
1432 1455 1584 1492 tussire.
1640 1453 1742 1491 Nam
1761 1454 1787 1491 ii

331 1519 455 1570 magis
475 1526 588 1556 erunt
602 1517 764 1561 ferendi,
779 1531 896 1568 quam
912 1518 977 1569 qui
998 1519 1190 1569 putabunt
1208 1516 1538 1568 conjunctionem,
1558 1517 1604 1564 si,
1622 1517 1784 1568 corripi:

330 1583 444 1628 utin,
464 1581 550 1625 nisi,
572 1588 611 1618 et
639 1580 692 1627 in,
724 1580 929 1631 siquidem.
986 1581 1115 1624 Quare
1147 1581 1224 1618 alia
1252 1593 1486 1631 quaeramus.
1543 1580 1602 1618 Ex
1623 1580 1782 1631 Gurgu-

332 1646 459 1684 lione:
481 1649 490 1666 ‘
510 1645 600 1682 Sitit
619 1644 704 1682 haec
726 1657 837 1690 anus,
859 1645 1094 1695 quantillum
1114 1645 1216 1687 sitit;
1238 1644 1392 1682 modica
1411 1650 1495 1687 est;
1517 1643 1646 1695 capit.'
1689 1644 1787 1682 Item

332 1710 371 1746 in
391 1708 449 1746 his
471 1709 637 1754 duobus,
658 1708 795 1746 binos:
825 1714 834 1729 ‘
855 1709 1044 1747 Pervelim
1066 1709 1258 1759 sepultam
1276 1722 1285 1746 :
1317 1708 1388 1746 sed
1407 1721 1524 1758 quom
1544 1707 1671 1746 adhuc
1691 1720 1788 1745 naso

333 1773 430 1811 odos
454 1772 567 1810 meo?
621 1777 630 1793 ‘
650 1772 837 1811 Sedatum
866 1779 931 1810 te:
963 1786 1080 1823 quam
1110 1773 1228 1823 longe
1259 1785 1282 1809 a
1308 1785 1369 1809 me
1390 1773 1527 1810 abest:
1557 1772 1686 1810 lumen
1714 1771 1788 1810 hoc

335 1836 452 1874 vide!
506 1835 720 1874 Videamus
743 1836 840 1874 alios
861 1837 1018 1882 multos,
1052 1838 1089 1874 in
1111 1836 1275 1875 eadem:
1308 1841 1317 1857 ‘
1336 1835 1414 1874 Sed
1435 1835 1679 1887 grandiorem
1701 1848 1788 1886 gra-

335 1899 429 1937 dum
450 1913 542 1951 ergo
562 1901 623 1939 fac
645 1900 695 1938 ad
715 1914 775 1938 me
796 1901 985 1938 obsecro!
1028 1901 1117 1947 Ubi,
1138 1901 1213 1947 fac,
1234 1900 1395 1951 longum
1417 1906 1479 1937 est
1500 1908 1638 1937 contra
1656 1912 1790 1938 recen-

336 1962 467 2000 tiores,
507 1969 517 1984 ‘
536 1963 651 2001 Salve
670 1976 793 2000 anus:
820 1963 933 2013 egon'
954 1963 1063 2001 salva
1083 1964 1169 2009 sim,
1188 1977 1277 2014 quae
1299 1963 1404 2001 sicca
1423 1976 1508 2001 sum
1529 1962 1624 2001 siti?
1651 1962 1791 2001 Jamne

336 2039 410 2076 ego
439 2026 529 2064 huic
563 2026 682 2064 dico?
712 2025 806 2076 quid
835 2025 972 2063 dices?
1001 2039 1061 2064 me
1081 2026 1255 2077 periisse,
1277 2025 1376 2077 age.’
1430 2027 1528 2064 Item
1547 2039 1595 2064 ex
1615 2025 1788 2064 Andria:

338 2095 346 2110 ‘
367 2090 455 2126 Sive
481 2089 556 2126 ista
575 2101 686 2132 uxor,
719 2088 800 2126 sive
818 2089 940 2126 amica
958 2095 1031 2134 est,
1065 2088 1225 2139 gravida
1244 2102 1264 2127 e
1296 2089 1500 2140 Pamphilo
1519 2089 1606 2127 est.’
1661 2089 1750 2132 Quo
1769 2101 1791 2126 e

339 2165 451 2190 versu
472 2159 516 2190 ut
546 2152 730 2189 creticum
760 2152 926 2198 tolleret,
955 2165 1033 2190 non
1064 2153 1207 2190 veritus
1228 2159 1288 2190 est
1306 2154 1497 2191 universae
1517 2151 1703 2191 orationis
1724 2150 1792 2189 de-

339 2216 490 2253 trahere
524 2223 816 2254 ornamentum:
847 2229 1059 2266 pronomen
1089 2216 1186 2253 illud
1220 2216 1380 2263 scilicet,
1408 2216 1513 2266 quod
1547 2216 1585 2253 in
1617 2213 1791 2253 secundo

340 2280 427 2317 loco
448 2279 578 2317 statim
608 2279 761 2330 legitur.
818 2279 1031 2317 Videamus
1063 2292 1155 2330 ergo
1190 2280 1306 2318 etiam
1339 2293 1386 2318 ex
1417 2279 1634 2318 Eunucho:
1665 2278 1791 2321 ‘Quae

339 2356 427 2380 cum
449 2350 619 2381 amatore
640 2355 712 2381 suo
731 2356 819 2381 cum
839 2350 997 2382 coenant
1016 2343 1230 2394 liguriunt!
1286 2344 1386 2382 Nam
1405 2344 1468 2382 hic
1487 2356 1564 2381 non
1584 2353 1795 2394 possumus

341 2406 524 2456 effugere,
554 2406 644 2456 quin
668 2413 735 2444 aut
754 2407 877 2457 prima
896 2407 934 2444 in
956 2407 1050 2445 sede
1068 2407 1235 2445 creticus
1257 2407 1320 2452 sit,
1339 2414 1407 2445 aut
1429 2408 1468 2444 in
1495 2406 1657 2458 quinta:
1687 2416 1792 2450 nam,

342 2470 374 2507 si
396 2468 607 2507 secundam
627 2482 761 2507 vocem
779 2483 858 2508 non
878 2469 1056 2515 collidas,
1074 2469 1143 2507 sed
1163 2470 1350 2520 integram
1371 2470 1566 2520 relinquas
1587 2469 1626 2506 in
1644 2468 1794 2507 dimen-

344 2533 451 2569 sione
466 2545 474 2569 :
498 2531 597 2568 sicut
616 2531 835 2582 frequenter
850 2534 905 2578 fit,
921 2540 960 2570 et
980 2532 1142 2570 Plautus
1158 2533 1281 2570 voluit
1298 2533 1368 2570 sibi
1388 2532 1501 2570 licere
1517 2531 1556 2568 in
1571 2530 1792 2569 Pseudulo:

344 2599 354 2615 ‘
374 2595 414 2632 Si
435 2594 483 2632 de
503 2593 703 2631 damnosis
723 2596 837 2642 natis,
859 2603 927 2634 aut
947 2596 996 2633 de
1017 2597 1252 2635 amatoribus
1267 2596 1290 2635 ε’
1308 2596 1473 2634 creticus
1495 2595 1545 2633 sit
1562 2594 1793 2632 inevitabilis

345 2659 383 2694 in
404 2658 553 2707 quinta.
613 2658 712 2695 Nam
733 2659 855 2708 prima
876 2659 1026 2709 syllaba
1060 2666 1210 2706 natura,
1241 2672 1319 2697 non
1351 2659 1543 2709 positione
1572 2658 1690 2708 longa
1719 2663 1792 2695 est.

349 2720 513 2758 Coenare
533 2720 633 2758 enim
652 2721 819 2759 mediam
837 2728 974 2759 natura
991 2721 1182 2772 producit.
1237 2722 1306 2759 Sin
1322 2720 1498 2767 collidas,
1511 2720 1593 2770 jam
1615 2720 1652 2757 in
1671 2719 1794 2770 prima
