1903 3306
322 209 404 251 1:28
811 217 938 247 Rivu
973 216 1289 247 cAsricATm.

319 316 445 352 bicus.
502 313 667 357 Rursus,
688 312 719 349 si
747 314 757 332 ‘
775 309 845 347 In’
877 315 1062 348 annectas
1083 310 1150 346 fini
1170 322 1304 348 versus
1335 310 1608 360 praecedentis,
1639 322 1774 351 versus

323 379 518 416 constabit
555 382 721 427 quatuor
759 373 910 412 creticis
928 387 938 411 z
981 373 1247 424 Denegan-,do
1284 374 1508 425 modo-quis
1544 375 1690 426 pu-dor
1718 383 1778 414 est

322 442 539 493 paululum.
597 440 637 476 Si
672 439 710 475 in
741 442 750 459 ‘
770 437 908 475 modo'
939 437 1059 474 facias
1093 437 1371 487 pyrrhichium,
1401 440 1472 476 erit
1499 439 1670 477 trimeter
1698 445 1777 477 tro·-

323 507 481 544 chaicus
503 502 777 541 catalecticus:
801 500 1064 551 Bene-gando
1083 501 1200 538 modo
1215 502 1300 553 quis
1321 501 1467 552 pu-dor
1483 501 1779 552 est-paululum.

325 569 444 607 Porro
476 567 574 604 inter
594 566 780 603 iambicos
801 571 1045 602 tetrametros
1062 564 1337 603 acatalecticos
1358 572 1397 602 et
1423 565 1642 602 trochaicus
1662 571 1779 602 tetra-

324 639 469 669 metros
504 629 752 667 catalecticos
787 635 898 666 tanta
931 635 992 666 est
1020 629 1203 674 affinitas,
1232 635 1276 666 ut
1307 627 1498 666 interdum
1527 628 1619 666 nihil
1640 628 1781 667 referat

325 695 492 734 eundem
513 706 663 732 versum
686 701 813 730 utrum
834 705 901 743 per
920 692 1070 729 iambos
1091 705 1139 729 an
1161 706 1228 744 per
1247 691 1441 729 troehaeos
1461 691 1655 729 metiaris:
1676 691 1782 729 velut

327 760 364 796 in
387 766 497 796 actus
519 758 620 795 tertii
642 769 760 794 scena
780 762 933 806 quarta,
967 761 976 776 ‘
997 755 1154 793 Utinam
1185 755 1278 792 mibi
1310 761 1414 792 esset
1432 754 1576 805 aliquid
1597 754 1674 802 hic,
1704 768 1782 806 quo

329 835 433 859 nunc
453 834 513 858 me
534 820 767 871 praecipitem
790 818 949 856 darem!
1005 819 1044 856 Si
1076 823 1086 840 ‘
1103 818 1195 856 mihi
1211 819 1220 833 '
1248 818 1370 857 facias
1400 818 1556 856 unicam
1576 818 1782 869 syllabam,

328 885 548 924 trochaicus
568 891 628 921 est
646 897 654 921 :
686 884 715 921 si
739 883 850 929 duas,
880 883 1067 920 iambicus
1088 889 1173 921 est:
1202 883 1319 933 quale
1340 887 1402 919 est
1419 889 1459 920 et
1476 882 1515 919 in
1535 889 1646 920 aetus
1665 895 1705 920 v.
1728 895 1782 921 sc.

331 962 360 986 1.
383 954 391 969 ‘
409 949 510 985 Satis
525 947 605 998 jam
629 948 737 992 satis,
759 947 878 993 Simo,
899 951 1074 997 spectata
1098 958 1191 997 erga
1211 953 1248 984 te
1268 945 1436 983 amicitia
1455 951 1516 983 est
1535 945 1647 983 mea!
1687 946 1785 983 Item

332 1024 523 1061 sequens:
554 1017 563 1032 ‘
583 1011 685 1048 Satis
709 1009 840 1060 pericli
861 1009 960 1060 coepi
981 1008 1100 1055 adire,
1120 1008 1255 1046 orandi
1269 1011 1352 1058 Jam
1374 1009 1490 1046 finem
1510 1007 1622 1046 face.'
1677 1007 1786 1046 Licet

332 1089 400 1125 per
431 1075 577 1112 iambos
607 1074 665 1112 vel
701 1087 769 1125 per
803 1073 996 1111 trochaeos
1029 1073 1166 1111 metiri.
1225 1072 1354 1123 Hujus
1383 1072 1532 1122 generis
1555 1077 1704 1110 suntet
1723 1072 1787 1110 alii

330 1138 562 1189 complures.

764 1390 933 1432 RIVII
964 1388 1366 1431 CASTIGATIO.

337 1516 439 1554 CUM
472 1514 680 1566 prodiisset
710 1526 813 1552 anno
843 1513 984 1551 abhinc
1011 1512 1088 1550 fere
1123 1512 1286 1563 septimo
1326 1511 1544 1558 Terentius,
1575 1511 1792 1550 doctissimi

337 1580 407 1616 viri
423 1579 593 1630 Philippi
614 1577 931 1616 Melanchthonis
952 1588 1069 1628 opera
1085 1575 1362 1627 diligentiaque
1379 1575 1595 1622 restitutus,
1608 1588 1689 1613 una
1702 1587 1792 1613 cum

339 1643 578 1693 argumentis
599 1642 772 1694 ejusdem
794 1647 832 1679 et
852 1639 1197 1685 annotatiunculis‚
1226 1652 1304 1677 non
1338 1639 1530 1677 mehercle
1551 1639 1624 1677 dici
1650 1645 1794 1690 potest,

340 1713 528 1757 quantum
549 1706 623 1744 hoc
639 1707 792 1744 nomine
813 1705 943 1743 statim
964 1703 1239 1755 gratulandum
1260 1703 1446 1741 studiosis
1466 1703 1644 1740 omnibus
1663 1701 1794 1740 existi-

341 1770 500 1807 marim:
530 1769 647 1820 idque
668 1770 754 1820 jure
776 1769 873 1806 adeo
895 1781 941 1806 ac
961 1769 1110 1806 merito.
1167 1767 1360 1804 Videbam
1379 1766 1483 1805 enim
1501 1766 1582 1804 fore
1601 1765 1722 1812 brevi,
1754 1772 1796 1803 ut

341 1833 509 1883 optimus
543 1833 762 1871 Latinitatis
797 1839 945 1878 auctor,
974 1833 1039 1882 qui
1072 1831 1283 1868 innumeris
1317 1837 1406 1868 ante
1432 1829 1585 1867 mendis
1605 1829 1795 1875 scatebat,

343 1909 446 1934 nunc
467 1897 582 1947 paulo
602 1896 829 1947 castigatior
847 1896 981 1946 majori
1014 1908 1101 1933 cum
1130 1894 1341 1945 voluptate,
1373 1900 1490 1944 atque
1523 1891 1623 1930 adeo
1652 1892 1797 1943 majore

343 1974 432 1998 cum
453 1961 593 2006 fructu,
624 1974 740 2011 quam
772 1966 903 2006 antea,
937 1972 961 1997 a
992 1958 1273 2008 ludimagistris
1303 1957 1478 2009 pueritiae
1509 1955 1796 2007 praelegeretur.

345 2025 444 2068 Quae
466 2024 564 2062 adeo
584 2036 661 2062 non
682 2023 821 2061 fefellit
839 2023 1075 2074 conjectura,
1098 2029 1152 2068 ut,
1181 2021 1378 2059 distractis
1399 2033 1542 2071 magno
1570 2019 1799 2070 bibliopola·

344 2102 426 2126 rum
443 2087 648 2126 commodo
665 2088 963 2138 exemplaribus,
980 2098 1111 2123 rursus
1128 2084 1267 2122 excudi
1283 2092 1436 2136 coeptus
1453 2084 1502 2121 sit
1513 2083 1796 2134 Vitembergae:

345 2165 435 2189 mox
465 2165 488 2189 a
514 2153 629 2189 Joan.
665 2152 820 2189 Secerio
849 2151 1081 2202 Haganoae:
1114 2155 1204 2200 post
1230 2148 1346 2186 etiarn
1377 2147 1669 2198 Norimbergae:
1698 2160 1799 2198 prae·

346 2222 453 2253 terea
469 2215 572 2266 apud
589 2214 792 2252 Coloniam
806 2214 1072 2265 Agrippinam,
1087 2215 1135 2251 ab
1153 2212 1342 2250 Euchario
1359 2212 1523 2263 primum
1543 2211 1798 2249 Cervicorno:

346 2279 484 2316 iterum
505 2291 527 2315 a
545 2279 662 2317 Joan.
696 2279 831 2316 Sotere
850 2292 859 2316 :
890 2269 1002 2316 tertio
1036 2277 1203 2328 denique
1223 2290 1247 2314 a
1265 2277 1381 2314 Joan.
1403 2275 1612 2327 Gymnico,
1630 2276 1710 2313 viro
1731 2288 1800 2326 op-

349 2342 456 2386 timo,
490 2349 529 2380 et
547 2342 639 2379 mihi
659 2349 786 2380 vetere
808 2341 1093 2380 necessitudine
1112 2340 1447 2393 conjunctissimo.
1503 2338 1566 2376 Ad
1596 2339 1682 2376 haec
1711 2339 1799 2376 Mo·

350 2406 497 2455 guntiae
518 2405 723 2456 aliquoties
743 2414 782 2444 et
800 2405 1074 2456 Argentorati:
1105 2412 1149 2443 ut
1177 2405 1226 2443 de
1256 2404 1395 2442 ceteris
1421 2408 1586 2440 taceam.
1643 2402 1800 2440 Interim

350 2482 439 2506 cum
457 2470 538 2519 ipse
560 2483 714 2520 quoque
743 2482 832 2508 eum
863 2476 1058 2508 auctorem
1079 2469 1264 2507 studiosis
1287 2466 1520 2519 quibusdam
1540 2465 1800 2504 enarrandum

352 2533 624 2582 suscepissem,
654 2534 757 2571 sensi
778 2533 950 2580 tandem,
971 2533 1010 2571 id
1031 2534 1135 2585 quod
1156 2540 1251 2578 erat,
1283 2529 1642 2576 Melanchthonem,
1675 2530 1801 2580 gravi-

352 2596 484 2633 oribus
505 2597 619 2633 rebus
641 2603 887 2648 occupatum,
916 2603 1036 2647 utque
1057 2597 1140 2648 ipse
1159 2609 1228 2648 pro
1247 2608 1318 2634 sua
1336 2592 1527 2632 modestia
1555 2592 1724 2644 ingenue
1742 2593 1800 2631 fa-

352 2665 466 2704 tetur,
499 2660 686 2697 veteribus
707 2661 893 2710 exemplis
913 2661 1018 2698 haud
1038 2662 1131 2699 satis
1157 2661 1400 2704 instructum,
1431 2669 1510 2694 non
1540 2657 1589 2694 ab
1622 2657 1800 2695 omnibus

356 2722 511 2760 omnino
544 2722 693 2760 mendis
724 2723 843 2771 (absit
873 2723 1017 2761 invidia
1037 2723 1159 2772 dicto)
1179 2722 1327 2761 Comici
1348 2719 1470 2760 nostri
1491 2718 1658 2758 Fabulas
1678 2720 1801 2758 vindi-
