1903 3306
528 240 595 269 An
629 239 800 269 METRA
833 237 1090 268 TERENTn.
1452 228 1536 269 191

192 333 314 373 Andr.
337 339 400 371 act
421 345 461 370 v.
481 345 536 370 sc.
553 334 590 370 5.
610 335 649 369 4.
680 336 690 353 ‘
706 331 822 375 Quod
841 330 1062 382 voluptates
1078 343 1212 368 eorum
1229 330 1395 381 propriae
1416 337 1506 369 sunt
1524 344 1533 368 :

292 410 381 435 nam
401 397 452 433 mi
468 395 759 434 immortalitas.’

138 461 209 500 Est
228 460 448 499 octonarius
469 459 656 496 iambicus
678 457 916 496 acatalectus
934 470 942 500 3
979 456 1096 495 debet
1116 456 1234 507 igitur
1254 469 1340 494 esse
1354 456 1533 495 Creticus

82 524 192 562 initio
212 522 479 561 dimensionis.
522 522 576 559 At
595 528 730 559 contra
751 521 860 557 aiunt
880 520 1092 557 secundam
1114 519 1304 571 syllabam
1324 521 1377 566 in,
1397 521 1534 571 volup-

82 596 199 635 tates,
232 601 318 626 esse
347 588 515 632 brevem,
547 584 651 635 quod
684 584 774 621 mihi
795 583 950 634 quidem
970 583 1122 622 videtur
1152 583 1390 621 incredibile.
1450 584 1536 621 Me-

82 653 156 691 lius
185 651 292 689 dicas
312 652 472 701 primam
494 649 696 700 syllabam,
719 661 807 698 quae
826 647 954 685 brevis
976 654 1049 693 est,
1069 648 1123 684 ita
1142 647 1280 697 raptim
1308 648 1535 698 pronuntia-

81 721 161 753 tam
181 715 315 761 fuisse,
338 721 378 751 ut
399 726 476 750 non
497 712 716 755 audiretur;
751 718 791 748 et
822 723 906 761 pr0,
928 711 1030 756 volu,
1060 710 1264 756 diceretur,
1297 710 1379 755 ulu,
1414 724 1479 761 per
1501 711 1535 746 V

81 790 311 816 consonum.
367 777 510 814 Verum
530 776 616 813 haec
639 775 733 813 satis
755 775 802 813 de
832 775 1000 812 Cretico.
1058 774 1190 820 Dices,
1212 774 1315 816 Quid
1347 774 1418 820 ais,
1448 781 1536 812 tan-

82 841 203 880 dem?
231 842 292 878 An
313 839 544 878 admittendi
567 846 658 876 sunt
684 838 826 876 Cretici
859 838 896 874 in
916 839 1079 885 iambos,
1110 839 1147 875 in
1168 837 1413 876 trochaicos?
1445 838 1534 875 Non

80 905 265 942 arbitror:
312 917 400 941 cum
436 905 473 941 in
514 903 668 940 Cretico
701 903 787 952 plus
825 902 1008 952 temporis
1042 903 1222 939 absumat
1256 902 1534 952 pronuntiatiO,

81 980 197 1018 quam
217 969 255 1004 in
277 966 479 1019 spondaeo,
499 967 560 1004 cui
582 974 710 1004 tamen
731 967 769 1003 in
790 966 964 1003 iambicis
991 965 1149 1003 comicis
1180 971 1219 1002 et
1238 965 1395 1015 tragicis
1424 965 1535 1004 locus

79 1037 151 1070 est.
208 1032 262 1068 At
282 1038 372 1069 sunt
389 1037 519 1069 tamen
542 1031 683 1068 Cretici
704 1030 777 1067 illis
795 1030 970 1067 versibus
993 1030 1171 1080 superius
1191 1028 1330 1079 positis
1348 1028 1363 1065 ἲ
1394 1029 1535 1068 Fateor

80 1093 121 1131 id
140 1093 296 1144 quidem
315 1108 324 1132 z
370 1095 439 1132 sed
466 1096 491 1132 ii
522 1108 600 1132 non
629 1094 904 1144 pronuntiandi
924 1100 967 1130 ut
988 1093 1142 1131 Cretici.
1201 1092 1306 1136 Quid
1324 1092 1406 1130 ita?
1437 1093 1535 1131 Haec

81 1158 217 1208 regula
246 1165 352 1196 certa
384 1171 471 1196 esse
501 1158 665 1204 videtur,
698 1171 784 1195 cum
816 1171 839 1195 a
864 1163 1002 1194 natura
1037 1155 1330 1207 proficiscatur:
1375 1156 1535 1207 Syllaba

77 1222 205 1260 brevis
225 1222 324 1260 inter
355 1222 453 1260 duas
481 1223 620 1272 longas
651 1221 778 1271 posita
804 1221 868 1258 vix
893 1220 1068 1271 pervenit
1100 1219 1150 1257 ad
1183 1232 1354 1256 sensum.
1401 1220 1445 1257 ld
1468 1233 1535 1258 au-

80 1292 159 1325 tem
186 1287 225 1324 ni
260 1294 377 1332 esset,
407 1287 473 1336 qui
507 1286 666 1323 tandem
687 1284 874 1335 Virgilius
902 1285 1095 1335 potuisset
1114 1283 1255 1329 dicere,
1282 1283 1421 1333 aspris,
1451 1297 1535 1334 pro,

80 1350 255 1402 asperis?
283 1350 437 1396 circlos,
458 1362 541 1400 pro,
562 1348 757 1387 circulos?
785 1351 860 1387 &c.

133 1413 194 1451 De
228 1413 421 1465 tribrachy
455 1412 551 1449 nihil
582 1425 744 1450 necesse
776 1418 837 1449 est
871 1411 1023 1455 dicere;
1068 1424 1156 1448 cum
1186 1423 1253 1462 pes
1287 1411 1350 1448 ille
1382 1417 1534 1462 tempus

79 1477 196 1515 iambi
214 1477 388 1526 impleat,
408 1482 447 1513 et
467 1475 632 1513 eundem
653 1481 800 1513 motum
820 1474 976 1512 habeat.

132 1539 524 1584 proceleusmaticus,
562 1538 602 1575 id
637 1545 710 1583 est,
740 1538 818 1575 duo
839 1537 1068 1588 Pyrrhichii,
1098 1551 1166 1576 seu
1195 1546 1361 1589 quatuor
1384 1540 1534 1586 breves,

78 1618 168 1644 cum
195 1604 361 1654 spatium
388 1603 565 1653 spondaei
586 1608 805 1646 consumat,
826 1602 887 1639 cui
908 1601 1096 1652 spondaeo
1125 1602 1190 1653 jus
1221 1610 1281 1640 est
1314 1603 1475 1642 sedendi
1496 1604 1534 1641 in

77 1667 252 1706 iambicis
287 1674 326 1704 et
359 1666 580 1713 trochaicis,
614 1666 749 1703 mirum
785 1678 871 1703 esse
905 1678 983 1702 non
1004 1665 1133 1712 debet,
1164 1667 1195 1704 si
1217 1667 1320 1717 apud
1354 1667 1534 1705 Comicos

77 1732 258 1782 frequens
280 1731 513 1781 reperiatur3
554 1743 644 1768 nam
664 1736 704 1768 et
732 1730 770 1767 in
800 1731 954 1781 tragicis
985 1731 1263 1769 recentioribus
1287 1731 1396 1769 illum
1417 1731 1536 1769 inter·

81 1793 173 1832 dum
192 1794 378 1845 reperias.

187 1858 232 1895 In
253 1857 377 1895 Andr.
407 1861 416 1878 ‘
436 1857 495 1894 Ita
515 1857 672 1894 faci—am
693 1857 768 1894 hoc
789 1856 980 1907 primum‚’
1000 1860 1073 1894 &c.

186 1922 275 1959 Act.
292 1934 321 1958 1.
337 1933 391 1958 sc.
413 1922 551 1958 1.123.
568 1925 577 1942 ‘
595 1920 928 1957 Sati'vehe-mens
942 1932 1062 1957 causa
1076 1920 1125 1957 ad
1140 1920 1533 1971 objurgandum,’&0.

134 1984 220 2023 Nisi
236 1984 343 2022 dicas
364 1997 451 2023 esse
471 1991 729 2035 anapaestum,
750 1997 838 2021 cum
860 1984 965 2034 apud
987 1984 1191 2022 Horatium
1212 1985 1320 2034 legas
1338 1997 1347 2021 z

186 2051 195 2068 ‘
212 2048 395 2093 Vemens,
415 2054 455 2085 et
473 2047 660 2098 liquidus,
688 2060 863 2098 puroque
884 2047 1100 2085 simillimus
1121 2047 1252 2086 amni]

185 2111 273 2149 Act.
294 2124 365 2148 111.
389 2124 445 2150 sc.
471 2113 504 2148 1.
530 2112 591 2149 19.
635 2116 644 2132 ‘
662 2111 766 2148 Num
795 2111 995 2148 immernor
1015 2124 1056 2148 es
1078 2110 1309 2162 discipuli?
1339 2124 1413 2162 ego
1441 2111 1534 2161 quid

292 2187 425 2212 narres
454 2174 588 2213 neseio
607 2187 616 2211 :
634 2174 644 2190 ⁷

81 2238 130 2277 ad
165 2251 279 2289 quern
298 2251 452 2275 versum
482 2244 620 2275 notant
653 2237 811 2287 quidam
845 2250 929 2287 pro,
961 2236 1156 2287 discipuli,
1189 2238 1534 2288 pronuntiandum,

81 2301 245 2351 discipli,
266 2301 524 2352 trisyllabice3
555 2301 595 2338 id.
615 2301 721 2351 quod
741 2307 871 2339 tamen
891 2301 1018 2339 minus
1050 2314 1211 2340 necesse
1240 2309 1300 2339 est
1320 2302 1369 2339 ad
1389 2301 1537 2339 dimen-

82 2365 228 2403 sionem
246 2377 378 2402 versus
400 2363 780 2414 deprehendendam.
836 2365 979 2402 Verum
1014 2365 1126 2414 plura
1159 2364 1302 2402 addere
1322 2364 1415 2402 nihil
1435 2377 1533 2415 opus

82 2434 155 2466 est.

134 2491 265 2536 Nunc,
286 2489 392 2541 quod
419 2489 560 2536 dicam,
580 2489 619 2526 id
642 2502 728 2527 esse
749 2503 880 2528 verum
906 2489 1110 2537 videbitur,
1130 2497 1169 2528 et
1188 2503 1265 2528 non
1286 2497 1347 2528 est
1374 2498 1503 2529 tamen
1522 2506 1531 2534 ;

81 2553 292 2592 molossum
313 2553 474 2600 scilicet,
494 2554 526 2591 is
542 2566 589 2590 ex
604 2554 727 2591 tribus
747 2554 874 2605 longis
895 2561 1063 2600 constat,
1084 2567 1152 2604 pro
1172 2554 1313 2602 iambo,
1332 2555 1534 2605 spondaeo,

83 2625 150 2656 aut
178 2624 378 2668 anapaesto
397 2618 510 2664 sumi,
528 2618 672 2668 pagina
692 2618 843 2655 decima
859 2625 997 2656 octava
1015 2631 1023 2656 ε
1065 2622 1074 2639 ‘
1094 2618 1182 2656 Sive
1203 2618 1278 2656 ista
1297 2632 1427 2665 u-xor‚
1450 2620 1531 2657 sive

84 2681 207 2719 amica
228 2688 300 2727 est,
321 2681 482 2732 gravida
502 2694 522 2719 e
543 2681 747 2732 Pamphilo
763 2683 849 2719 est.'

138 2744 215 2783 Sed
237 2744 289 2783 ibi
307 2758 471 2784 errorem
492 2758 578 2786 esse
599 2752 707 2797 puto,
729 2745 776 2784 de
796 2759 873 2799 quo
893 2746 932 2784 in
959 2745 1142 2790 Notulis;
1172 2759 1299 2796 neque
1320 2747 1419 2784 enim
1440 2739 1535 2783 mihi
