1903 3306
561 253 623 282 DE
656 252 853 282 commis
887 252 1144 285 vmzsissus.
1487 248 1570 289 179

121 345 196 384 Ubi
216 353 343 385 tamen
365 352 404 385 et
436 345 612 396 διαίρεσις
639 361 725 386 esse
754 354 883 399 potest
912 348 1091 387 dictionis
1122 348 1211 398 ‘qui
1229 347 1251 386 ε’
1281 356 1321 387 ut
1355 358 1393 388 et
1422 351 1458 388 in
1490 352 1563 390 hoc

119 422 232 447 versu
249 423 258 447 ε

288 477 341 513 At
359 481 495 513 contra
512 489 599 526 quae
621 488 750 513 amara
771 482 887 526 atque
908 488 1046 527 aspera
1065 489 1228 526 cumque
1245 477 1437 516 videntur.

118 562 168 599 Et
187 560 290 612 apud
304 559 508 598 Horatium
528 572 680 597 rursum
700 560 767 597 lib.
787 573 857 597 111.
890 561 1018 598 Carm.

329 635 417 672 Jam
435 634 558 671 virum
576 640 744 684 expertae
764 634 864 672 male
885 635 1064 673 ominatis

642 697 794 735 Parcite
817 698 956 736 verbis.

112 779 164 817 Et
184 780 360 818 Sermon.
381 778 447 816 lib.
469 791 499 817 1.
530 779 657 816 Satira
673 780 712 817 9.

325 853 366 890 Si
386 866 446 890 me
465 865 585 899 amas,
606 853 743 903 inquit,
765 853 922 903 paulum
944 854 1006 892 hic
1024 854 1133 893 ades.

109 939 205 977 Item
225 951 314 977 cum
333 938 517 981 retinetur
535 939 647 977 litera
665 953 715 986 m,
750 942 1003 984 ‹⁹111e¹x6)u⁷rros,
1024 947 1106 978 tum
1126 940 1278 980 collisio
1313 942 1456 980 usitata
1476 943 1555 980 fieri

111 1015 188 1041 non
209 1008 350 1053 potest,
371 1009 439 1040 ut:

320 1077 524 1127 Insignata
541 1077 619 1116 fere
641 1085 720 1116 tum
741 1078 860 1117 millia
878 1079 1041 1117 militum
1063 1085 1166 1118 octo.

111 1152 164 1190 Ut
184 1151 369 1190 Horatius
388 1163 397 1188 :

427 1214 492 1252 Nil
508 1227 608 1266 opus
628 1221 688 1253 est
706 1221 743 1253 te
763 1216 990 1267 circumagi.

108 1278 261 1317 Lucret.
281 1278 348 1316 lib.
366 1291 439 1316 ιιι.

262 1342 441 1392 Namque
460 1353 695 1393 papaverum
716 1355 809 1380 aura
827 1349 958 1394 potest
978 1354 1183 1394 suspensa,
1203 1341 1388 1393 levisque⁹

104 1407 156 1445 Et
174 1406 272 1445 libro
294 1418 325 1444 1.

424 1470 638 1520 Corporum
657 1469 695 1506 in
715 1470 873 1520 plumbo
895 1476 970 1507 est.

103 1533 152 1574 Et
171 1546 327 1572 rursus:

421 1596 516 1633 Plus
535 1595 574 1632 in
595 1608 636 1632 se
655 1607 857 1646 corporum
877 1607 976 1633 esse.

101 1659 151 1698 Et
169 1672 257 1698 mox
275 1672 285 1697 ε

418 1722 632 1773 Corporum
653 1721 812 1772 augebit
833 1735 1047 1761 numerum.

99 1786 149 1824 Et
167 1786 287 1838 paulo
306 1792 397 1837 post
414 1798 423 1824 ε

470 1849 687 1901 Corporum
708 1855 823 1900 atque
843 1849 931 1887 loci.

98 1925 147 1962 Et
165 1937 316 1962 rursum
335 1923 403 1962 lib,
424 1936 497 1961 111.

466 1984 544 2023 Sed
565 1984 655 2023 dum
676 1986 788 2023 abest
806 1984 912 2036 quod
933 1997 1102 2024 avemus.

95 2049 146 2087 Et
163 2049 258 2087 libro
281 2063 331 2088 11.

464 2112 680 2162 ceteraque
700 2124 787 2149 cum
808 2111 863 2148 ita
883 2116 986 2148 sunt.

95 2178 146 2216 Et
165 2176 263 2215 hoc:

465 2238 568 2276 Nam
587 2237 694 2288 quod
714 2237 899 2275 fluvidum
919 2243 991 2275 est.

91 2337 220 2387 Atque
254 2336 369 2373 etiam
397 2333 588 2372 vocalium
622 2346 853 2371 concursum
888 2339 927 2370 et
961 2331 1281 2379 contractionem,
1312 2333 1541 2384 interposita

89 2400 201 2438 litera
221 2399 259 2445 d,
280 2398 573 2449 prohibuerunt.
623 2398 732 2434 Sicut
751 2398 811 2434 in:
832 2396 961 2443 redeo,
981 2395 1180 2441 redhibeo,
1200 2395 1405 2447 redarguo,
1426 2397 1542 2435 redo-

88 2462 164 2510 leo,
184 2462 393 2508 reduncus,
427 2469 466 2498 et
485 2461 523 2498 in
545 2460 706 2497 diversis
727 2459 987 2497 dictionibus:
1017 2459 1215 2509 mederga,
1237 2458 1377 2497 tedhoc
1398 2462 1537 2498 noctis,

92 2526 299 2577 Italongae
318 2526 395 2562 illae
415 2532 587 2570 manent,
621 2524 654 2560 si
683 2532 822 2560 natura
851 2522 980 2573 longae
1015 2528 1117 2560 sunt.
1178 2522 1238 2559 De
1268 2523 1328 2560 his
1363 2524 1542 2576 exempla

89 2589 269 2639 quaedam
289 2589 471 2626 Plautina
504 2588 721 2638 promiscue
754 2599 909 2637 ponam,
940 2598 1066 2638 pauca
1095 2584 1161 2623 illa
1192 2586 1362 2636 quidem,
1398 2587 1466 2625 sed
1489 2587 1537 2626 de

87 2653 227 2706 quibus
248 2653 390 2690 similes
410 2652 484 2690 loci
505 2651 618 2689 facile
640 2650 823 2701 explicari
851 2663 966 2701 posse
986 2649 1214 2688 videantur:

191 2737 280 2777 Jam
298 2736 338 2775 hi
359 2737 471 2775 ambo
492 2742 531 2775 et
552 2748 684 2774 servus
706 2741 744 2774 et
764 2735 857 2774 hera
876 2735 1018 2774 frustra
1039 2742 1129 2774 sunt
1148 2734 1242 2776 duo.
