1903 3306
234 250 321 292 314
737 262 777 293 P.
809 262 1051 294 TERENTH
1084 265 1202 296 Amr

238 357 450 412 Magnum
491 356 677 412 signum.
755 360 848 402 DA.
903 360 1019 402 Num
1061 362 1262 404 videntur
1314 361 1552 405 convenire
1595 363 1692 406 haec

405 427 608 482 nuptiis?

237 493 324 534 ΡΑ.
356 493 461 536 Non
490 496 658 550 opinor,
693 496 834 538 Dave.
895 497 1207 571 Dmgpinor,
1239 498 1421 538 narras?
1452 510 1542 539 non
1573 503 1695 540 recte

405 563 590 617 accipis.
1066 566 1174 580 ““““
1635 566 1693 608 30

236 627 372 671 Certa.
390 643 463 671 res
484 636 572 674 est:
606 632 737 673 etiam
759 644 944 685 puerum
967 632 1068 673 inde
1091 633 1248 674 abiens
1271 632 1458 674 conveni
1479 631 1694 683 chremis‚

236 696 370 739 Olera
389 702 432 739 et
450 699 692 753 pisciculos
714 701 907 740 minutos
926 700 1041 741 ferre
1062 700 1193 741 obolo
1214 700 1257 741 in
1278 713 1452 742 coenam
1472 701 1580 742 seni.

236 765 326 808 CH.
351 766 584 808 Liberatus
603 781 700 809 sum
719 768 870 818 hodie,
895 768 1039 818 Dave,
1062 773 1141 809 tua
1163 781 1311 822 opera.
1344 768 1438 809 DA.
1458 766 1529 810 Ac
1549 769 1696 812 nullus

406 835 599 890 quidem.

242 902 332 944 CH.
354 901 474 953 Quid
494 903 593 944 ita?
613 915 768 956 nempe
789 902 893 945 huic
913 917 1089 959 prorsus
1109 903 1231 945 illam
1251 916 1340 946 non
1361 903 1450 946 dat.
1499 905 1593 947 DA.
1616 905 1696 947 Ri-

408 970 600 1012 diculum
624 971 785 1025 caput!

238 1038 382 1090 Quasi
403 1052 588 1094 necesse
610 1039 682 1090 sit,
705 1040 742 1080 si
765 1039 867 1081 huic
888 1052 975 1082 non
996 1040 1086 1092 dat,
1108 1046 1151 1082 te
1173 1041 1294 1083 illam
1315 1053 1496 1083 uxorem
1517 1041 1696 1085 ducere.

441 1092 528 1111 νων

237 1196 305 1218 osus
321 1197 361 1220 es.
406 1188 561 1228 Magnum
577 1188 726 1220 iudicium
739 1191 785 1219 est
805 1188 933 1229 nuptias
955 1199 1015 1220 uon
1026 1189 1146 1228 parari.
1193 1189 1261 1220 DA.
1286 1189 1371 1220 Num
1386 1189 1530 1221 videntur
1538 1189 1700 1220 convenire

238 1230 304 1261 laoec
320 1231 444 1270 suturis
459 1229 603 1272 nuptiis?
650 1231 715 1262 ΡΑ.
741 1231 816 1262 Non
839 1232 960 1272 opinor,
989 1232 1091 1263 Dave.
1136 1231 1204 1263 DA.
1233 1232 1367 1272 Ορίηον,
1389 1231 1519 1272 inquis?
1541 1242 1602 1264 uon
1617 1236 1701 1263 recle

238 1273 390 1314 intelligis
404 1285 413 1305 :
437 1280 521 1306 certa
537 1285 585 1306 res
598 1278 656 1314 est,
682 1285 743 1305 uon
760 1274 875 1315 opinio.
920 1274 1092 1313 Praetereu,
1107 1274 1267 1306 discedens
1291 1275 1390 1314 illinc,
1406 1276 1531 1306 conteni
1544 1275 1702 1306 servulum

242 1316 429 1357 Chremetis,
454 1317 507 1358 qui
522 1318 643 1349 dicebat
658 1328 690 1349 se
701 1318 792 1356 serre
817 1318 911 1357 olera,
925 1320 955 1348 et
969 1317 1105 1348 minutos
1119 1317 1294 1358 pisciculos,
1314 1317 1397 1349 obolo
1413 1322 1521 1358 emtas,
1536 1319 1569 1350 iu
1584 1327 1701 1350 coenam

240 1360 318 1390 seui.
363 1361 432 1392 CH.
468 1361 634 1392 Liberatus
657 1371 725 1392 sum
751 1361 840 1391 hodie
864 1360 948 1391 omni
969 1371 1043 1391 cura
1069 1364 1099 1391 et
1124 1364 1207 1392 melu
1233 1364 1287 1392 tua
1312 1371 1416 1401 opera.
1469 1362 1542 1393 DA.
1565 1360 1701 1392 Minime

240 1402 362 1442 quidem
378 1404 525 1434 liberatus
538 1414 580 1435 es.
626 1404 695 1436 Cu.
720 1404 804 1439 Quia
828 1402 898 1434 ila?
924 1404 1043 1444 Nempe
1071 1404 1217 1434 Chremes
1239 1414 1297 1435 uon
1312 1405 1367 1435 dut
1372 1404 1480 1446 filium
1494 1414 1583 1435 suam
1603 1403 1699 1435 Pam-

243 1445 337 1485 philo.
383 1447 454 1479 DA.
479 1447 660 1479 Ridiculum
671 1447 845 1478 homiuem.-
866 1447 954 1488 quasi
968 1456 1087 1478 necesse
1098 1448 1152 1483 sit,
1167 1446 1195 1478 si
1208 1447 1258 1478 ille
1269 1457 1329 1479 uon
1343 1448 1395 1478 dal
1404 1446 1511 1489 filiam
1526 1446 1703 1488 Pamphilo,

848 1565 1085 1578 “oe-“eeu“

239 1648 305 1681 Sed
324 1649 403 1690 quid
423 1649 557 1681 tandem
574 1658 609 1681 se
625 1650 712 1682 scire
729 1649 814 1681 dicit
828 1650 1050 1690 Pamphilus?
1082 1650 1129 1681 Et
1145 1648 1236 1689 vide,
1260 1658 1360 1690 quam
1376 1647 1464 1680 bene
1481 1647 1628 1689 quadret
1643 1657 1701 1679 ex-

239 1693 352 1723 ultans
368 1692 450 1723 illud
467 1697 475 1710 ⁴
487 1694 651 1734 Magnum
665 1694 796 1734 signum
806 1693 814 1706 '
832 1694 950 1733 tepido
965 1695 974 1710 ‘
987 1694 1067 1725 Non
1081 1692 1214 1733 opinor,
1228 1691 1350 1724 Dave!
1377 1691 1487 1723 Immo
1499 1691 1702 1732 gravissimo

241 1735 358 1774 verb0‚
380 1736 388 1752 ‘
404 1736 503 1775 Scio,'
526 1736 546 1768 i.
562 1746 593 1768 e.
621 1742 717 1768 certo
745 1737 829 1775 scio,
851 1735 928 1767 finit
954 1737 1143 1767 orationem
1170 1745 1311 1775 servus3
1333 1735 1343 1752 ‘
1357 1735 1520 1775 Magnum
1547 1734 1703 1774 signuui'

241 1783 354 1809 autem
371 1778 526 1809 calidiori
540 1779 687 1810 Charino
701 1779 916 1810 tribuendum
934 1784 998 1811 est.
1014 1779 1201 1810 Bam-29
1220 1779 1308 1809 Num
1324 1776 1569 1818 ἐμφατικώτερος
1584 1777 1702 1817 lectio,

242 1831 344 1862 quani
360 1822 419 1852 illa
436 1822 646 1862 quorundam
663 1823 748 1853 Mss.
766 1823 849 1853 Non.
871 1823 980 1854 West.
1024 1823 1132 1853 Vetus
1160 1821 1245 1852 Cod.
1266 1821 1422 1860 Magnum
1435 1822 1560 1860 siguum
1574 1822 1622 1852 est
1635 1819 1702 1851 hoc.

241 1864 341 1896 Lind.
373 1865 488 1896 Verba
502 1866 510 1882 ‘
522 1875 619 1897 conc.
637 1865 709 1897 liaec
721 1865 729 1878 '
746 1866 887 1896 invertit
904 1865 990 1896 GM.
1025 1864 1118 1896 Nihil
1134 1864 1195 1895 viel.
1213 1863 1327 1895 Guelf.
1344 1866 1460 1895 2.—31
1477 1865 1546 1895 Do.
1562 1863 1703 1894 Chremi.

239 1907 298 1938 Sic
315 1912 348 1938 et
366 1908 450 1939 Mss.
465 1909 614 1950 quidam,
631 1915 663 1939 et
679 1919 721 1940 ex
737 1908 838 1939 editis
855 1908 1090 1939 vetustissimi.
1119 1908 1215 1939 West.
1251 1906 1340 1938 Illud
1356 1907 1483 1938 conveni
1498 1906 1643 1937 alienum
1659 1905 1702 1937 ab

241 1951 305 1981 hoc
329 1951 402 1981 loco
423 1956 489 1983 est.
533 1951 656 1991 Itaque
685 1961 814 1992 repone
839 1952 994 1991 conspexi.
1040 1950 1189 1990 Deinde,
1217 1950 1281 1980 etsi
1309 1950 1467 1980 Valerius
1492 1948 1626 1980 Probus
1642 1948 1705 1988 ait,

242 1994 332 2034 apud
349 1994 548 2026 Terentium
572 1997 580 2011 ‘
595 1995 746 2026 Chremis
759 1994 766 2008 ’
790 2000 826 2026 et
848 1999 856 2012 ⁶
871 1993 1061 2026 Chremetis
1073 1993 1081 2007 '
1107 1994 1138 2024 in
1157 1993 1306 2033 genitivo
1324 1992 1412 2023 dici:
1438 1991 1636 2023 auctoritati
1653 1996 1701 2023 ta-

241 2046 318 2067 men
336 2037 463 2068 Donati
481 2037 665 2077 parendum
683 2042 854 2078 putamus,
872 2037 959 2068 adeo
974 2042 1011 2068 ut
1027 2037 1176 2076 legamus
1195 2035 1331 2067 Chremi.
1355 2036 1457 2066 Beni.
1504 2034 1596 2066 Nihil
1612 2043 1703 2066 corn-

241 2079 373 2111 modius
390 2081 538 2111 Bentleii
555 2081 756 2121 conjectura
772 2080 917 2120 legentis
932 2080 1087 2120 conspexi.
1131 2079 1285 2110 Donatus
1303 2083 1338 2110 et
1353 2078 1510 2109 meliores
1526 2077 1625 2108 codd.
1645 2077 1702 2108 ha-

243 2122 326 2154 beut
343 2123 480 2154 Chremi.
526 2124 614 2155 Nam
634 2124 712 2154 talia
734 2125 870 2155 nomina
892 2123 1018 2164 duplici
1035 2121 1133 2153 inodo
1150 2122 1377 2153 declinantur.
1401 2122 1443 2152 R.
1462 2121 1594 2152 D.-32
1618 2120 1703 2153 Qni-

244 2165 321 2196 dain
339 2167 423 2197 Mss.
442 2167 572 2207 legunt,
587 2170 683 2198 emtas
699 2166 794 2198 obolo.
830 2167 969 2206 Guyeto
987 2165 1161 2207 placebat,
1180 2166 1277 2196 Olera
1293 2168 1321 2196 et
1338 2163 1606 2205 pisciculosferret
1619 2163 1704 2194 obolo

242 2219 312 2239 com
327 2210 403 2240 seui.
429 2209 533 2240 West.
581 2212 646 2249 Ne,
663 2210 759 2250 obolo,
773 2210 860 2251 quod
884 2210 937 2241 hic
959 2209 1131 2249 emphasin
1148 2208 1274 2238 habere
1289 2208 1404 2246 debet,
1419 2212 1529 2238 totum
1548 2206 1581 2237 iu
1597 2205 1703 2237 'l'liesi

246 2252 370 2283 lateat:
397 2253 550 2284 ordinem
581 2259 674 2284 uinta
699 2254 747 2283 sic
763 2265 769 2284 ε
787 2254 820 2291 f.
844 2254 877 2283 in
903 2263 977 2284 coen.
1005 2252 1052 2283 ob.
1078 2251 1154 2283 seui.
1178 2251 1279 2282 Beni.
1306 2260 1404 2290 quem
1429 2249 1583 2290 sequitui·
1608 2248 1702 2281 Perl.

246 2295 364 2326 Iloleru
381 2296 556 2327 Minu—33
573 2296 650 2328 Joh.
668 2297 817 2327 Clericus
835 2296 911 2327 Art.
927 2296 1013 2327 Crit.
1030 2304 1088 2326 111.
1106 2297 1135 2326 1.
1152 2297 1181 2325 6.
1199 2296 1252 2325 26.
1269 2293 1430 2332 malebat,
1448 2293 1517 2323 Huc
1533 2293 1600 2323 nul.
1628 2291 1702 2323 Me-

244 2339 309 2368 lius
329 2340 411 2369 Mss.
428 2338 563 2379 qnidam
582 2343 615 2369 et
633 2339 727 2375 edili,
750 2340 792 2370 At
810 2340 875 2370 nul.
899 2339 1006 2370 West.
1052 2338 1181 2369 Omnes
1198 2336 1298 2368 codd.
1316 2335 1438 2368 Faerni
1455 2335 1582 2366 hahent
1597 2339 1705 2374 recte,

245 2382 345 2420 bodie,
365 2384 465 2421 Dure,
482 2392 545 2413 uon
564 2383 669 2422 Doce,
693 2382 793 2421 bodie,
816 2383 865 2413 uti
885 2386 954 2413 tres
972 2392 989 2412 e
1006 2381 1155 2412 nostris:
1180 2386 1284 2422 atque
1299 2382 1359 2420 Ac,
1385 2389 1454 2410 nou
1470 2380 1528 2419 At,
1553 2381 1591 2410 ut
1616 2378 1703 2410 Put-

901 2483 932 2515 N
939 2483 1043 2515 0⁷1¹AE

248 2577 320 2603 vus,
343 2576 418 2607 pro,
442 2570 593 2597 ornatus.
633 2566 737 2596 Fores
758 2563 898 2596 floribus
913 2568 948 2595 et
1003 2563 1064 2595 tris
1105 2561 1371 2595 Turonensibns.
1430 2561 1561 2593 Obolus
1597 2561 1704 2602 igitur

247 2617 422 2648 frondibus
436 2616 549 2646 ornari
566 2620 824 2646 consueverant.
1002 2624 1078 2646 asse
1101 2614 1303 2653 Turonensi,
1331 2613 1385 2644 vel
1409 2612 1589 2643 duodecim
1612 2622 1705 2644 nnm-

290 2671 332 2700 32
357 2667 469 2707 obulo]
512 2667 655 2706 Obolus‚
691 2666 839 2697 minutus
882 2664 948 2696 fuit
1002 2666 1102 2696 mulis
1136 2664 1387 2696 Turonensibus
1422 2663 1573 2703 valebat,
1609 2664 1705 2696 douze

247 2730 402 2752 nummus
429 2720 584 2759 Graecus,
607 2723 704 2749 sexta
728 2728 806 2758 pai-s
830 2717 948 2750 drach·
1001 2717 1124 2748 deniers
1139 2715 1287 2747 tournois.

248 2781 325 2802 iuae.
378 2770 551 2802 brachma
578 2769 695 2800 Attica
727 2772 762 2798 et
789 2767 946 2799 denarius
1046 2770 1086 2798 33
1112 2768 1155 2798 At
1174 2767 1273 2798 nullus
1286 2765 1423 2807 quidem]
1446 2768 1454 2782 '
1471 2763 1617 2804 Nullus‚'
1633 2774 1705 2807 pro,

252 2825 425 2856 Romanus
452 2821 609 2854 valebant
633 2830 691 2851 sex
721 2818 848 2850 assibus
874 2828 946 2849 uos-
1003 2826 1080 2848 non.
