1903 3306
1509 263 1531 272 6
1510 233 1533 259 s)

1535 233 1562 272 cl(

538 237 742 267 ANDRIAE
773 238 882 267 Aer.
909 238 979 267 111.
1012 238 1080 268 sc.
1105 240 1134 268 1.
1476 232 1517 272 3·

114 330 272 381 Quem,
294 331 449 384 inquit,
472 331 527 372 ad
549 345 721 373 coenam
741 332 914 374 vocabo
936 346 1125 374 meorum
1149 334 1385 387 aequalium

111 398 401 439 Potissimum
421 400 568 439 nunc?
600 404 657 448 et,
682 399 800 457 {19qu
823 399 1054 440 dicendum
1075 401 1157 468 lii-e—
1169 402 1264 451 siet,

110 465 182 505 Tu
201 479 375 519 quoque
395 479 606 519 perparce
625 467 833 507 nimium:
866 480 953 507 non
976 468 1125 508 laudo.
1185 469 1253 510 Si.
1284 469 1423 511 Tace.

110 532 202 573 DA.
235 531 473 574 Commovi.
534 533 600 573 S1.
632 533 726 591 Ego
749 535 891 583 istaec,
912 539 1029 576 reete
1052 540 1098 577 ut
1117 535 1240 586 fiant,
1263 537 1426 579 videro.
1502 539 1558 580 25

111 598 336 649 Quidnam
355 600 437 642 hoc
458 601 520 641 rei
541 601 638 642 est?
672 602 775 654 quid
796 602 865 642 hic
886 602 983 643 volt
1005 608 1220 661 vesserator
1240 604 1326 644 sibi
1343 606 1361 645 C?

110 665 244 717 Nam,
278 668 316 708 si
345 668 417 709 hie
450 668 555 709 mali
585 674 656 710 est
693 670 944 723 quiequam,
978 672 1076 712 hem
1114 658 1204 713 illi‘c
1246 676 1318 713 est
1351 673 1455 715 huic
1495 676 1557 715 rei

281 738 425 788 capue

106 842 220 863 coenum
239 843 374 864 meorum
389 834 566 874 equalium,
588 835 723 866 maxime
747 845 828 866 nunc
849 836 883 867 in
908 837 965 867 hac
979 837 1158 878 nuptiarum
1180 837 1383 871 ceula-itate?
1408 841 1464 880 Ει,
1478 844 1557 881 quod

108 879 161 906 tua
175 875 264 906 venia
278 876 328 907 hic
342 875 466 907 absente
471 877 544 918 filio
559 878 660 908 dicere
674 878 777 916 debeo,
790 882 827 908 tu
839 889 953 919 quoque
965 890 1058 920 parce
1071 880 1202 911 nimium
1210 885 1343 912 sumtum
1351 882 1448 919 fucis.
1484 885 1556 915 Non

105 918 197 949 laudo
212 919 308 949 istud.
353 919 402 949 81.
428 920 519 951 Tace.
565 920 635 952 DA.
654 922 722 960 Ego
737 922 893 952 solicitavi
914 924 1050 953 animum
1073 922 1211 954 Simonis
1233 924 1308 954 meis
1331 926 1445 964 verbis,
1470 930 1500 957 et
1523 929 1556 958 in

105 961 306 1000 suspicionem
331 963 463 1000 adduxi,
492 971 545 993 nos
573 964 695 994 credere
722 964 846 1003 nuptias
872 975 939 995 enm
965 966 1119 996 simulare.
1168 967 1216 996 Sl.
1238 967 1310 1005 Ego
1335 969 1499 1007 providebo
1521 974 1556 1000 ut

104 1004 171 1033 Ιιαό
199 1004 340 1034 decenter
365 1009 516 1045 parentur
542 1008 572 1035 et
586 1006 685 1046 fiant.
733 1006 887 1042 Quidnam
913 1007 968 1037 hoc
993 1009 1040 1039 rei
1067 1006 1144 1040 est?
1166 1009 1310 1048 quidnam
1332 1011 1392 1041 sibi
1417 1012 1484 1042 vult
1506 1012 1556 1043 hie

105 1049 192 1077 cetus
210 1045 363 1084 fraudum
391 1047 607 1080 architectus?
659 1048 757 1087 Nam,
787 1049 815 1079 si
845 1050 906 1088 hic,
931 1050 964 1080 in
994 1051 1044 1081 his
1071 1051 1200 1091 nuptiis,
1229 1052 1392 1092 quicquum
1424 1054 1556 1095 impedi-

105 1089 201 1119 menti
227 1092 272 1120 est
287 1100 300 1127 ;
330 1089 411 1130 hem,
440 1091 474 1121 in
503 1091 558 1121 hoc
586 1101 689 1122 rerum
717 1092 842 1123 cardine
868 1092 1024 1133 proecipue
1053 1097 1195 1125 versatur
1224 1094 1311 1133 hujus
1345 1097 1557 1137 impedimenti

104 1135 207 1171 caput.

711 1208 947 1221 eeeeeeeeeeee

104 1279 239 1312 nonne?
263 1281 335 1311 Non
352 1290 413 1321 pro
426 1282 509 1313 Num
524 1281 639 1314 Guelf.
659 1286 772 1316 1.—-23
791 1285 961 1326 Interrog.
975 1286 1107 1327 signum
1123 1287 1181 1319 dat
1192 1287 1252 1319 Br.
1265 1292 1343 1328 post
1359 1288 1368 1306 ‘
1382 1288 1553 1321 siet.’-24

101 1325 193 1364 Lege
204 1333 262 1364 per·
275 1334 366 1363 parce
381 1325 523 1363 nimium,
535 1326 566 1356 h.
585 1336 613 1357 e.
631 1328 829 1367 pernimium
848 1339 962 1368 parce.
1009 1330 1110 1370 Nam,
1127 1332 1216 1370 quod
1234 1340 1338 1371 supra
1356 1334 1407 1363 19.
1434 1334 1442 1348 ⁵
1455 1332 1552 1363 nimi-

106 1376 159 1397 um
180 1366 301 1406 parce’
326 1366 473 1406 dixerat,
501 1368 534 1399 id
563 1378 652 1400 nunc
681 1370 876 1411 amplificat.
898 1373 1081 1404 Bent.--25
1106 1373 1161 1404 Ita
1187 1374 1287 1413 vulgo
1319 1373 1555 1415 distInguitur‚

103 1418 168 1440 nec
184 1410 283 1440 male.
307 1409 421 1440 Possit
434 1414 546 1441 tamen
565 1421 682 1443 sensus
698 1423 793 1445 esse:
819 1415 889 1454 Ego
904 1417 992 1446 istoec
1003 1419 1097 1451 recte,
1110 1416 1250 1458 utfiant,
1265 1416 1382 1448 videro.
1404 1419 1452 1449 Ut
1465 1419 1551 1449 adeo

98 1452 277 1492 jungenda
293 1452 372 1491 sint,
388 1456 468 1483 recte
483 1453 599 1494 videro,
617 1464 697 1494 non,
711 1457 897 1498 rectefiunt.
922 1458 1032 1489 West.
1079 1459 1161 1499 Ego,
1177 1459 1265 1489 istoec
1290 1460 1426 1501 utfiant,
1448 1461 1553 1493 videm

102 1494 257 1525 Bothius.
300 1495 404 1526 Rem,
432 1499 468 1526 et
495 1496 586 1528 Peri.
616 1498 745 1530 minora
769 1505 896 1540 puncta
911 1501 1171 1532 munuum—26
1189 1502 1292 1542 Lege,
1319 1502 1407 1537 Quid
1428 1503 1482 1534 hoc
1506 1508 1553 1535 est

99 1537 172 1568 reii.
196 1537 297 1568 Bent.
347 1537 502 1573 Quidnam
526 1539 581 1570 hoc
603 1544 648 1571 est
671 1550 705 1572 re
727 1542 807 1584 (sic)
834 1544 894 1574 dat
921 1544 1109 1575 Rom—27
1134 1545 1225 1585 Lege
1255 1544 1383 1585 mali'st,
1410 1556 1452 1577 ne
1478 1547 1552 1577 muli

100 1583 209 1611 totum
225 1580 259 1611 in
275 1579 378 1611 Thesi
394 1581 607 1613 obscuretur.
631 1583 723 1615 Bene.

752 1683 889 1715 NOTAE

142 1744 183 1773 23
209 1742 298 1777 Quod
318 1741 477 1774 dicendum
500 1744 550 1775 hic
564 1744 640 1786 siet]
664 1746 703 1777 Id
731 1752 793 1788 est,
891 1751 933 1780 26
963 1749 1140 1790 Veterator]
1167 1748 1368 1789 Imposturis
1384 1755 1548 1783 assuetus.

98 1791 153 1824 hie
168 1793 256 1824 inter
269 1802 343 1834 nos,
355 1802 419 1824 non
433 1793 524 1825 alibi.

488 2068 691 2111 ACTUS
725 2071 816 2112 III.
877 2072 1082 2114 SCENA
1115 2074 1152 2115 Ι.

266 2200 430 2231 MYSIS.
461 2202 593 2232 SIMO.
630 2204 808 2234 DAvUS.
844 2206 1035 2238 LESBIA.
1058 2209 1371 2241 GLYCERIUM.

95 2276 197 2318 MY.
228 2278 317 2320 ITA
341 2280 418 2334 pol
439 2282 705 2335 quidem‘res
727 2287 809 2335 est,
828 2287 873 2324 ut
894 2285 1025 2334 dixti,
1051 2285 1238 2328 Lesbia:

135 2394 214 2427 MY.
238 2396 292 2427 Ita
312 2397 365 2438 pol
378 2398 499 2438 quidem
513 2409 562 2430 res
576 2409 608 2431 se
629 2399 731 2441 habet,
756 2404 790 2431 ut
806 2401 931 2441 dixisti,
948 2401 1085 2433 Lesbia!
1107 2413 1165 2434 non
1173 2404 1271 2441 facile
1285 2403 1480 2435 invenientur
1494 2405 1544 2435 τίν-

704 2490 935 2502 mmmm„

136 2540 153 2568 1
178 2537 263 2570 Mss.
281 2539 430 2580 quidam,
453 2544 488 2572 ut
511 2541 597 2573 dixit
611 2542 736 2575 Lesbia.
762 2544 913 2576 Praestat
938 2550 1052 2576 autem
1078 2546 1182 2577 lectio
1198 2547 1289 2588 vulg.
1319 2548 1418 2580 West.
1464 2549 1541 2580 Duo

94 2584 224 2612 tantum
241 2581 341 2614 codd.
358 2583 486 2615 habent
508 2585 632 2616 uixisti.
676 2586 760 2619 Quae
787 2597 866 2618 vera
893 2592 946 2619 est
968 2589 1082 2620 lectIO.
1131 2589 1219 2620 Nam
1236 2591 1431 2622 concinnius
1455 2591 1544 2622 ‘res’

740 2676 883 2708 NOTAE

132 2735 265 2767 Laudat
287 2735 342 2768 hic
357 2736 390 2768 in
408 2736 575 2778 principio
595 2737 693 2778 hujus
707 2738 786 2770 See·
843 2740 968 2772 stantia
984 2751 1066 2782 erga
1083 2741 1293 2782 Glycerium.

91 2795 143 2816 nae
174 2786 281 2827 Mysis
310 2787 525 2828 Pamphilum
553 2798 572 2819 a
601 2787 679 2819 fidei
707 2799 785 2820 con-
