1903 3306
641 240 702 268 nr:
735 238 1006 269 TEREero.
1467 228 1554 271 259

94 336 248 385 fuisse,
279 335 318 375 si
339 334 493 375 Latine
520 334 640 387 loqui
662 333 848 375 vellent:
878 333 986 374 licet
1008 332 1235 374 Caecilium
1256 334 1463 376 laudibus
1494 336 1556 375 fe-

95 408 216 443 rant:
251 402 359 442 licet
390 401 585 442 Terentii
619 402 788 454 scripta
821 400 878 441 ad
910 400 1168 454 Scipionem
1199 401 1457 442 Africanum
1489 415 1556 442 re-

96 470 319 510 ferantur:
369 481 470 522 quae
507 473 655 509 tamen
690 473 792 509 sunt
821 468 868 508 in
900 468 984 508 hoc
1019 481 1175 520 genere
1211 469 1554 522 elegantissima,

96 543 140 579 et
168 537 268 591 plus
304 535 450 576 adhuc
480 536 688 576 habitura
727 536 895 589 gratiae,
933 536 972 576 si
1004 536 1117 577 intra
1149 549 1303 579 versus
1337 537 1555 578 trimetros

99 605 336 645 stetissent.

383 681 509 722 Idem
529 681 778 723 Declamat.
802 693 873 723 lx.
894 682 988 723 sive
1010 682 1263 723 Gladiator.

154 760 426 809 Terentium,
449 773 583 813 quem
602 760 715 800 inter
735 765 908 801 ceteros
931 761 1151 814 captivos,
1173 759 1370 801 secundo
1387 759 1558 800 Punico

99 828 227 877 bello,
247 827 399 881 Scipio
420 826 660 868 Africanus
680 828 871 868 vinculis
892 828 1163 877 exsolverat,
1185 827 1405 868 memoriae
1426 827 1560 868 tradi-

99 895 200 937 dere
220 895 423 949 majores,
454 895 624 947 insigne
653 899 846 948 receptae
878 895 1094 935 libertatis
1114 895 1233 948 pileo
1254 898 1483 935 testantem
1514 895 1558 934 in

99 963 314 1017 triumpho
336 963 461 1004 ducis
482 976 583 1004 esse
604 968 914 1017 conspectum.

529 1051 720 1102 Plinius,
740 1052 815 1093 lib.
839 1063 869 1092 1.
893 1052 1040 1106 Epist.
1062 1051 1133 1092 16.

158 1129 287 1182 Legit
314 1130 421 1170 mihi
452 1143 590 1184 nuper
623 1130 851 1184 epistolas,
889 1144 1001 1184 quas
1032 1131 1185 1172 uxoris
1216 1142 1316 1170 esse
1358 1128 1559 1171 dicebat:

102 1196 310 1238 Plautum
331 1198 404 1239 vel
423 1197 677 1239 Terentium
697 1202 834 1240 metro
857 1199 1046 1239 solutum
1066 1199 1154 1251 legi
1174 1197 1357 1239 credidi.

482 1296 539 1338 A.
561 1298 749 1350 Gellius,
769 1300 846 1341 lib.
870 1310 958 1340 VII.
982 1312 1083 1352 cap.
1104 1299 1173 1339 14.

159 1372 280 1416 Vera
300 1378 445 1416 autem
467 1380 510 1417 et
529 1377 710 1430 propria
739 1377 991 1431 hujusmodi
1022 1377 1256 1417 formarum
1281 1373 1489 1427 exempla
1519 1373 1562 1414 in

104 1443 263 1483 Latina
282 1443 435 1495 lingua
453 1443 519 1485 M.
534 1444 676 1485 Varro
696 1457 792 1485 esse
810 1444 934 1494 dicit,
957 1445 1170 1485 ubertatis
1183 1442 1447 1491 Pacuvium,
1469 1454 1563 1494 gra·

104 1510 286 1552 cilitatis
306 1510 540 1562 Lucilium,
559 1512 882 1553 mediocritatis
900 1512 1168 1554 Terentium.

540 1588 682 1640 Idem,
712 1590 790 1630 lib.
814 1601 900 1632 vn.
933 1603 1031 1645 cap.
1053 1590 1125 1633 21.

163 1665 323 1720 Neque
343 1679 503 1720 magno
524 1667 753 1709 intervallo
773 1672 932 1722 postea
955 1668 1012 1720 Q.
1034 1669 1216 1717 Ennius,
1240 1672 1287 1709 et
1311 1666 1443 1721 juxta
1465 1665 1563 1707 Cae„

106 1732 236 1774 cilius
256 1739 301 1775 et
319 1734 566 1786 Terentius,
598 1749 651 1776 ac
674 1736 863 1777 subinde
892 1737 1145 1778 Pacuvius:
1178 1741 1220 1777 et
1242 1734 1442 1776 Pacuvio
1466 1733 1564 1787 jam

107 1813 209 1842 sene
229 1799 412 1852 Accius,
432 1803 679 1857 clariorque
702 1808 807 1844 tunc
837 1804 880 1845 in
900 1804 1125 1859 po'elmatis
1156 1816 1302 1845 eorum
1322 1803 1566 1845 obtrectan-

106 1868 175 1909 dis
194 1869 392 1912 Lucilius
409 1870 506 1912 fuit.

359 1969 607 2022 Ausonius,
628 1971 673 2012 in
696 1972 978 2026 Protreptico
1000 1971 1055 2012 ad
1079 1970 1316 2024 Nepotem.

221 2047 292 2088 Tu
312 2062 489 2103 quoque
510 2051 585 2104 qui
601 2050 780 2092 Latium
800 2052 915 2093 lecto
937 2064 1155 2100 sermone,
1177 2048 1372 2098 Terenti,

224 2115 380 2157 Comis
400 2121 443 2159 et
461 2118 638 2160 astricto
658 2120 880 2173 percurris
900 2119 1082 2174 pulpita
1103 2130 1255 2168 socco,

222 2183 294 2225 Ad
315 2198 431 2227 nova
451 2186 531 2227 vix
550 2199 785 2228 memorem
806 2188 1006 2229 diverbia
1027 2200 1139 2240 coge
1163 2188 1407 2227 senectam.

441 2282 646 2325 Lactant.
678 2284 732 2325 de
763 2284 898 2326 Falsa
929 2285 1037 2337 Sap.
1069 2297 1167 2337 cap.
1188 2284 1230 2322 4.

167 2359 313 2402 Nemo
344 2365 494 2414 potest
526 2362 581 2404 de
616 2377 663 2404 se
693 2368 810 2405 recte
835 2365 1052 2419 judicare,
1083 2362 1204 2417 quod
1232 2358 1394 2402 nobilis
1425 2355 1566 2410 poeta

110 2432 323 2470 testatur:
362 2428 436 2470 Ita
471 2430 586 2471 enim
621 2435 923 2485 comparatam
957 2444 1057 2472 esse
1092 2429 1316 2471 hominum
1348 2431 1564 2472 naturam,

112 2497 189 2536 διο.

564 2565 786 2607 Eusebius
807 2566 852 2607 in
874 2566 1107 2608 Chronico,

170 2651 403 2693 Ptolomaei
427 2663 491 2693 vl.
511 2653 557 2694 id
579 2658 661 2704 est,
692 2654 1012 2696 Philometoris
1042 2666 1174 2707 regno
1196 2651 1389 2695 decessit
1410 2650 1462 2692 P.
1480 2649 1564 2690 Te-

112 2720 292 2770 rentius,
327 2733 413 2773 quo
442 2724 636 2775 tempore
665 2722 963 2773 Aristarchus,
996 2722 1342 2764 Homericorum
1374 2722 1449 2763 ille
1471 2732 1564 2761 ver-

114 2800 244 2831 suum
265 2801 433 2838 censor,
455 2788 615 2832 floruit.
