1903 3306
621 227 822 258 ANDRIAE
855 226 1026 258 Ac'r.v.
1060 228 1202 259 sc.11.
1518 222 1603 264 373

153 324 231 365 DA
265 322 377 365 Cum
398 325 474 364 tuo
497 326 631 375 gnato
653 334 755 362 una.
818 321 883 362 Sl.
914 320 1043 363 Anne
1075 321 1127 363 'st
1158 323 1275 364 intus
1312 323 1600 378 Pamphilus?

325 390 494 431 crucior
519 390 663 430 miser.
1547 391 1604 431 10

147 459 263 508 Eho,
282 472 374 499 non
395 463 440 499 tu
461 457 577 498 dixti
600 470 699 498 esse
715 457 828 497 iuter
850 469 926 497 eos
947 456 1219 516 inimiQias,
1243 456 1489 497 carnufex?

155 527 247 568 DA.
280 526 407 566 Sunt.
467 525 533 565 S1.
566 524 654 566 Cur
675 525 805 576 igitur
825 524 899 587 QG
925 525 1022 565 est‘?
1083 524 1171 567 CH.
1203 523 1323 573 Quid
1354 524 1477 564 illum
1508 537 1605 565 cen-

323 593 424 633 ses'?
456 605 554 632 cum
576 592 654 632 illa
673 592 832 643 litigat.

153 660 246 701 DA.
276 659 420 701 Immo
440 672 542 700 vero
573 658 815 711 iudignum,
852 657 1077 707 Chremes,
1104 657 1201 711 jam
1226 657 1401 698 facinus
1421 657 1529 719 Qo
1549 672 1605 699 ex

321 740 392 767 me
414 725 583 767 audias.

153 793 322 835 Nescio
340 793 415 847 qui
437 805 574 833 senex
594 791 725 832 modo
747 791 881 840 venit,
904 791 1050 852 Qm,
1073 791 1316 844 configi-egis,
1333 795 1477 833 catus.

153 861 269 903 Cum
287 859 447 901 faciem
468 858 641 908 videas,
663 858 835 899 videtur
856 871 954 898 esse
977 859 1197 911 quantivis
1219 859 1363 912 pretii.
1549 860 1604 900 15

151 929 316 989 TJistis
336 927 548 990 segeritas
570 928 686 968 inest
706 927 749 966 in
770 926 909 976 voltu,
933 930 1064 980 atque
1085 927 1130 967 in
1151 927 1294 968 verbis
1310 927 1433 993 figes.

153 996 220 1037 Sl.
252 994 475 1046 Quidnam
506 993 753 1047 apportas?
830 993 921 1033 DA.
954 993 1077 1034 Nihil
1111 994 1332 1048 equidem,
1365 995 1449 1036 nisi
1485 995 1605 1048 quod

276 1050 622 1102 “isliiffiffaudivi
643 1059 801 1101 dicere.

153 1129 219 1170 S1.
253 1128 370 1179 Quid
388 1129 450 1169 ait
469 1127 672 1169 tandem?
734 1127 826 1168 DA.
857 1126 1113 1180 Glycerium
1135 1141 1181 1169 se
1202 1129 1316 1170 scire
1337 1129 1480 1170 civem
1511 1143 1607 1171 esse

324 1195 535 1237 Atticam.

150 1338 218 1360 cum
244 1331 296 1360 tuo
311 1329 396 1370 filio.
439 1329 492 1360 SI.
515 1328 606 1359 Anne
630 1331 676 1358 est
705 1328 787 1358 intus
806 1327 855 1358 hic
882 1326 1093 1366 Pamphilus?
1118 1328 1248 1359 Crucior
1263 1329 1356 1360 miser
1371 1328 1479 1360 animi.
1525 1330 1606 1368 Eho,

150 1381 250 1402 annon
265 1375 300 1403 tu
314 1371 438 1411 dixisti,
448 1370 602 1409 carnifex,
616 1380 681 1402 esse
694 1371 778 1401 inter
793 1380 842 1400 eos
855 1369 1063 1402 inimicitias?
1109 1371 1177 1402 DA.
1200 1370 1294 1403 Sunt.
1339 1371 1390 1403 SI.
1416 1374 1482 1403 Cur
1502 1372 1605 1411 igitur

150 1414 334 1454 Pamphilus
348 1418 395 1445 est
409 1414 444 1445 in
465 1415 553 1445 domo
579 1413 721 1454 Glycerii
732 1411 748 1444 ἲ
793 1413 861 1443 CH.
886 1413 1023 1454 Propter
1039 1414 1112 1454 quid
1135 1414 1222 1445 illum
1241 1424 1304 1445 esse
1319 1413 1446 1446 censes?
1468 1424 1537 1446 cum
1551 1415 1606 1446 illa

149 1467 257 1497 nempe
280 1457 401 1496 litigat.
454 1457 527 1488 DA.
559 1457 657 1487 Immo
681 1466 765 1493 vero,
790 1466 807 1486 ο
835 1455 978 1494 Chreme,
999 1456 1164 1495 indignum
1192 1457 1322 1494 facinus
1354 1466 1394 1488 ex
1415 1467 1463 1488 me
1487 1458 1606 1489 audies.

152 1499 266 1530 Nescio
276 1500 345 1540 quis
359 1509 454 1530 senex
474 1499 560 1529 modo
576 1499 713 1535 advenit,
736 1498 818 1538 (ecce
844 1498 932 1528 illum
946 1499 978 1528 in
994 1498 1050 1529 hac
1066 1498 1180 1537 domo)
1195 1500 1361 1540 confidem,
1380 1503 1489 1530 cautus
1504 1512 1513 1531 .·
1536 1511 1605 1531 cum

150 1543 270 1572 vultum
297 1542 360 1579 ejus
384 1542 453 1582 quis
476 1541 637 1581 conspicit,
659 1541 783 1571 videtur
797 1544 1038 1580 quantocumque
1059 1542 1160 1580 prelio
1187 1543 1301 1580 (lignus
1325 1552 1398 1573 esse.
1447 1542 1561 1573 Tristis
1576 1547 1607 1573 et

150 1593 254 1614 severa
264 1585 408 1622 gravitas
422 1585 502 1616 inest
516 1585 550 1613 in
557 1584 658 1621 facie,
675 1586 705 1613 et
719 1583 752 1613 in
767 1583 952 1624 verbis-fidei
967 1584 1131 1614 sinceritas
1145 1587 1283 1624 apparet.
1327 1585 1377 1616 Sl.
1406 1585 1490 1619 Quid
1506 1587 1542 1616 de
1552 1586 1605 1615 illo

150 1629 298 1666 apportas
309 1625 404 1658 novi?
449 1627 516 1657 DA.
542 1626 633 1657 Nihil
655 1626 802 1665 equidem,
822 1626 881 1655 nisi
899 1626 976 1664 quod
991 1626 1098 1656 audivi
1119 1626 1207 1657 illum
1230 1628 1340 1658 dicere.
1384 1627 1435 1657 S1.
1461 1628 1546 1662 Quid
1561 1629 1606 1658 ait

151 1667 302 1701 tandem?
345 1670 418 1700 DA.
444 1670 500 1700 Az'c
523 1679 554 1700 se
570 1669 648 1699 scire
675 1668 855 1709 Glycerium
879 1677 942 1699 esse
968 1669 1064 1700 civem
1088 1669 1240 1701 Atticam.
1284 1670 1335 1700 S1.
1359 1669 1454 1710 Hem,
1479 1670 1609 1710 Dromo,

770 1782 1012 1795 otom‘oeaeee

151 1878 247 1908 Modo
263 1887 319 1917 ego
333 1877 462 1908 introivi
477 1877 580 1908 Both.
625 1877 678 1907 Ita
693 1876 836 1908 mittunt
850 1876 884 1907 in
902 1877 1112 1917 superiorem
1130 1887 1261 1909 versum
1277 1880 1380 1911 Bent.
1396 1880 1497 1911 Both.
1512 1880 1608 1911 Perl.

152 1921 235 1956 Tibi,
249 1929 315 1951 non
334 1920 400 1958 Ita,
413 1918 528 1952 Guelf.
544 1922 575 1952 2.
591 1920 666 1950 Jam
679 1924 759 1950 ante
780 1921 790 1936 ‘
805 1929 904 1961 quam
922 1920 1049 1951 dudum
1062 1920 1071 1933 ¹
1093 1921 1201 1951 habet
1216 1922 1360 1953 Br.-11
1386 1923 1452 1953 Eas
1463 1923 1522 1954 ΒΓ.
1539 1923 1608 1954 No—

151 1967 204 1993 tat
219 1963 355 1994 Brnns:
378 1964 386 1979 ‘
402 1963 493 1994 Edit.
508 1972 556 1993 eos
571 1962 706 1993 melius:
732 1968 768 1993 ut
791 1961 825 1992 iu
849 1972 951 1993 scena
977 1963 1339 2003 praecedentifaciuros
1354 1965 1605 2005 probavi.'--13

152 2006 247 2045 Lege
266 2006 395 2036 Chreme
408 2015 484 2035 cum
501 2014 566 2035 uuo
583 2015 624 2036 ex
639 2005 763 2035 nostris
778 2014 787 2042 ;
812 2008 847 2036 et
863 2015 939 2036 cum
955 2011 1102 2046 quatuor
1113 2006 1230 2038 audies.
1253 2007 1356 2039 Bent.
1407 2008 1435 2037 Ο
1450 2008 1523 2039 here
1544 2018 1607 2048 pro

155 2047 302 2078 Chremes
316 2047 376 2078 dat
392 2048 494 2079 Both.
518 2048 575 2087 qui
602 2057 676 2078 cum
703 2047 797 2078 Perl.
812 2048 897 2088 legit
911 2048 1114 2079 audies.—l4
1136 2050 1220 2079 Mss.
1238 2050 1373 2088 quidam
1391 2055 1425 2080 et
1439 2051 1607 2081 editorum

153 2090 389 2129 vetustissimi,
410 2091 478 2130 quis
494 2099 600 2121 senex.
635 2090 797 2120 Testatur
813 2089 859 2120 Is.
875 2090 1016 2121 Vossius
1033 2091 1065 2120 in
1083 2091 1202 2130 glossis
1219 2093 1304 2122 Mss.
1321 2093 1426 2123 libros
1443 2093 1609 2133 antiquio-

150 2142 203 2163 res
221 2132 402 2173 impressos
418 2133 545 2163 habere
560 2135 678 2162 cautus.
712 2133 816 2162 Certe
832 2132 881 2162 ita
896 2132 1000 2163 habet
1017 2133 1086 2163 EV.
1104 2136 1132 2165 1.
1150 2134 1388 2175 Lugdunensis
1406 2139 1498 2166 1511.
1514 2136 1607 2167 aliae:

151 2175 211 2206 sed
227 2181 264 2206 et
279 2176 326 2206 ita
342 2179 396 2206 est
413 2176 446 2206 in
466 2175 515 2206 M.
544 2175 645 2206 West.
693 2175 773 2210 Quis
787 2185 882 2206 senex
903 2175 947 2206 G.
965 2176 1035 2206 ET.
1053 2176 1133 2207 EM.
1156 2177 1206 2208 Id.
1230 2177 1264 2208 in
1280 2177 1364 2208 Aaeld.
1408 2178 1449 2208 In
1475 2179 1607 2210 Decur-

151 2222 224 2249 tato
240 2222 292 2249 est
310 2219 421 2249 Nescio
445 2217 507 2258 qui.
531 2218 591 2248 Fa.
640 2218 732 2248 Unus
761 2227 896 2258 quoque
921 2227 940 2248 e
965 2219 1101 2254 nostris,
1127 2219 1241 2250 Nescio
1267 2221 1339 2260 qui.-
1364 2225 1400 2251 et
1424 2221 1557 2252 Nonius
1575 2231 1606 2252 v.

152 2261 162 2277 ‘
177 2260 382 2292 Confidens.’
406 2261 504 2292 Bent.
541 2260 661 2290 Cautus
677 2260 762 2291 GM.
779 2264 814 2290 et
832 2270 906 2300 sup.
924 2261 1042 2300 script.
1059 2261 1201 2294 callidus.
1218 2263 1311 2293 Peri.
1347 2264 1426 2298 Quis
1443 2264 1608 2295 exhibent

152 2302 211 2333 ΒΓ.
229 2303 354 2334 Z.—15
385 2304 456 2335 Vici.
483 2306 591 2343 quant.
616 2312 667 2342 pr.
685 2303 753 2333 Ms.
778 2302 956 2334 Lind.—17
982 2304 1040 2334 Nil
1063 2304 1196 2344 quidem,
1223 2306 1286 2336 nisi
1309 2308 1388 2346 quod
1415 2316 1482 2336 eum
1506 2307 1608 2337 Both.

153 2345 238 2376 Novi
253 2351 330 2386 post
346 2346 486 2386 equidem
502 2344 618 2377 Guelf.
632 2348 751 2376 2.-18
776 2346 827 2375 Ex
845 2346 1089 2377 vetustioribus
1107 2347 1187 2378 libb.
1205 2354 1241 2379 et
1259 2349 1409 2387 Donato,
1426 2358 1608 2390 versusque

151 2388 286 2420 ratione
301 2389 391 2429 lege,
407 2389 504 2420 civem
519 2397 592 2419 esse.
615 2388 674 2418 Fa.
720 2387 776 2418 Ita
792 2392 827 2418 et
842 2389 951 2420 nostri
966 2398 1092 2420 omnes.
1115 2390 1214 2422 Bent.
1259 2391 1344 2422 GM.
1375 2392 1495 2423 colloc.
1522 2393 1608 2428 Quid

806 2495 952 2527 NOTAE

195 2590 216 2619 9
241 2586 340 2623 Quasi
367 2596 436 2626 ega,
463 2595 553 2627 quam
579 2587 706 2626 dudum,
730 2586 851 2627 rogem]
906 2587 956 2619 cit
971 2587 1107 2618 Davum
1119 2587 1299 2620 mendacii.

152 2639 209 2669 De
224 2636 362 2676 negotio
377 2637 621 2676 interrogatur,
641 2635 683 2667 de
699 2640 851 2676 tempore
950 2640 988 2667 14
1016 2637 1135 2678 Ellam]
1168 2637 1250 2679 Pro,
1277 2648 1359 2671 ecce
1385 2638 1492 2676 illum,
1520 2640 1605 2671 auti-

153 2687 340 2728 respondet
357 2687 488 2718 Davus.
905 2697 1005 2729 quum
1023 2693 1084 2720 est.

197 2740 236 2770 11
263 2737 341 2779 Eho,
356 2747 416 2769 non
431 2740 466 2769 tu
488 2737 588 2778 dixti]
608 2737 699 2768 Simo
717 2736 850 2768 convin-
