1903 3306
310 203 398 245 474
810 215 849 244 P.
881 214 1123 245 TEREN'ru
1158 215 1275 246 Arni

318 310 515 352 Praeterii
535 310 789 364 imprudens
810 311 985 352 villam:
1008 311 1134 363 longe
1149 310 1245 364 jam
1269 311 1478 361 abieram,
1745 324 1774 352 ο

312 378 426 420 Cum
448 379 591 420 sensi:
613 378 746 419 redeo
767 391 955 427 rursum,
985 379 1101 419 male
1124 391 1229 419 vero
1251 392 1321 419 me
1342 379 1523 420 habens.

316 447 405 488 Ubi
425 447 479 488 ad
501 447 651 501 ipsum
672 447 770 488 veni
792 446 1120 497 diverticulum,
1142 447 1334 488 constiti.

314 514 481 569 Occepi
502 527 672 555 mecum
693 514 912 567 cogitare:
938 514 1082 555 Hem!
1105 514 1284 555 biduum
1306 514 1378 556 hic

312 582 586 624 Manendum
609 587 678 623 est
699 582 781 623 soli
804 583 898 623 sine
920 582 1032 624 illa?
1055 582 1164 636 quid
1186 586 1275 624 tum
1296 583 1488 637 posteat

311 650 438 692 Nihil
458 655 527 691 est
544 664 553 692 :
577 650 715 704 quid?
737 650 873 691 nihil?
898 652 936 692 si
956 664 1043 692 non
1064 651 1274 705 tangendi
1296 652 1431 705 copia
1451 650 1524 702 'st,
1718 650 1775 691 10

311 717 424 768 Eho,
447 731 504 759 ne
523 718 706 759 videndi
730 718 912 772 quidem
931 719 1047 760 erit?
1072 719 1110 759 si
1130 718 1243 760 illud
1263 732 1350 760 non
1371 719 1493 770 licet,

311 786 481 828 Saltem
501 786 585 827 hoc
604 786 770 828 licebit.
832 786 960 828 Certe
982 791 1181 829 extrema
1201 787 1322 829 linea

310 854 474 896 Amare
492 854 609 896 haud
631 855 742 896 nihil
764 860 846 896 est.
907 855 1073 897 Villam
1095 860 1314 910 praetereo
1337 857 1501 899 sciens.

311 923 403 965 Sed
424 923 526 978 quid
548 923 648 973 hoc,
670 924 790 978 quod
811 924 969 967 timida
991 925 1140 965 subito
1163 924 1385 978 egreditur
1407 924 1624 980 Pythias?

309 1034 422 1075 praedz'i
439 1033 581 1065 transivi.
627 1034 734 1073 Longe
755 1036 824 1074 jum
839 1034 877 1065 ab
893 1044 927 1065 eo
942 1043 1160 1075 processeram,
1175 1044 1242 1065 cum
1255 1043 1392 1065 errorem
1406 1033 1622 1065 animadverti.
1667 1032 1775 1064 Islliuc

309 1086 469 1116 regressus
483 1087 563 1114 sum,
588 1079 666 1108 male
681 1079 803 1118 quidem
826 1088 872 1109 me
887 1078 1013 1109 habens.
1063 1078 1126 1108 Ubi
1142 1078 1211 1108 veni
1236 1079 1277 1108 αα
1303 1078 1421 1108 semitoe
1435 1077 1662 1115 diverticulum,
1676 1086 1736 1117 qua
1755 1086 1776 1107 a

309 1121 363 1152 ria
374 1121 497 1161 publica
513 1120 688 1161 deflectitur
703 1122 742 1151 ad
757 1122 874 1159 villum,
898 1121 942 1151 ibi
965 1120 1082 1152 restiti.
1131 1120 1216 1151 Tunc
1237 1121 1314 1160 coepi
1342 1130 1460 1151 mecum
1484 1119 1647 1159 cogitare.-
1680 1119 1776 1158 Hem,

309 1173 383 1194 num
397 1174 452 1203 per
467 1165 542 1194 duos
556 1164 622 1194 dies
637 1165 886 1194 commorandum
912 1167 959 1194 est
982 1164 1059 1194 mihi
1083 1163 1132 1194 hic
1148 1163 1226 1202 ruri,
1249 1164 1320 1202 soli,
1345 1164 1412 1194 sine
1429 1161 1573 1194 Thaide?
1609 1161 1694 1198 Quid
1709 1165 1774 1192 tum

310 1207 384 1238 inde
401 1206 477 1236 mihi
492 1207 575 1237 erit?
597 1206 687 1237 nihil.
722 1205 830 1242 Quid?
853 1205 958 1238 nillil?
981 1207 1019 1237 Si
1035 1217 1095 1237 non
1111 1207 1258 1245 tangendi
1271 1210 1317 1237 est
1332 1210 1481 1246 potestas,
1494 1205 1561 1244 elio,
1575 1214 1654 1236 anne
1665 1204 1773 1235 saltem

310 1250 438 1281 videndi
453 1248 537 1281 erit?
571 1249 609 1280 Sz·
627 1253 756 1289 tangere
778 1260 838 1281 non
854 1250 937 1287 licet,
960 1251 1064 1280 videre
1079 1260 1146 1280 eam
1162 1250 1282 1289 quidem
1306 1249 1423 1280 licebit.
1472 1249 1564 1279 Certe
1587 1251 1775 1288 postremum

311 1293 425 1323 amoris
439 1292 617 1334 beneficium
632 1294 789 1333 quippiam
811 1297 868 1324 est.
920 1292 1034 1324 Villam
1056 1296 1204 1332 proelereo
1231 1294 1330 1323 sciens
1355 1293 1395 1322 ad
1421 1291 1526 1323 urbem
1550 1291 1718 1328 rediturus,
1739 1293 1775 1321 ut

310 1337 488 1376 imprudens
502 1345 568 1366 eam
583 1339 674 1400 antea
696 1336 911 1377 praeterieram
921 1347 933 1374 ;
956 1345 1062 1367 verum
1078 1336 1153 1376 quid
1178 1345 1278 1366 cousce
1299 1339 1355 1374 est,
1371 1344 1425 1366 cur
1437 1334 1538 1366 subito
1553 1334 1610 1366 huc
1625 1334 1693 1365 exit
1710 1333 1774 1374 Py-

310 1379 395 1410 thias
409 1379 534 1410 turbata
550 1381 633 1410 metu
643 1403 650 1410 .

919 1432 938 1443 O
941 1432 1058 1444 ΟΜΝ
1063 1432 1158 1444 Offm

311 1501 347 1528 et
372 1497 443 1530 ΕΡ.
468 1503 504 1528 et
532 1497 617 1530 Mss.
645 1507 761 1530 omnes
788 1497 959 1537 Boecleri3
985 1502 1057 1529 tum
1081 1498 1148 1529 Ms.
1177 1496 1459 1535 Lindenbrnchii‚
1473 1495 1550 1527 Pal.
1568 1493 1723 1533 unus‚G‹·
1739 1498 1774 1525 et

310 1540 395 1572 EM.
424 1542 521 1574 West.
570 1541 640 1580 Pej.
662 1541 712 1582 p.]
736 1542 844 1572 Vetus
872 1542 1043 1581 interpres
1069 1544 1206 1572 vertere.-
1242 1550 1318 1582 quae
1343 1540 1424 1571 lect.
1452 1544 1505 1570 est
1526 1538 1612 1569 Msti
1636 1537 1712 1569 Pal.
1741 1539 1773 1568 3.

311 1584 399 1616 Perl.
446 1585 506 1615 Est
525 1584 618 1616 delet
635 1585 736 1615 Both.
785 1585 906 1625 Reputo
935 1585 994 1615 Br.
1019 1584 1133 1616 Guelf.
1153 1587 1182 1616 l.
1199 1586 1292 1615 3.—5
1318 1583 1374 1614 Ita
1391 1581 1682 1623 praestantissimae
1705 1580 1774 1612 edi-

310 1627 432 1668 tiones,
449 1628 547 1660 Junt.
565 1628 614 1659 St.
632 1627 724 1667 Auli,
742 1632 777 1658 et
793 1628 842 1658 his
859 1627 974 1658 multis
991 1628 1145 1667 partibus
1163 1627 1369 1658 vetustiores
1386 1625 1459 1657 ET.
1472 1626 1630 1663 Venetae,
1643 1622 1775 1663 Argen-

311 1670 406 1707 tinae,
422 1671 497 1701 aliae
515 1671 701 1708 exhibent3
725 1671 840 1712 itaque
867 1676 1114 1702 recensuerunt
1139 1669 1402 1709 Antesignanus,
1427 1668 1587 1700 Heinsius
1605 1676 1681 1699 cum
1698 1666 1775 1697 reli-

307 1723 374 1755 quo
401 1714 612 1745 eruditorum
641 1714 755 1744 choro.
804 1715 924 1753 Neque
941 1714 1042 1744 aliter
1058 1714 1091 1744 in
1110 1714 1196 1744 Mss.
1235 1714 1331 1744 Unus
1350 1717 1464 1743 tamen
1479 1712 1527 1743 D.
1544 1711 1772 1751 Hoogstrata-

310 1766 374 1788 nus
391 1758 528 1788 seorsim
558 1757 720 1795 sennem,
738 1757 846 1796 Longe
860 1757 931 1788 hinc
945 1757 1093 1796 abieram,
1117 1756 1240 1788 edidit.
1286 1756 1326 1786 In
1343 1764 1410 1786 uno
1433 1753 1532 1786 Leid.
1560 1758 1614 1785 est
1638 1752 1774 1790 aberam,

310 1800 371 1831 sed
391 1810 490 1831 erasa
507 1801 609 1832 litera
625 1801 646 1831 i.
671 1800 848 1831 West.—6
870 1800 958 1830 Male
978 1800 1099 1840 quidem
1114 1809 1162 1830 me
1179 1799 1250 1831 ΕΡ.
1277 1799 1325 1830 Id.
1372 1798 1461 1829 Male
1476 1806 1547 1828 vero
1561 1795 1625 1837 me]
1647 1795 1774 1827 Melius

310 1853 353 1874 ex
382 1844 496 1884 Regiis
524 1854 624 1883 uuus,
649 1845 727 1874 male
755 1853 801 1874 me
827 1853 910 1874 vero.
936 1843 1038 1874 Bent.
1084 1843 1248 1883 Sequitur
1274 1841 1376 1873 Both.
1419 1840 1550 1872 Sursum
1569 1839 1624 1870 ed.
1647 1838 1774 1878 Delph.

312 1889 474 1918 1731.-—7
499 1886 630 1918 Dei-ert.
650 1887 682 1916 in
700 1885 800 1917 codd.
818 1886 980 1916 vetustis:
1008 1886 1097 1926 quod
1115 1885 1232 1916 Burni.
1248 1885 1290 1915 ad
1307 1885 1449 1916 Petron.
1476 1893 1553 1923 cap.
1571 1884 1622 1912 10.
1645 1885 1773 1913 tuetur.

317 1930 416 1962 West.
461 1930 546 1960 Tres
574 1928 799 1970 antiquissimi
829 1929 917 1966 libri,
945 1928 1076 1959 deverti.
1101 1929 1160 1959 Fa.
1207 1928 1326 1958 Codex
1354 1927 1582 1958 Academicus
1609 1925 1710 1963 venio,
1737 1929 1775 1955 ut

309 1974 402 2014 prius
425 1974 434 1990 ‘
452 1973 580 2004 redeo!
628 1974 673 2004 Et
691 1982 806 2002 versus
822 1971 861 2002 fit
881 1972 1027 2002 suavior.
1052 1972 1149 2003 Beut.
1196 1971 1330 2002 Det-ert.
1354 1970 1457 2002 Bent.
1484 1969 1579 2000 Perl.
1625 1967 1770 1999 Deteret-

310 2018 394 2048 ctum
410 2016 511 2047 Both.
562 2016 657 2047 Venio
684 2015 785 2046 Both.
814 2022 850 2046 et
874 2015 967 2045 Perl.
995 2014 1053 2055 qui
1080 2018 1196 2045 monet
1220 2014 1291 2045 vem·
1314 2014 1431 2052 legere
1449 2010 1566 2044 Guelf.
1583 2013 1678 2042 1.-8
1701 2009 1774 2041 Hoc

310 2060 387 2100 σαγή
414 2058 530 2091 Guelf.
556 2062 651 2090 1.-—9
678 2059 763 2094 Quid
788 2061 875 2090 tum?
914 2058 1028 2089 Postea
1050 2057 1143 2088 Nihil
1159 2058 1320 2088 *Bu—10
1345 2056 1423 2087 Non
1452 2057 1666 2094 interrogant
1696 2056 1774 2093 post

312 2107 320 2119 ¹
340 2102 436 2143 quid’
461 2103 521 2132 ΒΥ.
550 2102 630 2141 Rip.
679 2101 845 2139 Fungencli
875 2101 949 2132 Pal.
975 2104 1007 2132 2.
1056 2100 1217 2139 Tangendi
1242 2100 1271 2131 si
1295 2109 1355 2130 non
1379 2099 1568 2130 Both.--11
1598 2098 1703 2127 Potest
1729 2095 1773 2127 al.

314 2145 400 2176 Perl.
458 2146 568 2175 Potest
598 2144 628 2176 A
656 2151 689 2175 et
722 2145 802 2176 Hel.
848 2144 959 2184 Vulgo
987 2144 1071 2183 licet,
1103 2144 1212 2174 minus
1245 2143 1457 2184 eloquenter.
1491 2140 1676 2172 Both.-13
1700 2138 1774 2170 ΕΡ.

311 2187 456 2219 Amoris.-
480 2188 570 2228 quod
588 2193 623 2218 et
642 2188 674 2218 iu
692 2187 823 2218 duobus
840 2188 927 2218 Mss.
944 2187 1094 2218 Boecleri
1111 2191 1196 2217 erat.
1223 2187 1320 2217 West.
1365 2185 1421 2216 Sic
1445 2185 1588 2216 Br.-14
1613 2181 1677 2213 Sea
1700 2181 1774 2222 quid

311 2232 368 2262 hoc
383 2233 427 2262 est
443 2231 537 2271 quod]
564 2231 690 2261 Deleto
707 2231 810 2261 verbo
826 2233 883 2270 est,
909 2230 999 2271 quod
1017 2239 1083 2261 non
1101 2234 1153 2260 est
1169 2229 1203 2260 in
1227 2230 1324 2260 Bem.
1345 2227 1498 2259 senarius
1515 2224 1685 2267 procedit.
1713 2224 1773 2256 Fa.

315 2274 399 2309 Quid
414 2274 469 2304 hoc
485 2277 529 2304 est
547 2279 579 2304 et
597 2274 716 2305 tumida
732 2274 792 2305 Br.
838 2273 902 2305 Sed
924 2284 954 2314 q.
975 2274 1005 2305 Ιι.
1023 2277 1067 2305 est
1089 2273 1143 2313 qui
1158 2273 1226 2304 tim.
1250 2271 1365 2303 Guelf.
1391 2275 1420 2302 1.
1469 2271 1528 2301 Est
1554 2273 1634 2310 post
1656 2269 1666 2285 ‘
1685 2264 1773 2306 11003'

310 2322 346 2349 et
362 2318 435 2358 quid
453 2327 513 2358 pro
529 2318 607 2357 quod
622 2320 653 2348 2.

971 2369 1112 2400 NOTAE

355 2438 374 2465 7
399 2435 450 2466 Ad
475 2435 574 2474 ipsum
599 2433 833 2474 diverticulum]
860 2433 1013 2465 Diverti·
1068 2443 1143 2472 nea,
1173 2443 1214 2464 ex
1243 2437 1339 2463 creta
1361 2432 1394 2462 in
1420 2431 1491 2462 solo
1516 2430 1634 2461 ducta.
1681 2428 1772 2460 Hinc

310 2485 424 2517 culum
456 2490 507 2515 est
537 2485 658 2515 semita
689 2483 876 2516 deflectens
911 2495 930 2516 a
961 2486 1013 2515 via
1068 2483 1133 2514 illae
1166 2483 1324 2524 loquendi
1354 2481 1532 2520 forn1u1ae3
1575 2479 1617 2510 ad
1648 2478 1772 2510 lineam

312 2537 449 2579 publica
465 2537 506 2567 ad
525 2537 637 2567 villam
658 2536 813 2576 alicujus.
860 2536 1013 2568 Diverti-
1068 2539 1174 2573 stare,
1191 2535 1289 2564 lineae
1308 2533 1481 2571 insistere,
1497 2536 1531 2562 et
1548 2531 1636 2562 ultra
1648 2530 1771 2562 lineam

312 2589 388 2619 cula
412 2591 705 2618 snnttransversae
732 2587 808 2618 viae.
1070 2584 1196 2624 vagari.
1243 2584 1406 2614 Extrema
1449 2581 1539 2612 linea
1577 2587 1691 2611 amare
1720 2583 1774 2609 est

356 2641 397 2670 12
421 2639 574 2669 Emtrema
588 2637 669 2668 linea
684 2637 815 2677 Amare]
832 2637 1014 2677 Metapho-
1070 2639 1201 2667 tautum
1220 2634 1334 2665 videre
1345 2632 1499 2670 amicam,
1512 2635 1548 2661 et
1563 2630 1661 2669 longe
1678 2627 1773 2658 abes-

314 2698 353 2719 ra
375 2688 510 2718 ductaa
528 2688 642 2726 Circo,
672 2688 757 2718 vela
774 2686 914 2718 stadio:
940 2696 1016 2717 nam
1070 2695 1106 2717 se
1135 2696 1154 2716 a
1181 2690 1284 2726 meta,
1313 2683 1347 2716 id
1377 2688 1442 2723 est,
1469 2681 1515 2712 ab
1537 2679 1612 2721 ejus
1639 2687 1772 2721 posses-

311 2739 459 2778 initium,
476 2743 509 2769 et
526 2738 633 2777 locus,
658 2737 747 2768 unde
774 2737 810 2777 ii,
835 2737 891 2778 qui
913 2746 1016 2768 cursu
1068 2736 1176 2768 sione.

311 2793 458 2831 certant,
489 2787 704 2830 emittuntur,
728 2787 952 2829 signabantur
977 2786 1016 2819 li·
