1903 3306
566 265 791 296 eunuc-Hi
825 264 933 293 Ac'r.
969 264 1040 295 ιιι.
1073 263 1139 293 sc.
1172 265 1244 295 111.
1548 257 1632 296 457

177 359 372 410 Mecum,
394 360 499 401 mihi
520 373 619 401 sese
641 359 758 409 dare,
781 370 1020 399 sermonem
1043 370 1255 411 quaerere.
1577 360 1632 400 10

176 427 266 468 Ubi
285 428 431 481 friget,
453 429 539 468 huc
562 428 734 479 evasit3
756 440 889 480 quam
912 426 1083 479 pridem
1103 431 1230 479 pater

175 494 289 536 Mihi
309 499 352 536 et
371 500 510 537 mater
529 495 692 535 mortui
715 499 886 535 essent:
908 495 1024 544 dieo,
1039 494 1134 548 jam
1157 493 1245 534 diu.

173 559 271 602 Rus
292 561 416 603 Sunii
436 562 612 615 ecquod
633 562 855 611 haberem,
879 568 924 602 et
944 575 1076 615 quam
1098 561 1229 613 longe
1252 574 1279 601 a
1300 562 1408 601 mari
1428 563 1444 600 Τ

172 628 318 670 Credo
339 630 380 670 ei
399 629 576 683 plaeere
599 629 683 670 hoc
701 643 710 669 :
734 633 880 682 sperat
902 642 950 668 se
970 642 996 669 a
1016 642 1084 670 me
1105 628 1313 669 avellere.

172 697 416 746 Postremo,
436 709 579 750 ecqua
597 696 700 736 inde
719 709 857 749 parva
880 696 1077 748 perisset
1098 697 1254 737 soror?
1573 698 1627 737 15

168 763 337 817 Ecquis
359 777 459 805 cum
479 777 533 805 ea
552 764 671 805 una?
692 763 798 817 quid
820 763 1063 814 habuisset,
1085 777 1182 805 cum
1200 764 1344 818 perit?

168 830 337 884 Ecquis
358 844 455 872 eam
476 836 632 885 posset
650 832 864 872 noscere?
926 831 1042 872 Haec
1066 844 1142 872 cur
1162 832 1359 885 quaeritet
1377 832 1395 871 ’.7

150 894 271 940 'Nisi
291 899 330 940 si
351 899 430 940 illa
449 898 575 949 forte,
598 912 700 952 quae
723 899 826 938 olim
849 898 981 951 periit
1003 899 1189 951 parvula

165 964 317 1016 Soror,
337 966 449 1007 hanc
471 980 519 1007 se
539 966 724 1007 intendit
743 978 859 1015 esse,
881 969 929 1005 ut
950 972 1019 1006 est
1040 966 1244 1008 audacia.

163 1031 330 1074 Verum
350 1047 404 1075 ea
424 1035 462 1074 si
482 1034 606 1084 vivit,
628 1046 764 1074 annos
785 1038 890 1074 nata
912 1033 964 1074 'st
985 1034 1190 1084 sedecim,
1568 1037 1623 1078 20

160 1164 191 1192 et
201 1164 427 1204 conszaetudine,
440 1165 582 1205 loquendi
597 1164 758 1196 materiam
771 1166 903 1204 captare.
955 1165 1016 1196 Ubi
1031 1174 1128 1194 sermo
1149 1164 1271 1203 defecit,
1288 1166 1345 1196 huc
1370 1166 1423 1196 illa
1437 1166 1571 1204 det-enit,
1589 1170 1623 1197 ut

159 1203 365 1245 interrogaret
387 1209 592 1249 quamdudum
613 1210 704 1249 pater
719 1211 749 1237 et
763 1209 862 1237 mater
877 1217 892 1237 e
907 1207 973 1238 vita
999 1208 1216 1238 decessissent:
1238 1209 1401 1249 respondeo
1419 1209 1487 1248 jum
1503 1210 1555 1240 diu
1572 1220 1621 1240 eos

158 1247 330 1281 decessisse.
354 1251 482 1291 Ecquod
498 1251 591 1282 Sunii
602 1250 754 1291 praedium
765 1250 840 1279 mihi
854 1250 909 1288 sit,
920 1254 950 1280 et
961 1261 1050 1290 quam
1066 1252 1156 1289 longe
1170 1251 1291 1282 ‹listuns
1305 1263 1323 1282 α
1339 1253 1428 1283 mari.
1477 1253 1623 1292 Suspicor

157 1299 212 1321 rus
226 1291 302 1322 illud
315 1293 492 1325 delectabile
514 1297 544 1324 et
559 1303 707 1324 amoenum
722 1294 751 1323 ei
766 1292 884 1323 videri.-
908 1303 990 1333 spem
1003 1294 1105 1330 habet,
1122 1294 1154 1323 id
1169 1304 1187 1323 a
1205 1304 1250 1324 me
1277 1294 1309 1325 in
1331 1305 1363 1325 se
1388 1297 1619 1327 translaturum.

158 1332 319 1365 Postremo
329 1341 433 1376 rogat,
446 1347 571 1379 ecquam
577 1340 683 1378 postea
691 1337 852 1376 pari-ulum
864 1345 997 1367 sororem
1003 1336 1205 1377 perdidissem
1218 1348 1229 1374 ;
1246 1348 1317 1368 uum
1328 1339 1439 1378 aliquis
1450 1339 1543 1370 simul
1554 1349 1621 1368 cum

157 1384 193 1406 ea
206 1377 352 1416 periisset
361 1390 374 1416 ;
395 1390 535 1420 quaenam
550 1380 680 1411 habebat
703 1389 815 1418 seeum,
831 1380 951 1418 quando
966 1380 1078 1410 amissa
1102 1383 1147 1409 est
1160 1390 1172 1416 ;
1195 1381 1296 1420 ecquis
1319 1391 1384 1411 eum
1406 1386 1507 1422 posset
1523 1384 1621 1413 iuter-

155 1428 285 1451 noscere.
332 1422 415 1453 Hoec
429 1433 483 1453 cur
496 1423 672 1454 sciscitetur
685 1425 771 1452 tanto
793 1421 907 1460 studui,
923 1422 1051 1460 ignoro:
1075 1422 1138 1454 uisi
1151 1423 1291 1460 fortasse
1317 1424 1473 1457 intendere
1496 1425 1527 1456 in
1546 1425 1619 1462 jure

154 1462 228 1492 velit.
239 1473 305 1494 sese
319 1474 384 1496 esse
396 1476 531 1497 sororem
544 1467 630 1497 illam
641 1475 737 1496 meum
748 1475 815 1505 quoe
826 1464 899 1495 olim
909 1467 1039 1504 pari-ala
1048 1466 1156 1506 periit,
1169 1469 1202 1497 ut
1214 1470 1260 1497 est
1273 1468 1401 1498 (ticdacia
1412 1469 1616 1499 meretricum.

154 1504 266 1546 Atqui,
279 1506 308 1537 si
321 1508 420 1539 adhuc
435 1509 470 1540 in
483 1509 564 1540 vivis
580 1513 626 1541 est
639 1518 737 1548 soror,
753 1508 907 1539 sexdecim
919 1518 1069 1539 annorum
1083 1511 1141 1548 est,
1157 1519 1215 1540 uon
1231 1510 1360 1551 amplius
1371 1523 1380 1541 :
1407 1511 1501 1541 Thais
1525 1514 1617 1542 aetate

765 1605 1003 1617 cteta-‘0010‘

149 1668 170 1696 9
192 1665 401 1698 Accumbebat
415 1667 484 1698 Ms.
501 1667 594 1708 Lips.
625 1668 812 1700 West.—10
836 1670 976 1710 Mihique
992 1670 1137 1700 Br.—l2
1163 1669 1233 1699 Diu
1254 1679 1379 1701 rursum
1403 1669 1518 1701 Guelf.
1535 1674 1613 1702 3.-

150 1711 190 1739 13
215 1709 285 1740 Ms.
315 1710 405 1750 Lips.
429 1709 568 1742 habeam.
615 1711 713 1742 Idem
739 1717 774 1743 et
797 1712 829 1742 in
854 1713 929 1744 aiiis
956 1712 1068 1743 Libris
1085 1717 1151 1743 est.
1181 1712 1282 1744 West.
1328 1714 1454 1754 Ecquod
1469 1714 1611 1755 habeam]

151 1751 244 1782 Libri
258 1752 388 1794 antiqui
404 1751 479 1784 fere
495 1763 623 1794 omneS,
638 1757 670 1785 et
689 1756 768 1795 quod
787 1755 950 1786 haberem:
974 1755 1063 1796 quod
1082 1755 1187 1794 magis
1205 1764 1413 1797 consequens
1430 1761 1465 1787 et
1485 1767 1613 1796 praece-

148 1793 306 1825 dentibus
322 1800 357 1826 et
371 1796 590 1836 sequentibus
607 1797 717 1828 verbis
733 1802 797 1829 est.
821 1798 881 1830 Fa.
926 1797 1033 1839 Atqui
1057 1797 1140 1828 iliud
1157 1797 1300 1829 haberem
1317 1809 1334 1829 a
1352 1800 1611 1831 Correctoribus

149 1840 221 1868 est:
247 1837 356 1869 nostri
373 1839 521 1869 universi
541 1839 693 1877 habeam,·
716 1844 752 1871 et
778 1846 883 1872 recte.
927 1841 1036 1872 Porro
1061 1840 1175 1879 Sunio,
1201 1851 1266 1872 non
1291 1841 1403 1879 Sunii;
1429 1852 1493 1872 non
1520 1844 1609 1874 enim

147 1879 312 1919 oppidum
328 1881 384 1912 hic
399 1881 459 1912 sed
475 1882 650 1922 regionem
667 1887 776 1914 notat.
796 1884 893 1915 Beni.
931 1885 1059 1924 Ecquod
1074 1884 1132 1914 Br.
1148 1884 1207 1915 sed
1225 1886 1409 1916 secundum
1427 1886 1608 1917 lectionem

146 1921 232 1954 edit.
248 1923 357 1963 ecquid
372 1923 562 1965 interrogat
584 1926 696 1957 Thais.
720 1926 839 1958 Bruns.
884 1927 1031 1958 Bothius
1058 1926 1194 1957 omnino
1219 1928 1371 1968 sequitur
1388 1928 1490 1959 Bent.
1537 1929 1608 1959 Ha-

145 1964 232 1996 beam
256 1966 315 1998 ΒΓ.
344 1967 436 1998 Perl-
480 1968 603 2008 Ecquid
629 1968 756 2000 2.-14
779 1969 822 2001 Se
844 1979 934 2010 posse
956 1981 975 2000 a
991 1979 1038 2000 me
1055 1970 1104 2000 M.
1134 1970 1236 2001 West.
1281 1972 1396 2011 Sperat
1414 1981 1446 2002 se
1466 1975 1574 2011 postea
1589 1983 1609 2003 a

146 2017 194 2038 me
213 2007 288 2040 Vet.
305 2009 391 2040 Cod.
414 2009 512 2041 Lina.
558 2011 601 2042 Se
622 2021 706 2051 posse
726 2011 844 2044 Guelf.
869 2015 899 2043 l.
920 2015 951 2044 3.
997 2012 1128 2052 Pangit
1144 2013 1204 2043 ΒΓ.
1231 2018 1309 2052 post
1330 2014 1339 2030 ‘
1360 2014 1519 2054 placeres
1540 2024 1607 2045 non

146 2056 225 2088 post
249 2053 259 2068 ‘
276 2051 452 2083 hoc.’—-l5
472 2053 521 2085 M.
535 2059 571 2085 et
588 2055 658 2085 ΕΤ.
673 2054 739 2084 lua-c
754 2065 812 2094 qua
836 2057 869 2085 in
889 2055 950 2091 die,
973 2059 1149 2096 corrupte,
1167 2060 1204 2087 ut
1219 2056 1366 2086 videtur.
1389 2056 1489 2088 West.
1526 2058 1608 2088 Per-

145 2093 233 2125 iisset
248 2094 306 2125 ΒΓ.
322 2094 362 2126 Ζ.
380 2095 482 2127 Bent.
501 2096 601 2127 Both.
619 2097 801 2128 perh—16
825 2098 931 2138 Lege,
958 2103 996 2129 ut
1025 2103 1154 2137 cetera,
1181 2099 1290 2139 ecquid
1314 2099 1480 2130 habuisset.
1506 2100 1608 2132 Beut.

145 2136 339 2177 Sequuntur
364 2138 444 2178 Bip.
462 2139 566 2170 Both.
581 2139 676 2170 Peri.
694 2140 750 2181 qui
768 2140 828 2171 dat
851 2141 971 2181 periit.-
994 2140 1037 2171 de
1053 2150 1120 2181 qna
1135 2142 1324 2172 mutatione
1341 2147 1376 2173 et
1392 2142 1515 2173 talibus
1533 2142 1606 2174 fere

144 2179 293 2211 silemus.
341 2181 432 2216 Quod
452 2181 607 2212 habuisset
623 2183 769 2223 corruperit
785 2183 904 2215 J.—l7
930 2184 1008 2214 Non
1026 2184 1213 2224 interrogat
1229 2184 1288 2215 ΒΓ.
1305 2184 1346 2215 ad
1365 2184 1487 2216 finem:
1512 2191 1547 2216 et
1563 2187 1604 2217 ad

146 2231 263 2253 vocem
279 2224 289 2240 ‘
306 2223 488 2265 quaeritet’
512 2225 626 2264 glossa
643 2225 675 2256 in
701 2235 740 2257 eo
757 2226 830 2257 cod.
852 2226 955 2257 habet
974 2227 983 2243 ‘
996 2226 1133 2257 nescio!
1166 2228 1175 2243 ‘
1193 2227 1238 2258 Vi
1263 2227 1360 2268 hujus
1384 2228 1531 2268 glossae,’
1557 2230 1606 2260 ait

144 2264 268 2302 Bruns,
302 2267 312 2284 ‘
329 2267 464 2306 signum
493 2267 657 2306 interrog.
685 2267 719 2298 in
747 2269 816 2299 Ms.
844 2268 1053 2300 deest.’--18
1078 2269 1154 2300 Nisi
1175 2270 1232 2301 illa
1257 2270 1301 2302 G.
1329 2274 1364 2301 et
1390 2271 1472 2302 EM.
1506 2272 1606 2304 IVest.

145 2307 224 2339 Nisi
237 2309 397 2348 illusor-te.
443 2310 542 2341 Bem.
566 2311 643 2342 Nisi
665 2311 692 2341 si
715 2311 769 2342 illa
784 2311 883 2349 forte.
909 2312 970 2343 Fa.
1013 2312 1070 2343 Sic
1087 2317 1122 2343 et
1138 2313 1246 2343 nostri
1265 2311 1337 2343 fere
1355 2323 1482 2344 omnes.
1506 2314 1602 2346 Beni.

143 2349 221 2381 Nisi
233 2352 276 2382 sit
292 2353 332 2383 Z.
349 2351 438 2393 quod
455 2363 528 2384 esse
554 2353 589 2384 in
614 2353 696 2384 edit.
721 2359 817 2385 notat
833 2355 955 2385 Bruns.
1001 2355 1077 2385 Nisi
1092 2356 1146 2386 illa
1161 2355 1189 2385 si
1205 2356 1260 2387 ed.
1277 2356 1491 2396 Deum—19
1515 2357 1602 2397 Eug.

140 2391 229 2425 hunc
243 2404 374 2426 versum
390 2395 438 2426 sic
455 2396 560 2426 citat:
577 2397 659 2427 Eam
673 2406 738 2427 sese
753 2397 886 2428 intendit
897 2407 973 2435 esse,
983 2399 1036 2437 ᾂϊ.
1062 2398 1209 2439 Egregie
1225 2409 1232 2429 ε
1251 2403 1286 2429 et
1299 2398 1375 2429 dele
1387 2399 1492 2439 Soror,
1511 2401 1600 2439 quod

141 2436 262 2475 putide
277 2437 332 2468 hic
349 2438 530 2479 repetitur.
549 2439 643 2470 Bent.
677 2440 756 2470 Eam
769 2449 832 2470 sese
849 2440 936 2480 Eug.
953 2440 1039 2480 legit
1051 2445 1087 2471 et
1103 2441 1234 2481 recepit
1252 2441 1353 2473 Bent.
1372 2451 1471 2483 quem
1489 2443 1599 2482 sequi-

139 2487 226 2519 mur,
246 2480 376 2521 rejecto
392 2481 481 2522 vulg.
503 2481 612 2513 Soror.
629 2482 706 2523 Bip.
751 2482 950 2524 Sequuntur
966 2487 1001 2514 et
1017 2483 1118 2515 Both.
1135 2489 1171 2515 et
1192 2484 1286 2515 Peri.
1314 2484 1372 2526 qui
1397 2489 1493 2516 notat
1521 2486 1600 2516 Eam

795 2568 936 2601 NOTAE

136 2629 284 2662 bendum
310 2634 348 2663 et
372 2630 618 2664 meridiandum
649 2642 841 2665 accommo-
894 2635 972 2666 delle
984 2635 1119 2666 calonne.

137 2680 234 2712 datos
260 2682 399 2723 babere,
428 2682 462 2713 in
491 2682 613 2724 quibus
643 2682 837 2714 confabula-
937 2687 978 2716 16
1003 2685 1088 2721 Quid
1110 2684 1278 2725 habuisset,
1303 2696 1371 2716 cum
1388 2688 1488 2728 perit]
1510 2688 1595 2720 Quae

135 2736 265 2764 rentur.
891 2735 1038 2775 insignia
1068 2735 1227 2776 gestabat
1257 2736 1370 2775 puella
1405 2737 1596 2778 Pamphila,

179 2784 218 2813 13
248 2777 359 2824 Sunii]
390 2782 530 2814 Sunium
561 2783 836 2815 Promontorium
892 2785 1015 2826 quibus
1031 2785 1166 2818 tandem
1183 2785 1299 2827 agnita
1315 2792 1378 2818 est.

134 2836 187 2864 est
204 2832 346 2865 Atticae.
392 2833 508 2866 Hodie
532 2835 734 2876 nominatur,
753 2835 836 2876 Capo
