1903 3306
325 206 413 249 368
819 215 858 244 P.
891 213 1133 245 TERENTH
1167 213 1284 244 Aem

329 310 608 353 Mendicum:
643 313 750 359 tum,
771 310 918 362 ipsam
938 309 1189 362 despoliare
1211 320 1301 349 non
1321 306 1445 348 libet.

330 379 434 420 ΜΥ.
466 377 505 419 Ο
528 381 708 432 optume
728 377 902 429 hospes,
922 376 1016 428 pol,
1038 374 1176 424 Crito,
1193 374 1417 428 antiquum
1439 372 1624 415 obtines.

330 446 419 488 CR.
452 446 552 487 Duc
574 457 645 486 me
678 443 734 485 ad
757 457 871 493 eam,
894 442 1070 497 quando
1098 442 1185 483 huc
1206 442 1323 492 veni,
1359 445 1407 482 ut
1427 441 1618 482 videam.
1677 438 1780 481 MY.

501 511 736 553 Maxume.

331 582 426 623 DA.
457 580 630 634 Sequar
649 579 756 619 hos:
784 577 888 618 nolo
909 590 980 618 me
1000 576 1047 617 in
1069 580 1265 631 tempore
1284 576 1367 617 hoc
1385 573 1542 617 videat
1562 586 1712 615 senex.

331 723 445 763 saepz'us
459 723 722 761 calumniatorem,
745 722 798 762 qui
818 721 1035 752 haereditatem
1049 720 1180 751 alienam
1194 723 1323 760 captem,
1340 718 1513 750 mendicum
1525 719 1663 759 denique.
1710 715 1789 747 Tum

332 766 439 805 etiam,
452 769 483 797 et
498 767 526 797 si
539 766 706 797 hoereditas
723 764 969 805 Chrysidisjure
984 773 1051 794 mea
1064 763 1120 801 sit,
1135 767 1239 793 tamen
1260 762 1346 793 inam
1361 761 1448 792 bonis
1459 762 1615 792 denudare
1629 770 1689 792 non
1703 759 1788 795 licet,

332 818 403 839 cum
417 809 483 849 ipsa
498 809 583 840 nulla
605 809 680 847 alia,
700 816 790 848 quam
812 805 978 846 Chrysidis
1000 805 1078 835 bona
1100 805 1221 836 habeut.
1264 804 1342 835 ΜΥ.
1368 804 1494 844 Optime
1508 803 1616 844 hospes
1631 803 1719 834 Crito
1733 811 1789 832 an-

334 852 454 890 tiquum
479 854 566 882 tuum
590 860 705 881 morem
726 849 889 879 observas.-
912 859 980 879 cum
1003 847 1051 878 ita
1074 850 1105 878 te
1127 847 1214 886 geris
1236 855 1312 885 erga
1329 846 1520 887 Glycerium.
1566 846 1634 878 Cu.
1656 846 1728 876 Duc
1742 853 1790 874 me

333 894 374 923 ad
396 893 494 933 illam,
515 896 562 933 ut,
592 893 711 932 quando
743 892 801 922 huc
831 891 913 928 veni,
944 891 1054 921 saltem
1085 899 1152 920 eam
1182 889 1315 919 videam·
1371 889 1449 919 ΜΥ.
1481 888 1630 919 Libenter
1651 888 1684 919 id
1709 886 1787 918 volo.

333 936 406 966 DA.
429 935 547 976 Sequar
559 935 613 966 hos
627 936 667 966 ad
681 935 762 966 oedes
779 932 933 974 Glyceriz'.
980 933 1061 963 Nolo
1086 942 1133 963 me
1155 940 1248 963 senex
1272 931 1364 962 herus
1387 930 1475 962 Simo
1490 930 1545 962 hoc
1561 933 1696 971 tempore
1710 937 1791 961 nunc

333 977 449 1009 videat.

947 1047 1185 1061 eeeeeeeeeeee

338 1133 414 1155 cum
430 1123 569 1154 Donato
597 1126 675 1163 post
698 1121 708 1139 ‘
727 1119 993 1162 sycophantam'
1021 1118 1335 1159 interpungendum
1363 1120 1460 1158 puto.
1486 1117 1580 1148 Bent.
1624 1114 1724 1147 Lind.
1749 1123 1793 1145 ex

338 1167 406 1198 Do.
423 1165 651 1197 Haeredz‘tates.
670 1165 763 1195 Perl.
808 1163 1038 1194 Hceredztatem
1053 1162 1138 1193 dant
1149 1162 1208 1193 Βι·.
1221 1160 1322 1192 Both.
1339 1160 1435 1191 Perl.
1481 1159 1561 1190 Non
1578 1158 1796 1198 distinguunt

338 1213 419 1250 post
434 1210 443 1226 ‘
458 1207 612 1249 sycoph.'
625 1208 665 1238 Z.
680 1207 783 1238 Both.
799 1206 893 1237 Perl.
938 1204 1049 1236 Abest
1064 1205 1119 1235 Me
1134 1214 1152 1235 a
1177 1203 1293 1235 Guelf.
1307 1205 1422 1234 3.-21
1447 1201 1556 1233 Codd.
1581 1201 1649 1232 duo
1674 1209 1796 1241 peran-

338 1252 438 1293 tiqui,
453 1256 488 1282 et
519 1251 659 1281 totidem
687 1258 743 1288 ap.
765 1249 841 1279 Riv.
866 1247 994 1279 habent
1008 1247 1113 1278 lubet:
1136 1246 1225 1288 quod
1250 1255 1396 1286 persona
1412 1245 1565 1276 Critonis
1581 1249 1633 1275 est
1649 1242 1796 1281 dignius.

340 1295 440 1325 Bent.
485 1293 573 1323 Licet
591 1293 630 1324 Z.
675 1291 776 1322 Lubet
792 1291 852 1321 ΒΓ.
869 1291 972 1321 Both.
1000 1290 1096 1321 Perl.
1143 1289 1287 1329 Spoliare
1313 1288 1408 1318 Perl.
1428 1287 1486 1328 qui
1504 1291 1653 1318 testatur
1679 1282 1797 1316 Guelf.

340 1340 371 1369 1.
388 1339 419 1367 3.
436 1337 552 1376 legere
568 1335 767 1375 despol.—22
791 1333 869 1364 Ant.
886 1333 1002 1364 retines
1024 1333 1097 1364 ΕΡ.
1126 1332 1226 1364 Wcst.
1274 1331 1453 1371 Opportune
1466 1339 1528 1370 pro
1549 1329 1664 1370 optime
1678 1327 1736 1368 qui
1753 1327 1799 1357 le·

341 1379 441 1419 gend.
465 1382 591 1419 putant
608 1382 646 1408 ut
672 1375 785 1407 versui
807 1376 999 1413 consulant,
1023 1375 1136 1415 potius
1162 1384 1259 1415 quam
1276 1383 1391 1404 morem
1414 1372 1555 1412 addant,
1582 1371 1701 1402 vident
1724 1377 1800 1400 meo

335 1421 468 1463 judicio
494 1430 627 1461 parum.
653 1419 735 1450 Gon.
779 1418 861 1449 Duo
896 1428 914 1448 e
945 1417 1082 1456 nostris,
1108 1418 1137 1448 Ο
1163 1420 1305 1458 optume:
1329 1419 1434 1447 recte.
1457 1415 1555 1447 Bent.
1599 1414 1798 1455 Sequuntur

342 1464 445 1496 Both.
458 1464 553 1495 Perl.
597 1463 721 1494 Morem
737 1466 817 1503 post
831 1462 839 1478 ‘
854 1459 937 1493 obt?
954 1459 1073 1493 Guelf.
1086 1463 1117 1491 3.

999 1556 1138 1591 NOTAE

387 1628 429 1657 22
452 1625 626 1665 Antiquam
649 1622 784 1664 obtines]
806 1622 848 1654 Id
868 1626 934 1663 est,
961 1622 1049 1654 anti·
1101 1621 1190 1653 dixit
1212 1620 1246 1651 in
1264 1618 1490 1657 Mostellaria,
1513 1617 1602 1649 Actu
1629 1625 1669 1647 11.
1691 1615 1746 1648 Sc.
1767 1618 1800 1646 3.

344 1687 446 1718 quum
477 1680 513 1706 et
549 1679 747 1706 consuetum
777 1678 872 1705 tuum
908 1683 1049 1704 morem.
1101 1673 1110 1690 ‘
1130 1671 1316 1712 Antiquum
1332 1670 1395 1701 hoc
1411 1669 1548 1700 obtines
1565 1666 1801 1708 tuum‚tardus

344 1729 401 1759 Sic
417 1727 561 1758 Plautus
578 1725 733 1757 absolute
747 1724 820 1756 sine
837 1723 1048 1756 substantivo
1103 1726 1140 1754 ut
1156 1721 1223 1753 sis!

777 1985 980 2029 ACTUS
1012 1983 1075 2026 V.
1106 1980 1313 2025 SCENA
1343 1981 1383 2022 Ι.

857 2113 1105 2147 CHREMES.
1168 2111 1300 2142 SIMO.

356 2191 444 2233 CH.
477 2190 626 2231 SATls
643 2188 754 2242 jam,
778 2185 903 2236 satiS,
929 2184 1067 2232 Simo,
1091 2183 1297 2236 spectata
1329 2191 1432 2231 erga
1464 2183 1509 2219 te
1535 2173 1730 2218 amicitia
1750 2171 1806 2213 ’st

525 2269 650 2297 mea:

356 2325 479 2366 Satis
499 2323 655 2378 pericli
677 2320 797 2374 coepi
817 2319 938 2359 adire
955 2331 965 2358 ε
997 2314 1146 2357 orandi
1162 2314 1259 2368 jam
1279 2313 1411 2354 finem
1427 2311 1540 2352 face.

356 2395 473 2435 Dum
496 2389 651 2432 studeo
671 2387 858 2440 obsequi
880 2384 976 2434 tibi,
996 2395 1128 2437 paene
1149 2380 1268 2422 illusi
1287 2380 1428 2422 vitam
1448 2378 1564 2420 filiae.

402 2511 471 2542 CH.
496 2510 595 2548 Satis,
611 2509 681 2548 jam
704 2507 796 2545 satis,
824 2506 926 2544 Simo,
951 2506 1113 2545 perspecta
1128 2505 1175 2533 est
1190 2511 1259 2532 mea
1273 2509 1349 2540 erga
1364 2502 1395 2530 te
1408 2496 1570 2530 amicitia:
1592 2494 1670 2526 satis
1682 2490 1812 2533 periculi

358 2554 488 2594 suscepi.
522 2553 649 2584 Desiste
663 2561 710 2582 me
722 2559 822 2581 orare.
846 2549 933 2580 Dum
947 2548 1053 2578 studeo
1069 2545 1222 2577 voluntati
1237 2547 1299 2575 tua>
1311 2541 1445 2583 obsequi,
1458 2549 1545 2582 paene
1559 2537 1691 2570 ludibrio
1700 2534 1810 2567 habere

966 2639 1202 2654 eeeeeeeeeeee

407 2717 435 2744 l.
449 2717 468 2745 2
485 2712 567 2744 Saci‘
586 2711 664 2751 Rip.
687 2710 753 2741 Sed
771 2709 976 2750 apostropha
992 2717 1059 2738 non
1073 2716 1168 2746 opus.
1192 2704 1343 2736 Per1.—2
1360 2701 1488 2733 Omnes
1504 2697 1620 2731 Nostri
1637 2706 1711 2729 cum
1724 2694 1813 2727 Edd.

363 2762 449 2789 vett.
464 2756 574 2795 incepi.
620 2755 740 2786 Recte.
766 2754 860 2784 Bent.
906 2752 961 2784 Sic
978 2751 1062 2782 dant
1078 2750 1137 2781 Br.
1154 2748 1256 2780 Both.
1277 2745 1434 2779 Perl.-3
1459 2743 1496 2775 C.
1512 2743 1557 2774 V.
1571 2740 1689 2772 studui.
1713 2737 1813 2771 Lind.
