1903 3306
320 240 406 283 220
809 251 1117 282 FRANfflscus
1150 251 1288 281 HARE

322 352 361 384 et
380 345 563 383 adverbia
583 358 659 383 non
683 358 827 396 pauca:
860 358 988 390 nemo,
1019 345 1191 395 iuquam,
1222 350 1294 390 est,
1316 344 1382 394 qui
1402 356 1478 381 non
1502 344 1620 383 sentit
1644 345 1779 398 hujus-

320 410 426 448 modi
445 411 562 448 verba
582 409 871 460 quodammodo
898 408 1131 459 praecipitari
1163 414 1202 444 et
1234 407 1352 444 nimia
1381 407 1578 446 celeritate
1599 409 1709 453 ferri;
1740 411 1780 448 in

321 474 445 512 verbis
466 474 582 511 etiarn
603 474 663 511 vel
697 473 984 523 prolixioribus,
1005 473 1063 509 vel
1085 471 1250 509 durioris
1271 470 1370 518 soni,
1398 485 1564 522 quaeque
1585 472 1779 512 difficilius

322 537 584 588 proferuntur,
617 537 748 575 literas
783 536 879 574 alias
911 535 1086 581 emolliri,
1108 535 1203 572 alias
1238 534 1437 586 supprimi,
1457 548 1652 586 vocesque
1683 537 1779 576 alias

323 601 360 638 iu
382 601 524 647 medio,
544 600 639 639 alias
661 601 699 638 in
720 601 796 638 fine
818 600 970 651 syllaba
990 599 1175 645 truncari,
1193 611 1383 648 verasque
1404 598 1638 650 syllabarum
1657 613 1780 650 quan-

322 666 453 702 titates
473 666 567 702 mire
588 664 748 715 corripi:
779 664 909 701 multis
931 663 1097 714 denique
1118 662 1245 700 modis
1266 663 1367 700 effici
1386 668 1429 699 nt
1446 675 1562 713 quam
1582 663 1779 702 minimum

322 729 506 779 temporis
538 728 637 765 inter
670 727 1003 766 confabulandum
1022 727 1147 765 verbis
1180 726 1420 777 proferendis
1449 726 1679 773 insumatur,
1707 726 1782 765 nisi

324 793 390 830 ubi
410 792 673 830 vehementior
692 792 889 842 loquentis
910 791 1088 836 affectus,
1123 797 1190 827 aut
1223 790 1275 827 rei
1306 789 1355 827 de
1388 802 1467 840 qua
1498 789 1626 840 agitur
1644 796 1783 828 natura

323 857 511 907 postulet,
531 862 575 894 ut
593 856 631 893 in
651 856 726 894 hoc
747 856 807 894 vel
828 856 895 893 illo
915 857 1032 894 verbo
1053 854 1243 905 insignior
1263 866 1370 891 mora.
1389 853 1469 890 fiat.

379 920 418 957 Si
441 920 527 971 quis
551 919 649 957 adeo
680 919 818 957 harum
848 932 973 957 rerum
995 918 1215 956 incuriosus
1235 923 1309 964 est,
1340 922 1384 954 ut
1415 916 1509 954 nihil
1539 929 1710 968 uuquam
1733 916 1782 955 de

325 983 640 1034 pronuntiatione
674 983 819 1033 linguae
856 982 926 1020 sibi
946 982 1164 1020 vernaculae
1185 979 1378 1031 cogitarit,
1411 979 1506 1030 quid
1527 980 1640 1019 velim
1668 979 1783 1018 facile

327 1046 531 1097 intelliget,
562 1046 594 1084 si
628 1047 666 1083 in
703 1046 873 1083 animum
903 1052 1073 1091 revocet,
1108 1044 1200 1095 quid
1232 1044 1315 1094 ipse
1344 1043 1521 1089 senserit,
1553 1044 1585 1081 si
1611 1055 1784 1094 unquam

326 1111 505 1149 homines
526 1116 678 1148 exteros
699 1110 864 1148 audierit
892 1121 1069 1147 sermone
1087 1108 1291 1160 peregrino
1311 1113 1350 1144 et
1369 1106 1443 1144 sibi
1462 1119 1621 1158 prorsus
1647 1106 1783 1157 ignoto

326 1174 596 1225 colloquentes
616 1188 624 1212 :
656 1186 785 1212 nonne
814 1173 886 1224 ipsi
910 1173 978 1210 visi
1000 1179 1091 1210 sunt
1117 1172 1222 1209 miris
1242 1171 1369 1209 modis
1389 1171 1507 1208 verba
1524 1170 1783 1222 praecipitare,

326 1238 511 1284 incidere,
533 1238 730 1284 devorare,
767 1244 806 1275 et
835 1236 1039 1274 dimidiata
1068 1235 1234 1287 plurima
1265 1235 1449 1285 proferre,
1478 1241 1523 1271 ut
1556 1233 1648 1271 nihil
1670 1233 1785 1284 plane

328 1308 367 1339 et
387 1301 570 1339 distincte
591 1300 767 1339 exaudiri
798 1298 997 1352 potuerit?
1034 1299 1156 1336 Immo
1189 1298 1255 1348 qui
1286 1303 1449 1335 eatenus
1468 1297 1643 1347 linguam
1664 1296 1788 1333 exoti-

328 1378 413 1403 cam
434 1371 582 1411 tenent,
616 1372 659 1403 ut
679 1365 821 1415 scripta
840 1364 963 1402 oculis
993 1363 1169 1414 subjecta
1190 1362 1309 1412 probe
1329 1360 1565 1411 intelligant,
1593 1359 1670 1397 illis
1690 1359 1785 1409 ipsis

330 1429 507 1468 homines
527 1428 663 1479 lingua
691 1429 766 1466 ista
787 1427 1084 1470 confabulantes
1119 1431 1230 1463 tanta
1262 1423 1457 1462 celeritate
1477 1424 1594 1460 verba
1623 1422 1786 1460 fundere

327 1493 522 1540 videntur,
558 1499 602 1530 ut
639 1505 715 1530 non
750 1491 867 1530 modo
903 1491 1040 1536 literae,
1075 1496 1142 1526 aut
1173 1487 1351 1539 syllabae,
1386 1485 1456 1524 sed
1489 1486 1639 1536 integra
1669 1485 1786 1523 etiam

329 1559 445 1596 verba
466 1570 570 1608 saepe
591 1570 657 1595 eos
689 1556 866 1606 fugiant:
897 1554 1000 1605 quod
1022 1566 1112 1591 vero
1134 1566 1204 1590 nos
1230 1552 1279 1589 de
1301 1550 1441 1589 exteris
1469 1549 1784 1600 colloquentibus

331 1622 532 1666 sentimus,
562 1620 663 1657 idem
698 1620 750 1656 illi
773 1619 888 1656 etiam
909 1619 957 1655 de
987 1618 1111 1655 nobis.
1169 1615 1286 1659 Quod
1308 1612 1480 1652 ostendit
1511 1613 1586 1651 hoc
1607 1612 1785 1651 omnibus

331 1685 472 1735 linguis
494 1690 631 1721 natura
651 1684 806 1721 insitum
827 1694 928 1728 esse,
949 1688 992 1718 ut
1021 1680 1185 1718 celerius
1215 1678 1472 1730 proferantur,
1503 1689 1619 1727 quam
1649 1677 1787 1726 legan-

332 1756 405 1793 tur,
427 1761 514 1786 cum
535 1748 657 1785 multa
689 1760 777 1796 quae
803 1746 916 1796 plene
953 1743 1187 1789 scribuntur,
1215 1755 1293 1779 non
1314 1748 1443 1779 tamen
1473 1739 1588 1791 plene
1616 1751 1788 1791 pronun-

332 1813 502 1856 tientur3
534 1812 602 1849 sed
630 1811 729 1849 inter
754 1808 992 1860 loquendum
1023 1807 1098 1845 alia
1127 1812 1350 1857 premantur
1379 1804 1549 1856 penitus,
1579 1803 1654 1840 alia
1673 1801 1789 1839 muti-

333 1877 474 1922 lentur,
495 1877 542 1913 ab
564 1875 648 1913 aliis
676 1875 800 1925 asperi
833 1872 977 1923 aliquid
999 1870 1218 1915 abradatur,
1254 1869 1335 1906 aliis
1358 1881 1428 1905 sua
1448 1867 1647 1918 quantitas
1667 1865 1788 1916 insig-

334 1942 432 1979 niter
460 1940 729 1982 imminuatur;
775 1937 852 1975 alia
885 1936 1053 1985 denique
1085 1941 1164 1971 tam
1198 1932 1336 1984 raptim
1372 1931 1594 1975 efferantur,
1627 1937 1670 1967 ut
1708 1941 1786 1967 non

333 2005 451 2043 modo
484 2005 570 2041 duae
591 2010 717 2041 tresve
738 2002 913 2053 syllabae,
944 1999 1014 2037 sed
1044 1997 1238 2036 interdum
1266 1996 1380 2034 etiam
1412 1995 1490 2033 duo
1517 1994 1590 2049 vel?
1613 1993 1684 2031 tria
1703 2004 1787 2030 ver-

334 2071 384 2107 ba
404 2070 440 2106 in
462 2081 579 2106 unum
601 2063 792 2105 coaluis‘se
813 2065 1030 2103 videantur.

392 2134 443 2170 Ut
460 2133 546 2169 haec
579 2128 856 2182 pronuntiandi
877 2128 973 2166 ratio
1000 2128 1038 2164 in
1069 2138 1187 2164 scena
1215 2125 1330 2163 etiam
1365 2127 1594 2167 servaretur,
1627 2131 1788 2157 necesse

336 2198 410 2235 fuit
428 2204 470 2233 ut
490 2197 615 2246 poetae
636 2195 671 2232 in
695 2194 866 2231 versibus
896 2189 1192 2241 compingendis
1222 2200 1299 2225 non
1330 2193 1408 2224 tam
1440 2189 1674 2236 spectarent,
1694 2181 1788 2233 quid

336 2261 473 2299 oculus
494 2259 679 2310 postulet,
700 2269 815 2308 quam
836 2255 931 2306 quid
960 2255 1008 2292 ab
1030 2266 1120 2291 aure
1141 2251 1407 2292 desideretur;
1438 2247 1670 2299 qualemque
1689 2247 1789 2297 pub·

336 2325 410 2363 lice
430 2323 576 2362 recitati
598 2334 736 2360 sonum
755 2319 927 2358 effecturi
948 2323 1094 2362 essent,
1124 2315 1253 2366 potius
1273 2325 1389 2364 quam
1411 2324 1489 2362 qua
1509 2310 1637 2362 specie
1657 2315 1790 2347 essent

338 2388 454 2426 tacite
475 2388 576 2425 lecti.

394 2453 491 2489 Haec
513 2464 601 2489 vera
622 2450 729 2500 origo
751 2455 866 2499 atque
887 2447 1039 2493 unicus,
1061 2445 1210 2496 opinor,
1239 2444 1327 2482 fons
1346 2440 1589 2480 licentiarum
1609 2437 1688 2474 sere.
1708 2448 1789 2473 om-

339 2516 458 2560 nium,
501 2528 588 2565 quae
628 2514 664 2550 in
695 2520 865 2551 veterum
897 2511 1142 2548 Comicorum
1187 2507 1339 2558 scriptis
1374 2507 1594 2547 occurrunt,
1623 2512 1788 2551 quaeque

340 2585 469 2616 tantas
491 2577 725 2614 offensiones
753 2576 937 2626 objiciunt
968 2574 1175 2612 lectoribus
1203 2572 1338 2608 harum
1370 2580 1495 2607 rerum
1524 2563 1722 2615 imperitis,
1750 2567 1790 2598 et

342 2642 500 2680 eruditis
523 2641 652 2686 etiam,
667 2641 737 2693 ⁴qui
758 2651 899 2676 causas
930 2651 1059 2676 earum
1082 2635 1313 2685 investigare
1334 2631 1600 2681 neglexerunt.
1643 2625 1789 2663 Plerae-

342 2719 417 2756 que
438 2705 538 2742 enim
558 2716 691 2743 omnes
721 2702 857 2741 eodem
886 2701 1066 2746 tendunt,
1101 2707 1144 2737 ut
1162 2710 1272 2736 veras
1294 2696 1526 2747 syllabarum
1549 2689 1787 2741 quantitates

342 2770 585 2817 imminuant,
623 2774 661 2806 et
695 2766 888 2819 prosodiae
926 2765 1075 2815 legibus
1102 2759 1355 2814 producenda
1389 2755 1611 2806 corripiant,
1637 2764 1717 2803 quo
1738 2750 1788 2789 ad
