<?xml version="1.0" encoding="UTF-8"?>
<!DOCTYPE html PUBLIC "-//W3C//DTD XHTML 1.0 Transitional//EN"
    "http://www.w3.org/TR/xhtml1/DTD/xhtml1-transitional.dtd">
<html xmlns="http://www.w3.org/1999/xhtml" xml:lang="en" lang="en">
 <head>
  <title>
</title>
<meta http-equiv="Content-Type" content="text/html;charset=utf-8" />
  <meta name='ocr-system' content='tesseract 3.04.00' />
  <meta name='ocr-capabilities' content='ocr_page ocr_carea ocr_par ocr_line ocrx_word'/>
</head>
<body>
  <div class='ocr_page' id='page_1' title='image "./pubterentiiafric01tereuoft/pubterentiiafric01tereuoft_0102.png"; bbox 0 0 1945 3296; ppageno 0'>
   <div class='ocr_carea' id='block_1_1' title="bbox 328 216 1482 260">
    <p class='ocr_par' dir='ltr' id='par_1_1' title="bbox 328 216 1482 260">
     <span class='ocr_line' id='line_1_1' title="bbox 328 216 1482 260; baseline 0.002 -3"><span class='ocrx_word' id='word_1_1' title='bbox 328 216 385 257; x_wconf 76' lang='lat'><strong>92</strong></span> <span class='ocrx_word' id='word_1_2' title='bbox 638 226 877 257; x_wconf 71' lang='lat' dir='ltr'><strong>DANJEms</strong></span> <span class='ocrx_word' id='word_1_3' title='bbox 910 225 1101 255; x_wconf 76' lang='lat' dir='ltr'><strong>HfflNsn</strong></span> <span class='ocrx_word' id='word_1_4' title='bbox 1139 226 1482 260; x_wconf 73' lang='lat' dir='ltr'><strong>nlssnn‘rA&#39;rio,</strong></span> 
     </span>
    </p>
   </div>
   <div class='ocr_carea' id='block_1_2' title="bbox 326 320 1807 1140">
    <p class='ocr_par' dir='ltr' id='par_1_2' title="bbox 326 320 1807 1140">
     <span class='ocr_line' id='line_1_2' title="bbox 328 320 1807 373; baseline 0.001 -13"><span class='ocrx_word' id='word_1_5' title='bbox 328 329 398 369; x_wconf 88' lang='lat' dir='ltr'><strong>tet,</strong></span> <span class='ocrx_word' id='word_1_6' title='bbox 418 322 600 373; x_wconf 81' lang='lat' dir='ltr'><strong>praemitti</strong></span> <span class='ocrx_word' id='word_1_7' title='bbox 628 321 680 359; x_wconf 88' lang='lat' dir='ltr'><strong>sit</strong></span> <span class='ocrx_word' id='word_1_8' title='bbox 700 335 876 360; x_wconf 87' lang='lat' dir='ltr'><strong>necesse.</strong></span> <span class='ocrx_word' id='word_1_9' title='bbox 935 323 1118 358; x_wconf 82' lang='lat' dir='ltr'><strong>Summus</strong></span> <span class='ocrx_word' id='word_1_10' title='bbox 1140 321 1338 360; x_wconf 80' lang='lat' dir='ltr'><strong>Aristoteli</strong></span> <span class='ocrx_word' id='word_1_11' title='bbox 1358 324 1524 361; x_wconf 83' lang='lat' dir='ltr'>ambitus</span> <span class='ocrx_word' id='word_1_12' title='bbox 1546 324 1661 362; x_wconf 78' lang='lat' dir='ltr'><strong>unius</strong></span> <span class='ocrx_word' id='word_1_13' title='bbox 1683 324 1786 362; x_wconf 85' lang='lat' dir='ltr'><strong>Solis</strong></span> <span class='ocrx_word' id='word_1_14' title='bbox 1805 320 1807 322; x_wconf 55' lang='grc'>’</span> 
     </span>
     <span class='ocr_line' id='line_1_3' title="bbox 329 384 1789 437; baseline 0 -13"><span class='ocrx_word' id='word_1_15' title='bbox 329 392 413 424; x_wconf 88' lang='lat' dir='ltr'><strong>est:</strong></span> <span class='ocrx_word' id='word_1_16' title='bbox 443 392 574 437; x_wconf 88' lang='lat' dir='ltr'><strong>potest</strong></span> <span class='ocrx_word' id='word_1_17' title='bbox 606 398 691 423; x_wconf 89' lang='lat' dir='ltr'><strong>esse</strong></span> <span class='ocrx_word' id='word_1_18' title='bbox 713 385 862 436; x_wconf 80' lang='lat' dir='ltr'>aliquot</span> <span class='ocrx_word' id='word_1_19' title='bbox 880 385 1074 423; x_wconf 83' lang='lat' dir='ltr'><strong>horarum.</strong></span> <span class='ocrx_word' id='word_1_20' title='bbox 1134 384 1224 429; x_wconf 85' lang='lat' dir='ltr'><strong>Qua</strong></span> <span class='ocrx_word' id='word_1_21' title='bbox 1250 385 1290 422; x_wconf 92' lang='lat' dir='ltr'><strong>in</strong></span> <span class='ocrx_word' id='word_1_22' title='bbox 1310 394 1420 436; x_wconf 87' lang='lat' dir='ltr'><strong>parte</strong></span> <span class='ocrx_word' id='word_1_23' title='bbox 1441 385 1693 425; x_wconf 85' lang='lat' dir='ltr'><strong>admirandus</strong></span> <span class='ocrx_word' id='word_1_24' title='bbox 1717 388 1789 425; x_wconf 89' lang='lat' dir='ltr'><strong>So-</strong></span> 
     </span>
     <span class='ocr_line' id='line_1_4' title="bbox 327 450 1789 501; baseline 0.001 -13"><span class='ocrx_word' id='word_1_25' title='bbox 327 450 489 501; x_wconf 86' lang='lat' dir='ltr'><strong>phocles</strong></span> <span class='ocrx_word' id='word_1_26' title='bbox 510 450 808 500; x_wconf 83' lang='lat' dir='ltr'><strong>Terentiusque.</strong></span> <span class='ocrx_word' id='word_1_27' title='bbox 866 450 1031 487; x_wconf 89' lang='lat' dir='ltr'><strong>Plautus</strong></span> <span class='ocrx_word' id='word_1_28' title='bbox 1057 461 1148 487; x_wconf 89' lang='lat' dir='ltr'><strong>vero</strong></span> <span class='ocrx_word' id='word_1_29' title='bbox 1170 462 1309 487; x_wconf 88' lang='lat' dir='ltr'><strong>novem</strong></span> <span class='ocrx_word' id='word_1_30' title='bbox 1338 462 1493 489; x_wconf 83' lang='lat' dir='ltr'><strong>menses</strong></span> <span class='ocrx_word' id='word_1_31' title='bbox 1515 464 1592 490; x_wconf 88' lang='lat' dir='ltr'><strong>uno</strong></span> <span class='ocrx_word' id='word_1_32' title='bbox 1614 450 1789 489; x_wconf 83' lang='lat' dir='ltr'><strong>dramate</strong></span> 
     </span>
     <span class='ocr_line' id='line_1_5' title="bbox 328 513 1786 566; baseline 0 -14"><span class='ocrx_word' id='word_1_33' title='bbox 328 514 552 566; x_wconf 87' lang='lat' dir='ltr'><strong>complexus</strong></span> <span class='ocrx_word' id='word_1_34' title='bbox 574 520 647 551; x_wconf 88' lang='lat' dir='ltr'><strong>est.</strong></span> <span class='ocrx_word' id='word_1_35' title='bbox 698 514 749 551; x_wconf 91' lang='lat' dir='ltr'><strong>Ut</strong></span> <span class='ocrx_word' id='word_1_36' title='bbox 769 514 832 551; x_wconf 85' lang='lat' dir='ltr'><strong>vix</strong></span> <span class='ocrx_word' id='word_1_37' title='bbox 851 513 973 563; x_wconf 85' lang='lat' dir='ltr'><strong>major</strong></span> <span class='ocrx_word' id='word_1_38' title='bbox 990 513 1230 565; x_wconf 82' lang='lat' dir='ltr'>ampliorque</span> <span class='ocrx_word' id='word_1_39' title='bbox 1251 513 1470 552; x_wconf 87' lang='lat' dir='ltr'><strong>Homericae</strong></span> <span class='ocrx_word' id='word_1_40' title='bbox 1489 514 1650 560; x_wconf 85' lang='lat' dir='ltr'><strong>Iliados,</strong></span> <span class='ocrx_word' id='word_1_41' title='bbox 1670 527 1786 565; x_wconf 86' lang='lat' dir='ltr'><strong>quam</strong></span> 
     </span>
     <span class='ocr_line' id='line_1_6' title="bbox 328 576 1788 630; baseline 0.001 -15"><span class='ocrx_word' id='word_1_42' title='bbox 328 578 622 630; x_wconf 86' lang='lat' dir='ltr'><strong>Amphitryonis</strong></span> <span class='ocrx_word' id='word_1_43' title='bbox 656 578 705 615; x_wconf 89' lang='lat' dir='ltr'><strong>sit</strong></span> <span class='ocrx_word' id='word_1_44' title='bbox 735 576 932 628; x_wconf 82' lang='lat' dir='ltr'><strong>periodus.</strong></span> <span class='ocrx_word' id='word_1_45' title='bbox 990 576 1210 614; x_wconf 86' lang='lat' dir='ltr'><strong>Alcumena</strong></span> <span class='ocrx_word' id='word_1_46' title='bbox 1244 584 1373 615; x_wconf 87' lang='lat' dir='ltr'><strong>autem</strong></span> <span class='ocrx_word' id='word_1_47' title='bbox 1403 577 1574 630; x_wconf 83' lang='lat' dir='ltr'><strong>concipit</strong></span> <span class='ocrx_word' id='word_1_48' title='bbox 1609 585 1648 616; x_wconf 87' lang='lat' dir='ltr'><strong>et</strong></span> <span class='ocrx_word' id='word_1_49' title='bbox 1677 579 1788 629; x_wconf 86' lang='lat' dir='ltr'><strong>parit.</strong></span> 
     </span>
     <span class='ocr_line' id='line_1_7' title="bbox 330 640 1790 693; baseline 0.001 -13"><span class='ocrx_word' id='word_1_50' title='bbox 330 642 449 688; x_wconf 90' lang='lat' dir='ltr'><strong>Quod</strong></span> <span class='ocrx_word' id='word_1_51' title='bbox 479 642 512 680; x_wconf 92' lang='lat' dir='ltr'><strong>si</strong></span> <span class='ocrx_word' id='word_1_52' title='bbox 542 642 652 680; x_wconf 88' lang='lat' dir='ltr'><strong>fieret</strong></span> <span class='ocrx_word' id='word_1_53' title='bbox 684 642 841 692; x_wconf 87' lang='lat' dir='ltr'><strong>ubique,</strong></span> <span class='ocrx_word' id='word_1_54' title='bbox 876 640 985 678; x_wconf 90' lang='lat' dir='ltr'><strong>nullo</strong></span> <span class='ocrx_word' id='word_1_55' title='bbox 1017 641 1192 692; x_wconf 83' lang='lat' dir='ltr'><strong>episodio</strong></span> <span class='ocrx_word' id='word_1_56' title='bbox 1214 642 1296 692; x_wconf 77' lang='lat' dir='ltr'><strong>jam</strong></span> <span class='ocrx_word' id='word_1_57' title='bbox 1328 654 1425 692; x_wconf 89' lang='lat' dir='ltr'><strong>opus</strong></span> <span class='ocrx_word' id='word_1_58' title='bbox 1461 649 1590 680; x_wconf 81' lang='lat' dir='ltr'><strong>esset:</strong></span> <span class='ocrx_word' id='word_1_59' title='bbox 1622 642 1790 693; x_wconf 86' lang='lat' dir='ltr'><strong>ideoque</strong></span> 
     </span>
     <span class='ocr_line' id='line_1_8' title="bbox 326 703 1790 756; baseline 0 -11"><span class='ocrx_word' id='word_1_60' title='bbox 326 720 400 745; x_wconf 87' lang='lat' dir='ltr'><strong>nec</strong></span> <span class='ocrx_word' id='word_1_61' title='bbox 420 719 482 745; x_wconf 88' lang='lat' dir='ltr'><strong>ars</strong></span> <span class='ocrx_word' id='word_1_62' title='bbox 503 712 620 753; x_wconf 88' lang='lat' dir='ltr'><strong>esset,</strong></span> <span class='ocrx_word' id='word_1_63' title='bbox 642 705 809 743; x_wconf 87' lang='lat' dir='ltr'><strong>scribere</strong></span> <span class='ocrx_word' id='word_1_64' title='bbox 830 703 1087 742; x_wconf 88' lang='lat' dir='ltr'><strong>Comoediam.</strong></span> <span class='ocrx_word' id='word_1_65' title='bbox 1137 704 1405 755; x_wconf 80' lang='lat' dir='ltr'><strong>Praeterquam</strong></span> <span class='ocrx_word' id='word_1_66' title='bbox 1431 705 1536 756; x_wconf 90' lang='lat' dir='ltr'><strong>quod</strong></span> <span class='ocrx_word' id='word_1_67' title='bbox 1557 705 1608 743; x_wconf 86' lang='lat' dir='ltr'><strong>sit</strong></span> <span class='ocrx_word' id='word_1_68' title='bbox 1627 708 1790 745; x_wconf 84' lang='lat' dir='ltr'><strong>monstri</strong></span> 
     </span>
     <span class='ocr_line' id='line_1_9' title="bbox 327 768 1792 821; baseline 0.001 -14"><span class='ocrx_word' id='word_1_69' title='bbox 327 771 464 817; x_wconf 86' lang='lat' dir='ltr'><strong>instar,</strong></span> <span class='ocrx_word' id='word_1_70' title='bbox 483 775 523 808; x_wconf 88' lang='lat' dir='ltr'><strong>et</strong></span> <span class='ocrx_word' id='word_1_71' title='bbox 539 782 627 807; x_wconf 90' lang='lat' dir='ltr'><strong>cum</strong></span> <span class='ocrx_word' id='word_1_72' title='bbox 647 768 797 806; x_wconf 84' lang='lat' dir='ltr'><strong>ratione</strong></span> <span class='ocrx_word' id='word_1_73' title='bbox 816 780 861 806; x_wconf 87' lang='lat' dir='ltr'><strong>ac</strong></span> <span class='ocrx_word' id='word_1_74' title='bbox 878 774 1020 805; x_wconf 85' lang='lat' dir='ltr'><strong>natura</strong></span> <span class='ocrx_word' id='word_1_75' title='bbox 1037 775 1199 818; x_wconf 80' lang='lat' dir='ltr'><strong>pugnet,</strong></span> <span class='ocrx_word' id='word_1_76' title='bbox 1229 775 1272 806; x_wconf 88' lang='lat' dir='ltr'><strong>ut</strong></span> <span class='ocrx_word' id='word_1_77' title='bbox 1295 781 1383 818; x_wconf 87' lang='lat' dir='ltr'><strong>quae</strong></span> <span class='ocrx_word' id='word_1_78' title='bbox 1404 769 1518 806; x_wconf 83' lang='lat' dir='ltr'><strong>simul</strong></span> <span class='ocrx_word' id='word_1_79' title='bbox 1539 776 1578 807; x_wconf 86' lang='lat' dir='ltr'><strong>et</strong></span> <span class='ocrx_word' id='word_1_80' title='bbox 1597 770 1792 821; x_wconf 83' lang='lat' dir='ltr'><strong>concipiat</strong></span> 
     </span>
     <span class='ocr_line' id='line_1_10' title="bbox 327 831 1791 884; baseline 0 -13"><span class='ocrx_word' id='word_1_81' title='bbox 327 840 367 872; x_wconf 91' lang='lat' dir='ltr'><strong>et</strong></span> <span class='ocrx_word' id='word_1_82' title='bbox 387 833 524 884; x_wconf 88' lang='lat' dir='ltr'><strong>pariat.</strong></span> <span class='ocrx_word' id='word_1_83' title='bbox 581 832 723 876; x_wconf 79' lang='lat' dir='ltr'><strong>Qualia</strong></span> <span class='ocrx_word' id='word_1_84' title='bbox 742 831 934 869; x_wconf 88' lang='lat' dir='ltr'><strong>nonnulla</strong></span> <span class='ocrx_word' id='word_1_85' title='bbox 963 831 1003 868; x_wconf 88' lang='lat' dir='ltr'><strong>in</strong></span> <span class='ocrx_word' id='word_1_86' title='bbox 1037 831 1224 881; x_wconf 85' lang='lat' dir='ltr'><strong>scriptore</strong></span> <span class='ocrx_word' id='word_1_87' title='bbox 1254 831 1330 869; x_wconf 91' lang='lat' dir='ltr'><strong>hoc</strong></span> <span class='ocrx_word' id='word_1_88' title='bbox 1365 844 1538 870; x_wconf 89' lang='lat' dir='ltr'><strong>summus</strong></span> <span class='ocrx_word' id='word_1_89' title='bbox 1561 832 1791 872; x_wconf 89' lang='lat' dir='ltr'><strong>Criticorum</strong></span> 
     </span>
     <span class='ocr_line' id='line_1_11' title="bbox 330 895 1794 948; baseline -0.001 -12"><span class='ocrx_word' id='word_1_90' title='bbox 330 898 466 936; x_wconf 80' lang='lat' dir='ltr'><strong>Caesar</strong></span> <span class='ocrx_word' id='word_1_91' title='bbox 498 897 673 948; x_wconf 85' lang='lat' dir='ltr'><strong>Scaliger</strong></span> <span class='ocrx_word' id='word_1_92' title='bbox 706 896 870 934; x_wconf 88' lang='lat' dir='ltr'><strong>notavit.</strong></span> <span class='ocrx_word' id='word_1_93' title='bbox 945 896 1075 946; x_wconf 82' lang='lat' dir='ltr'><strong>Atque</strong></span> <span class='ocrx_word' id='word_1_94' title='bbox 1108 895 1195 933; x_wconf 85' lang='lat' dir='ltr'><strong>haec</strong></span> <span class='ocrx_word' id='word_1_95' title='bbox 1230 896 1448 934; x_wconf 83' lang='lat' dir='ltr'><strong>vitaverant</strong></span> <span class='ocrx_word' id='word_1_96' title='bbox 1481 895 1616 935; x_wconf 77' lang='lat' dir='ltr'><strong>Po&#39;etae</strong></span> <span class='ocrx_word' id='word_1_97' title='bbox 1651 897 1794 944; x_wconf 85' lang='lat' dir='ltr'><strong>Graeei,</strong></span> 
     </span>
     <span class='ocr_line' id='line_1_12' title="bbox 329 959 1793 1012; baseline 0 -13"><span class='ocrx_word' id='word_1_98' title='bbox 329 974 495 1012; x_wconf 89' lang='lat' dir='ltr'><strong>quorum</strong></span> <span class='ocrx_word' id='word_1_99' title='bbox 533 962 677 1012; x_wconf 88' lang='lat' dir='ltr'><strong>scripta</strong></span> <span class='ocrx_word' id='word_1_100' title='bbox 720 960 784 998; x_wconf 87' lang='lat' dir='ltr'><strong>hic</strong></span> <span class='ocrx_word' id='word_1_101' title='bbox 832 967 1037 1010; x_wconf 82' lang='lat' dir='ltr'><strong>tantopere</strong></span> <span class='ocrx_word' id='word_1_102' title='bbox 1076 959 1326 999; x_wconf 80' lang='lat' dir='ltr'><strong>commendat</strong></span> <span class='ocrx_word' id='word_1_103' title='bbox 1366 959 1560 999; x_wconf 87' lang='lat' dir='ltr'><strong>Flaccus:</strong></span> <span class='ocrx_word' id='word_1_104' title='bbox 1608 960 1793 1000; x_wconf 84' lang='lat' dir='ltr'><strong>Techniei</strong></span> 
     </span>
     <span class='ocr_line' id='line_1_13' title="bbox 332 1024 1794 1076; baseline -0.001 -13"><span class='ocrx_word' id='word_1_105' title='bbox 332 1025 574 1072; x_wconf 84' lang='lat' dir='ltr'><strong>Graecorum,</strong></span> <span class='ocrx_word' id='word_1_106' title='bbox 608 1024 805 1076; x_wconf 85' lang='lat' dir='ltr'><strong>quomodo</strong></span> <span class='ocrx_word' id='word_1_107' title='bbox 829 1024 991 1062; x_wconf 86' lang='lat' dir='ltr'><strong>vitanda</strong></span> <span class='ocrx_word' id='word_1_108' title='bbox 1024 1029 1158 1062; x_wconf 85' lang='lat' dir='ltr'><strong>essent</strong></span> <span class='ocrx_word' id='word_1_109' title='bbox 1191 1036 1236 1063; x_wconf 86' lang='lat' dir='ltr'><strong>ac</strong></span> <span class='ocrx_word' id='word_1_110' title='bbox 1269 1024 1461 1070; x_wconf 85' lang='lat' dir='ltr'><strong>cavenda,</strong></span> <span class='ocrx_word' id='word_1_111' title='bbox 1496 1038 1602 1076; x_wconf 87' lang='lat' dir='ltr'><strong>saepe</strong></span> <span class='ocrx_word' id='word_1_112' title='bbox 1622 1025 1794 1063; x_wconf 86' lang='lat' dir='ltr'><strong>inculca-</strong></span> 
     </span>
     <span class='ocr_line' id='line_1_14' title="bbox 329 1088 1795 1140; baseline 0.001 -14"><span class='ocrx_word' id='word_1_113' title='bbox 329 1095 420 1127; x_wconf 86' lang='lat' dir='ltr'><strong>runt</strong></span> <span class='ocrx_word' id='word_1_114' title='bbox 439 1089 530 1127; x_wconf 84' lang='lat' dir='ltr'><strong>suis.</strong></span> <span class='ocrx_word' id='word_1_115' title='bbox 587 1088 754 1127; x_wconf 86' lang='lat' dir='ltr'><strong>Plautus</strong></span> <span class='ocrx_word' id='word_1_116' title='bbox 776 1102 921 1140; x_wconf 91' lang='lat' dir='ltr'><strong>susque</strong></span> <span class='ocrx_word' id='word_1_117' title='bbox 956 1089 1083 1140; x_wconf 90' lang='lat' dir='ltr'><strong>deque</strong></span> <span class='ocrx_word' id='word_1_118' title='bbox 1118 1089 1268 1134; x_wconf 81' lang='lat' dir='ltr'><strong>habuit,</strong></span> <span class='ocrx_word' id='word_1_119' title='bbox 1301 1089 1402 1127; x_wconf 88' lang='lat' dir='ltr'><strong>utin</strong></span> <span class='ocrx_word' id='word_1_120' title='bbox 1423 1089 1611 1140; x_wconf 84' lang='lat' dir='ltr'><strong>Captivis.</strong></span> <span class='ocrx_word' id='word_1_121' title='bbox 1669 1089 1795 1133; x_wconf 85' lang='lat' dir='ltr'><strong>Quam</strong></span> 
     </span>
    </p>
   </div>
   <div class='ocr_carea' id='block_1_3' title="bbox 328 1152 1796 1255">
    <p class='ocr_par' dir='ltr' id='par_1_3' title="bbox 328 1152 1796 1255">
     <span class='ocr_line' id='line_1_15' title="bbox 328 1152 1796 1205; baseline 0 -16"><span class='ocrx_word' id='word_1_122' title='bbox 328 1153 516 1191; x_wconf 88' lang='lat' dir='ltr'><strong>incuriam</strong></span> <span class='ocrx_word' id='word_1_123' title='bbox 536 1152 662 1191; x_wconf 78' lang='lat' dir='ltr'><strong>Po&#39;e&#39;ta</strong></span> <span class='ocrx_word' id='word_1_124' title='bbox 688 1166 776 1191; x_wconf 90' lang='lat' dir='ltr'><strong>curn</strong></span> <span class='ocrx_word' id='word_1_125' title='bbox 797 1152 960 1200; x_wconf 89' lang='lat' dir='ltr'><strong>videret,</strong></span> <span class='ocrx_word' id='word_1_126' title='bbox 990 1154 1190 1192; x_wconf 88' lang='lat' dir='ltr'><strong>continere</strong></span> <span class='ocrx_word' id='word_1_127' title='bbox 1221 1167 1262 1192; x_wconf 90' lang='lat' dir='ltr'><strong>se</strong></span> <span class='ocrx_word' id='word_1_128' title='bbox 1284 1166 1363 1191; x_wconf 91' lang='lat' dir='ltr'><strong>non</strong></span> <span class='ocrx_word' id='word_1_129' title='bbox 1383 1153 1521 1205; x_wconf 89' lang='lat' dir='ltr'><strong>potuit,</strong></span> <span class='ocrx_word' id='word_1_130' title='bbox 1543 1154 1634 1205; x_wconf 91' lang='lat' dir='ltr'><strong>quin</strong></span> <span class='ocrx_word' id='word_1_131' title='bbox 1664 1153 1796 1191; x_wconf 86' lang='lat' dir='ltr'><strong>excla-</strong></span> 
     </span>
     <span class='ocr_line' id='line_1_16' title="bbox 330 1224 478 1255; baseline 0.007 -1"><span class='ocrx_word' id='word_1_132' title='bbox 330 1224 451 1255; x_wconf 88' lang='lat' dir='ltr'><strong>maret</strong></span> <span class='ocrx_word' id='word_1_133' title='bbox 470 1230 478 1255; x_wconf 76' lang='grc' dir='ltr'>ε</span> 
     </span>
    </p>
   </div>
   <div class='ocr_carea' id='block_1_4' title="bbox 602 1303 1490 1415">
    <p class='ocr_par' dir='ltr' id='par_1_4' title="bbox 602 1303 1490 1415">
     <span class='ocr_line' id='line_1_17' title="bbox 922 1303 1422 1354; baseline 0.008 -16"><span class='ocrx_word' id='word_1_134' title='bbox 922 1303 1004 1341; x_wconf 89' lang='lat' dir='ltr'><strong>Vos</strong></span> <span class='ocrx_word' id='word_1_135' title='bbox 1022 1303 1258 1354; x_wconf 78' lang='lat' dir='ltr'><strong>exemplaria</strong></span> <span class='ocrx_word' id='word_1_136' title='bbox 1279 1304 1422 1342; x_wconf 82' lang='lat' dir='ltr'><strong>Graeca</strong></span> 
     </span>
     <span class='ocr_line' id='line_1_18' title="bbox 602 1362 1490 1415; baseline 0.002 -11"><span class='ocrx_word' id='word_1_137' title='bbox 602 1367 805 1405; x_wconf 88' lang='lat' dir='ltr'><strong>Nocturna</strong></span> <span class='ocrx_word' id='word_1_138' title='bbox 825 1374 979 1406; x_wconf 86' lang='lat' dir='ltr'><strong>versate</strong></span> <span class='ocrx_word' id='word_1_139' title='bbox 999 1379 1131 1415; x_wconf 88' lang='lat' dir='ltr'><strong>manu,</strong></span> <span class='ocrx_word' id='word_1_140' title='bbox 1152 1362 1304 1406; x_wconf 76' lang='lat' dir='ltr'><strong>versate</strong></span> <span class='ocrx_word' id='word_1_141' title='bbox 1324 1366 1490 1406; x_wconf 80' lang='lat' dir='ltr'><strong>diurna:</strong></span> 
     </span>
    </p>
   </div>
   <div class='ocr_carea' id='block_1_5' title="bbox 331 1469 1805 2803">
    <p class='ocr_par' dir='ltr' id='par_1_5' title="bbox 331 1469 1805 2803">
     <span class='ocr_line' id='line_1_19' title="bbox 333 1469 1798 1521; baseline 0.001 -14"><span class='ocrx_word' id='word_1_142' title='bbox 333 1476 469 1508; x_wconf 86' lang='lat' dir='ltr'><strong>contra</strong></span> <span class='ocrx_word' id='word_1_143' title='bbox 520 1470 800 1521; x_wconf 82' lang='lat' dir='ltr'><strong>negligentiam</strong></span> <span class='ocrx_word' id='word_1_144' title='bbox 849 1483 1007 1508; x_wconf 89' lang='lat' dir='ltr'><strong>suorum</strong></span> <span class='ocrx_word' id='word_1_145' title='bbox 1046 1477 1085 1508; x_wconf 89' lang='lat' dir='ltr'><strong>et</strong></span> <span class='ocrx_word' id='word_1_146' title='bbox 1131 1470 1320 1508; x_wconf 88' lang='lat' dir='ltr'><strong>incuriam</strong></span> <span class='ocrx_word' id='word_1_147' title='bbox 1367 1469 1596 1521; x_wconf 85' lang='lat' dir='ltr'><strong>gravissime</strong></span> <span class='ocrx_word' id='word_1_148' title='bbox 1633 1475 1798 1509; x_wconf 85' lang='lat' dir='ltr'><strong>taxaret.</strong></span> 
     </span>
     <span class='ocr_line' id='line_1_20' title="bbox 336 1533 1798 1585; baseline -0.001 -14"><span class='ocrx_word' id='word_1_149' title='bbox 336 1533 481 1578; x_wconf 86' lang='lat' dir='ltr'><strong>Quidni</strong></span> <span class='ocrx_word' id='word_1_150' title='bbox 502 1534 619 1580; x_wconf 87' lang='lat' dir='ltr'><strong>enim,</strong></span> <span class='ocrx_word' id='word_1_151' title='bbox 639 1535 705 1585; x_wconf 91' lang='lat' dir='ltr'><strong>qui</strong></span> <span class='ocrx_word' id='word_1_152' title='bbox 725 1534 800 1572; x_wconf 89' lang='lat' dir='ltr'><strong>hoc</strong></span> <span class='ocrx_word' id='word_1_153' title='bbox 821 1540 900 1572; x_wconf 87' lang='lat' dir='ltr'><strong>tum</strong></span> <span class='ocrx_word' id='word_1_154' title='bbox 921 1535 1078 1585; x_wconf 81' lang='lat' dir='ltr'><strong>agebat,</strong></span> <span class='ocrx_word' id='word_1_155' title='bbox 1099 1534 1203 1585; x_wconf 90' lang='lat' dir='ltr'><strong>quod</strong></span> <span class='ocrx_word' id='word_1_156' title='bbox 1225 1541 1315 1573; x_wconf 87' lang='lat' dir='ltr'><strong>ante</strong></span> <span class='ocrx_word' id='word_1_157' title='bbox 1332 1547 1420 1572; x_wconf 89' lang='lat' dir='ltr'><strong>eum</strong></span> <span class='ocrx_word' id='word_1_158' title='bbox 1440 1533 1703 1572; x_wconf 79' lang='lat' dir='ltr'><strong>Aristoteles?</strong></span> <span class='ocrx_word' id='word_1_159' title='bbox 1733 1534 1798 1584; x_wconf 90' lang='lat' dir='ltr'><strong>qui</strong></span> 
     </span>
     <span class='ocr_line' id='line_1_21' title="bbox 331 1597 1798 1650; baseline -0.001 -13"><span class='ocrx_word' id='word_1_160' title='bbox 331 1599 477 1650; x_wconf 88' lang='lat' dir='ltr'><strong>ubique</strong></span> <span class='ocrx_word' id='word_1_161' title='bbox 512 1598 737 1650; x_wconf 88' lang='lat' dir='ltr'><strong>Euripidem</strong></span> <span class='ocrx_word' id='word_1_162' title='bbox 758 1606 798 1638; x_wconf 92' lang='lat' dir='ltr'><strong>et</strong></span> <span class='ocrx_word' id='word_1_163' title='bbox 816 1598 913 1637; x_wconf 86' lang='lat' dir='ltr'><strong>alios</strong></span> <span class='ocrx_word' id='word_1_164' title='bbox 941 1599 981 1636; x_wconf 88' lang='lat' dir='ltr'><strong>in</strong></span> <span class='ocrx_word' id='word_1_165' title='bbox 1001 1598 1078 1636; x_wconf 88' lang='lat' dir='ltr'><strong>illis</strong></span> <span class='ocrx_word' id='word_1_166' title='bbox 1113 1598 1381 1650; x_wconf 84' lang='lat' dir='ltr'><strong>reprehendit:</strong></span> <span class='ocrx_word' id='word_1_167' title='bbox 1423 1611 1514 1636; x_wconf 81' lang='lat' dir='ltr'><strong>nam</strong></span> <span class='ocrx_word' id='word_1_168' title='bbox 1545 1597 1594 1636; x_wconf 91' lang='lat' dir='ltr'><strong>de</strong></span> <span class='ocrx_word' id='word_1_169' title='bbox 1627 1597 1798 1636; x_wconf 83' lang='lat' dir='ltr'><strong>Cornicis</strong></span> 
     </span>
     <span class='ocr_line' id='line_1_22' title="bbox 333 1662 1799 1714; baseline -0.001 -14"><span class='ocrx_word' id='word_1_170' title='bbox 333 1676 422 1712; x_wconf 88' lang='lat' dir='ltr'><strong>quae</strong></span> <span class='ocrx_word' id='word_1_171' title='bbox 443 1663 610 1714; x_wconf 89' lang='lat' dir='ltr'><strong>scripsit,</strong></span> <span class='ocrx_word' id='word_1_172' title='bbox 630 1662 747 1701; x_wconf 90' lang='lat' dir='ltr'><strong>hodie</strong></span> <span class='ocrx_word' id='word_1_173' title='bbox 767 1675 846 1701; x_wconf 91' lang='lat' dir='ltr'><strong>non</strong></span> <span class='ocrx_word' id='word_1_174' title='bbox 868 1670 1015 1701; x_wconf 84' lang='lat' dir='ltr'><strong>extant.</strong></span> <span class='ocrx_word' id='word_1_175' title='bbox 1074 1663 1195 1702; x_wconf 88' lang='lat' dir='ltr'><strong>Porro</strong></span> <span class='ocrx_word' id='word_1_176' title='bbox 1217 1664 1330 1701; x_wconf 91' lang='lat' dir='ltr'><strong>simul</strong></span> <span class='ocrx_word' id='word_1_177' title='bbox 1362 1676 1408 1701; x_wconf 87' lang='lat' dir='ltr'><strong>ac</strong></span> <span class='ocrx_word' id='word_1_178' title='bbox 1439 1662 1565 1700; x_wconf 71' lang='lat' dir='ltr'><strong>Poeta</strong></span> <span class='ocrx_word' id='word_1_179' title='bbox 1592 1662 1799 1700; x_wconf 87' lang='lat' dir='ltr'><strong>Actionem</strong></span> 
     </span>
     <span class='ocr_line' id='line_1_23' title="bbox 332 1725 1796 1778; baseline 0 -16"><span class='ocrx_word' id='word_1_180' title='bbox 332 1726 464 1772; x_wconf 87' lang='lat' dir='ltr'><strong>habet,</strong></span> <span class='ocrx_word' id='word_1_181' title='bbox 497 1727 626 1764; x_wconf 87' lang='lat' dir='ltr'><strong>locum</strong></span> <span class='ocrx_word' id='word_1_182' title='bbox 661 1739 817 1778; x_wconf 89' lang='lat' dir='ltr'><strong>quoque</strong></span> <span class='ocrx_word' id='word_1_183' title='bbox 849 1734 893 1766; x_wconf 90' lang='lat' dir='ltr'><strong>ut</strong></span> <span class='ocrx_word' id='word_1_184' title='bbox 913 1727 1058 1765; x_wconf 89' lang='lat' dir='ltr'><strong>actioni</strong></span> <span class='ocrx_word' id='word_1_185' title='bbox 1079 1726 1159 1774; x_wconf 91' lang='lat' dir='ltr'><strong>det,</strong></span> <span class='ocrx_word' id='word_1_186' title='bbox 1193 1740 1356 1765; x_wconf 86' lang='lat' dir='ltr'><strong>necesse</strong></span> <span class='ocrx_word' id='word_1_187' title='bbox 1387 1733 1460 1772; x_wconf 89' lang='lat' dir='ltr'><strong>est,</strong></span> <span class='ocrx_word' id='word_1_188' title='bbox 1490 1725 1584 1776; x_wconf 90' lang='lat' dir='ltr'><strong>quia</strong></span> <span class='ocrx_word' id='word_1_189' title='bbox 1606 1725 1690 1763; x_wconf 88' lang='lat' dir='ltr'><strong>sine</strong></span> <span class='ocrx_word' id='word_1_190' title='bbox 1709 1726 1796 1763; x_wconf 92' lang='lat' dir='ltr'><strong>loco</strong></span> 
     </span>
     <span class='ocr_line' id='line_1_24' title="bbox 334 1788 1799 1842; baseline -0.001 -15"><span class='ocrx_word' id='word_1_191' title='bbox 334 1790 417 1827; x_wconf 87' lang='lat' dir='ltr'><strong>fieri</strong></span> <span class='ocrx_word' id='word_1_192' title='bbox 437 1790 489 1827; x_wconf 88' lang='lat' dir='ltr'><strong>nil</strong></span> <span class='ocrx_word' id='word_1_193' title='bbox 510 1797 653 1842; x_wconf 88' lang='lat' dir='ltr'><strong>potest.</strong></span> <span class='ocrx_word' id='word_1_194' title='bbox 702 1791 780 1828; x_wconf 89' lang='lat' dir='ltr'><strong>Hic</strong></span> <span class='ocrx_word' id='word_1_195' title='bbox 802 1797 931 1829; x_wconf 88' lang='lat' dir='ltr'><strong>autem</strong></span> <span class='ocrx_word' id='word_1_196' title='bbox 952 1790 1061 1828; x_wconf 91' lang='lat' dir='ltr'><strong>locus</strong></span> <span class='ocrx_word' id='word_1_197' title='bbox 1084 1794 1196 1837; x_wconf 80' lang='grc' dir='ltr'>σκηνὴ</span> <span class='ocrx_word' id='word_1_198' title='bbox 1217 1790 1399 1842; x_wconf 78' lang='grc' dir='ltr'>δράματος</span> <span class='ocrx_word' id='word_1_199' title='bbox 1414 1802 1437 1827; x_wconf 89' lang='lat' dir='ltr'><strong>a</strong></span> <span class='ocrx_word' id='word_1_200' title='bbox 1452 1788 1606 1826; x_wconf 90' lang='lat' dir='ltr'><strong>Criticis</strong></span> <span class='ocrx_word' id='word_1_201' title='bbox 1625 1795 1799 1833; x_wconf 87' lang='lat' dir='ltr'><strong>vocatur,</strong></span> 
     </span>
     <span class='ocr_line' id='line_1_25' title="bbox 335 1851 1801 1905; baseline -0.001 -13"><span class='ocrx_word' id='word_1_202' title='bbox 335 1855 446 1905; x_wconf 88' lang='lat' dir='ltr'><strong>cujus</strong></span> <span class='ocrx_word' id='word_1_203' title='bbox 467 1855 583 1892; x_wconf 89' lang='lat' dir='ltr'><strong>finem</strong></span> <span class='ocrx_word' id='word_1_204' title='bbox 604 1855 799 1893; x_wconf 87' lang='lat' dir='ltr'><strong>transilire</strong></span> <span class='ocrx_word' id='word_1_205' title='bbox 817 1855 942 1894; x_wconf 84' lang='lat' dir='ltr'><strong>nefas.</strong></span> <span class='ocrx_word' id='word_1_206' title='bbox 999 1855 1126 1893; x_wconf 91' lang='lat' dir='ltr'><strong>Nemo</strong></span> <span class='ocrx_word' id='word_1_207' title='bbox 1157 1855 1259 1892; x_wconf 87' lang='lat' dir='ltr'><strong>enim</strong></span> <span class='ocrx_word' id='word_1_208' title='bbox 1277 1860 1451 1905; x_wconf 88' lang='lat' dir='ltr'><strong>tempore</strong></span> <span class='ocrx_word' id='word_1_209' title='bbox 1471 1851 1622 1898; x_wconf 82' lang='lat' dir='ltr'><strong>eodem,</strong></span> <span class='ocrx_word' id='word_1_210' title='bbox 1651 1852 1756 1903; x_wconf 92' lang='lat' dir='ltr'><strong>quod</strong></span> <span class='ocrx_word' id='word_1_211' title='bbox 1778 1866 1801 1891; x_wconf 90' lang='lat' dir='ltr'><strong>a</strong></span> 
     </span>
     <span class='ocr_line' id='line_1_26' title="bbox 337 1916 1800 1970; baseline 0.001 -15"><span class='ocrx_word' id='word_1_212' title='bbox 337 1916 480 1956; x_wconf 87' lang='lat' dir='ltr'><strong>Plauto</strong></span> <span class='ocrx_word' id='word_1_213' title='bbox 501 1925 606 1956; x_wconf 90' lang='lat' dir='ltr'><strong>recte</strong></span> <span class='ocrx_word' id='word_1_214' title='bbox 626 1918 780 1965; x_wconf 85' lang='lat' dir='ltr'><strong>dicitur,</strong></span> <span class='ocrx_word' id='word_1_215' title='bbox 808 1918 899 1956; x_wconf 80' lang='lat' dir='ltr'><strong>alibi</strong></span> <span class='ocrx_word' id='word_1_216' title='bbox 935 1925 1052 1969; x_wconf 88' lang='lat' dir='ltr'><strong>atque</strong></span> <span class='ocrx_word' id='word_1_217' title='bbox 1086 1918 1176 1956; x_wconf 87' lang='lat' dir='ltr'><strong>alibi</strong></span> <span class='ocrx_word' id='word_1_218' title='bbox 1195 1918 1338 1956; x_wconf 80' lang='lat' dir='ltr'><strong>versari</strong></span> <span class='ocrx_word' id='word_1_219' title='bbox 1367 1924 1526 1969; x_wconf 86' lang='lat' dir='ltr'><strong>potest:</strong></span> <span class='ocrx_word' id='word_1_220' title='bbox 1557 1918 1632 1956; x_wconf 87' lang='lat' dir='ltr'><strong>nisi</strong></span> <span class='ocrx_word' id='word_1_221' title='bbox 1653 1919 1800 1970; x_wconf 84' lang='lat' dir='ltr'><strong>aliquid</strong></span> 
     </span>
     <span class='ocr_line' id='line_1_27' title="bbox 336 1982 1800 2029; baseline 0.001 -9"><span class='ocrx_word' id='word_1_222' title='bbox 336 1988 599 2020; x_wconf 88' lang='lat' dir='ltr'><strong>monstrosum</strong></span> <span class='ocrx_word' id='word_1_223' title='bbox 632 1982 701 2020; x_wconf 87' lang='lat' dir='ltr'><strong>fiat</strong></span> <span class='ocrx_word' id='word_1_224' title='bbox 732 1983 772 2020; x_wconf 90' lang='lat' dir='ltr'><strong>in</strong></span> <span class='ocrx_word' id='word_1_225' title='bbox 821 1982 1038 2021; x_wconf 84' lang='lat' dir='ltr'><strong>Comoedia.</strong></span> <span class='ocrx_word' id='word_1_226' title='bbox 1112 1982 1222 2020; x_wconf 85' lang='lat' dir='ltr'><strong>Idem</strong></span> <span class='ocrx_word' id='word_1_227' title='bbox 1253 1989 1397 2029; x_wconf 88' lang='lat' dir='ltr'><strong>tamen,</strong></span> <span class='ocrx_word' id='word_1_228' title='bbox 1431 1996 1520 2021; x_wconf 86' lang='lat' dir='ltr'><strong>cum</strong></span> <span class='ocrx_word' id='word_1_229' title='bbox 1555 1982 1800 2021; x_wconf 90' lang='lat' dir='ltr'><strong>Curculionis</strong></span> 
     </span>
     <span class='ocr_line' id='line_1_28' title="bbox 338 2045 1802 2098; baseline 0 -13"><span class='ocrx_word' id='word_1_230' title='bbox 338 2059 498 2085; x_wconf 88' lang='lat' dir='ltr'><strong>scenam</strong></span> <span class='ocrx_word' id='word_1_231' title='bbox 533 2045 719 2097; x_wconf 81' lang='lat' dir='ltr'><strong>Epidauri</strong></span> <span class='ocrx_word' id='word_1_232' title='bbox 747 2046 958 2098; x_wconf 89' lang='lat' dir='ltr'><strong>posuisset,</strong></span> <span class='ocrx_word' id='word_1_233' title='bbox 995 2047 1161 2085; x_wconf 86' lang='lat' dir='ltr'><strong>Romam</strong></span> <span class='ocrx_word' id='word_1_234' title='bbox 1188 2047 1328 2084; x_wconf 89' lang='lat' dir='ltr'><strong>transit</strong></span> <span class='ocrx_word' id='word_1_235' title='bbox 1348 2046 1386 2084; x_wconf 91' lang='lat' dir='ltr'><strong>in</strong></span> <span class='ocrx_word' id='word_1_236' title='bbox 1417 2047 1567 2094; x_wconf 89' lang='lat' dir='ltr'><strong>eadem,</strong></span> <span class='ocrx_word' id='word_1_237' title='bbox 1594 2047 1692 2085; x_wconf 88' lang='lat' dir='ltr'><strong>etin</strong></span> <span class='ocrx_word' id='word_1_238' title='bbox 1721 2047 1802 2085; x_wconf 86' lang='lat' dir='ltr'><strong>Ro-</strong></span> 
     </span>
     <span class='ocr_line' id='line_1_29' title="bbox 338 2110 1801 2163; baseline 0 -15"><span class='ocrx_word' id='word_1_239' title='bbox 338 2123 542 2149; x_wconf 90' lang='lat' dir='ltr'><strong>manorum</strong></span> <span class='ocrx_word' id='word_1_240' title='bbox 562 2123 702 2156; x_wconf 89' lang='lat' dir='ltr'><strong>mores,</strong></span> <span class='ocrx_word' id='word_1_241' title='bbox 724 2124 854 2149; x_wconf 85' lang='lat' dir='ltr'><strong>scenae</strong></span> <span class='ocrx_word' id='word_1_242' title='bbox 875 2125 956 2150; x_wconf 82' lang='lat' dir='ltr'><strong>suae</strong></span> <span class='ocrx_word' id='word_1_243' title='bbox 970 2112 1053 2163; x_wconf 89' lang='lat' dir='ltr'><strong>jam</strong></span> <span class='ocrx_word' id='word_1_244' title='bbox 1073 2112 1233 2159; x_wconf 87' lang='lat' dir='ltr'><strong>oblitus,</strong></span> <span class='ocrx_word' id='word_1_245' title='bbox 1262 2110 1382 2149; x_wconf 88' lang='lat' dir='ltr'><strong>libere</strong></span> <span class='ocrx_word' id='word_1_246' title='bbox 1401 2110 1616 2154; x_wconf 87' lang='lat' dir='ltr'><strong>invehitur;</strong></span> <span class='ocrx_word' id='word_1_247' title='bbox 1659 2118 1698 2149; x_wconf 87' lang='lat' dir='ltr'><strong>et</strong></span> <span class='ocrx_word' id='word_1_248' title='bbox 1717 2111 1801 2162; x_wconf 90' lang='lat' dir='ltr'><strong>qui-</strong></span> 
     </span>
     <span class='ocr_line' id='line_1_30' title="bbox 340 2174 1801 2227; baseline 0.001 -15"><span class='ocrx_word' id='word_1_249' title='bbox 340 2174 443 2221; x_wconf 86' lang='lat' dir='ltr'><strong>dem,</strong></span> <span class='ocrx_word' id='word_1_250' title='bbox 477 2181 520 2212; x_wconf 93' lang='lat' dir='ltr'><strong>ut</strong></span> <span class='ocrx_word' id='word_1_251' title='bbox 539 2174 688 2225; x_wconf 91' lang='lat' dir='ltr'><strong>antiqui</strong></span> <span class='ocrx_word' id='word_1_252' title='bbox 710 2175 873 2222; x_wconf 87' lang='lat' dir='ltr'><strong>Comici,</strong></span> <span class='ocrx_word' id='word_1_253' title='bbox 894 2177 1080 2223; x_wconf 86' lang='lat' dir='ltr'><strong>tributim,</strong></span> <span class='ocrx_word' id='word_1_254' title='bbox 1109 2176 1163 2214; x_wconf 85' lang='lat' dir='ltr'><strong>ita</strong></span> <span class='ocrx_word' id='word_1_255' title='bbox 1181 2182 1225 2214; x_wconf 89' lang='lat' dir='ltr'><strong>ut</strong></span> <span class='ocrx_word' id='word_1_256' title='bbox 1255 2182 1295 2215; x_wconf 89' lang='lat' dir='ltr'><strong>et</strong></span> <span class='ocrx_word' id='word_1_257' title='bbox 1315 2176 1470 2227; x_wconf 85' lang='lat' dir='ltr'><strong>singula</strong></span> <span class='ocrx_word' id='word_1_258' title='bbox 1490 2175 1687 2214; x_wconf 86' lang='lat' dir='ltr'><strong>describat</strong></span> <span class='ocrx_word' id='word_1_259' title='bbox 1703 2177 1801 2221; x_wconf 80' lang='lat' dir='ltr'><strong>loca,</strong></span> 
     </span>
     <span class='ocr_line' id='line_1_31' title="bbox 339 2238 1802 2294; baseline 0 -18"><span class='ocrx_word' id='word_1_260' title='bbox 339 2239 428 2277; x_wconf 90' lang='lat' dir='ltr'><strong>Act.</strong></span> <span class='ocrx_word' id='word_1_261' title='bbox 444 2251 504 2277; x_wconf 77' lang='lat' dir='ltr'><strong>xv.</strong></span> <span class='ocrx_word' id='word_1_262' title='bbox 549 2239 678 2277; x_wconf 87' lang='lat' dir='ltr'><strong>Scena</strong></span> <span class='ocrx_word' id='word_1_263' title='bbox 698 2242 708 2259; x_wconf 86' lang='lat'>‘</span> <span class='ocrx_word' id='word_1_264' title='bbox 726 2238 922 2290; x_wconf 90' lang='lat' dir='ltr'><strong>AEdepol.’</strong></span> <span class='ocrx_word' id='word_1_265' title='bbox 968 2240 1057 2277; x_wconf 85' lang='lat' dir='ltr'><strong>Jam</strong></span> <span class='ocrx_word' id='word_1_266' title='bbox 1077 2243 1124 2278; x_wconf 74' lang='grc' dir='ltr'><strong>τά</strong></span> <span class='ocrx_word' id='word_1_267' title='bbox 1141 2242 1265 2290; x_wconf 79' lang='grc' dir='ltr'>ἄλογα</span> <span class='ocrx_word' id='word_1_268' title='bbox 1291 2240 1329 2277; x_wconf 91' lang='lat' dir='ltr'><strong>in</strong></span> <span class='ocrx_word' id='word_1_269' title='bbox 1348 2239 1506 2278; x_wconf 85' lang='lat' dir='ltr'><strong>Fabulis</strong></span> <span class='ocrx_word' id='word_1_270' title='bbox 1522 2253 1638 2292; x_wconf 87' lang='lat' dir='ltr'><strong>quam</strong></span> <span class='ocrx_word' id='word_1_271' title='bbox 1653 2239 1802 2294; x_wconf 72' lang='lat' dir='ltr'><strong>multa?</strong></span> 
     </span>
     <span class='ocr_line' id='line_1_32' title="bbox 338 2298 1803 2356; baseline 0 -16"><span class='ocrx_word' id='word_1_272' title='bbox 338 2298 395 2340; x_wconf 84' lang='lat' dir='ltr'><strong>ita</strong></span> <span class='ocrx_word' id='word_1_273' title='bbox 413 2316 524 2350; x_wconf 86' lang='lat' dir='ltr'><strong>voco,</strong></span> <span class='ocrx_word' id='word_1_274' title='bbox 547 2316 634 2356; x_wconf 86' lang='lat' dir='ltr'><strong>quae</strong></span> <span class='ocrx_word' id='word_1_275' title='bbox 653 2302 747 2340; x_wconf 88' lang='lat' dir='ltr'><strong>nihil</strong></span> <span class='ocrx_word' id='word_1_276' title='bbox 766 2302 974 2342; x_wconf 88' lang='lat' dir='ltr'><strong>verisimile</strong></span> <span class='ocrx_word' id='word_1_277' title='bbox 992 2303 1152 2341; x_wconf 87' lang='lat' dir='ltr'><strong>habent.</strong></span> <span class='ocrx_word' id='word_1_278' title='bbox 1182 2304 1276 2342; x_wconf 88' lang='lat' dir='ltr'><strong>Tale</strong></span> <span class='ocrx_word' id='word_1_279' title='bbox 1293 2309 1365 2349; x_wconf 91' lang='lat' dir='ltr'><strong>est,</strong></span> <span class='ocrx_word' id='word_1_280' title='bbox 1388 2303 1580 2342; x_wconf 88' lang='lat' dir='ltr'><strong>Sosiclem</strong></span> <span class='ocrx_word' id='word_1_281' title='bbox 1601 2303 1803 2342; x_wconf 84' lang='lat' dir='ltr'><strong>Menaech-</strong></span> 
     </span>
     <span class='ocr_line' id='line_1_33' title="bbox 343 2366 1802 2418; baseline -0.001 -13"><span class='ocrx_word' id='word_1_282' title='bbox 343 2380 462 2414; x_wconf 88' lang='lat' dir='ltr'><strong>mum,</strong></span> <span class='ocrx_word' id='word_1_283' title='bbox 491 2369 556 2418; x_wconf 91' lang='lat' dir='ltr'><strong>qui</strong></span> <span class='ocrx_word' id='word_1_284' title='bbox 588 2367 737 2405; x_wconf 87' lang='lat' dir='ltr'><strong>veniret</strong></span> <span class='ocrx_word' id='word_1_285' title='bbox 765 2379 786 2404; x_wconf 87' lang='lat' dir='ltr'><strong>e</strong></span> <span class='ocrx_word' id='word_1_286' title='bbox 820 2366 967 2414; x_wconf 86' lang='lat' dir='ltr'><strong>Sicilia,</strong></span> <span class='ocrx_word' id='word_1_287' title='bbox 1005 2373 1226 2418; x_wconf 90' lang='lat' dir='ltr'><strong>surreptum</strong></span> <span class='ocrx_word' id='word_1_288' title='bbox 1260 2367 1353 2406; x_wconf 91' lang='lat' dir='ltr'><strong>item</strong></span> <span class='ocrx_word' id='word_1_289' title='bbox 1391 2367 1458 2417; x_wconf 92' lang='lat' dir='ltr'><strong>qui</strong></span> <span class='ocrx_word' id='word_1_290' title='bbox 1490 2367 1530 2405; x_wconf 91' lang='lat' dir='ltr'><strong>in</strong></span> <span class='ocrx_word' id='word_1_291' title='bbox 1565 2367 1699 2418; x_wconf 85' lang='lat' dir='ltr'><strong>Illyria</strong></span> <span class='ocrx_word' id='word_1_292' title='bbox 1720 2367 1802 2418; x_wconf 87' lang='lat' dir='ltr'><strong>jam</strong></span> 
     </span>
     <span class='ocr_line' id='line_1_34' title="bbox 344 2430 1804 2483; baseline -0.001 -14"><span class='ocrx_word' id='word_1_293' title='bbox 344 2430 553 2479; x_wconf 83' lang='lat' dir='ltr'><strong>habitaret,</strong></span> <span class='ocrx_word' id='word_1_294' title='bbox 572 2431 722 2478; x_wconf 89' lang='lat' dir='ltr'><strong>habitu,</strong></span> <span class='ocrx_word' id='word_1_295' title='bbox 753 2430 891 2471; x_wconf 89' lang='lat' dir='ltr'><strong>eodem</strong></span> <span class='ocrx_word' id='word_1_296' title='bbox 913 2437 1098 2483; x_wconf 90' lang='lat' dir='ltr'><strong>tempore,</strong></span> <span class='ocrx_word' id='word_1_297' title='bbox 1129 2432 1184 2469; x_wconf 86' lang='lat' dir='ltr'><strong>ita</strong></span> <span class='ocrx_word' id='word_1_298' title='bbox 1214 2431 1329 2469; x_wconf 90' lang='lat' dir='ltr'><strong>simili</strong></span> <span class='ocrx_word' id='word_1_299' title='bbox 1349 2431 1484 2479; x_wconf 87' lang='lat' dir='ltr'><strong>fuisse,</strong></span> <span class='ocrx_word' id='word_1_300' title='bbox 1514 2437 1557 2469; x_wconf 90' lang='lat' dir='ltr'><strong>ut</strong></span> <span class='ocrx_word' id='word_1_301' title='bbox 1583 2431 1761 2482; x_wconf 83' lang='lat' dir='ltr'><strong>dignosci</strong></span> <span class='ocrx_word' id='word_1_302' title='bbox 1781 2443 1804 2468; x_wconf 84' lang='lat' dir='ltr'><strong>a</strong></span> 
     </span>
     <span class='ocr_line' id='line_1_35' title="bbox 344 2494 1801 2546; baseline -0.001 -13"><span class='ocrx_word' id='word_1_303' title='bbox 344 2495 631 2546; x_wconf 87' lang='lat' dir='ltr'><strong>spectatoribus</strong></span> <span class='ocrx_word' id='word_1_304' title='bbox 660 2508 739 2534; x_wconf 90' lang='lat' dir='ltr'><strong>non</strong></span> <span class='ocrx_word' id='word_1_305' title='bbox 772 2501 959 2546; x_wconf 81' lang='lat' dir='ltr'><strong>possent3</strong></span> <span class='ocrx_word' id='word_1_306' title='bbox 990 2507 1078 2534; x_wconf 91' lang='lat' dir='ltr'><strong>cum</strong></span> <span class='ocrx_word' id='word_1_307' title='bbox 1099 2495 1154 2532; x_wconf 92' lang='lat' dir='ltr'><strong>nil</strong></span> <span class='ocrx_word' id='word_1_308' title='bbox 1182 2494 1304 2533; x_wconf 89' lang='lat' dir='ltr'><strong>simile</strong></span> <span class='ocrx_word' id='word_1_309' title='bbox 1325 2494 1513 2532; x_wconf 86' lang='lat' dir='ltr'><strong>haberent</strong></span> <span class='ocrx_word' id='word_1_310' title='bbox 1542 2495 1629 2533; x_wconf 81' lang='lat' dir='ltr'><strong>istae</strong></span> <span class='ocrx_word' id='word_1_311' title='bbox 1650 2499 1801 2545; x_wconf 84' lang='lat' dir='ltr'><strong>gentes.</strong></span> 
     </span>
     <span class='ocr_line' id='line_1_36' title="bbox 346 2558 1804 2610; baseline -0.001 -12"><span class='ocrx_word' id='word_1_312' title='bbox 346 2560 464 2605; x_wconf 91' lang='lat' dir='ltr'><strong>Quod</strong></span> <span class='ocrx_word' id='word_1_313' title='bbox 483 2560 617 2599; x_wconf 86' lang='lat' dir='ltr'><strong>vitium</strong></span> <span class='ocrx_word' id='word_1_314' title='bbox 636 2573 684 2598; x_wconf 87' lang='lat' dir='ltr'><strong>ne</strong></span> <span class='ocrx_word' id='word_1_315' title='bbox 707 2573 730 2598; x_wconf 93' lang='lat' dir='ltr'><strong>a</strong></span> <span class='ocrx_word' id='word_1_316' title='bbox 759 2560 931 2610; x_wconf 86' lang='lat' dir='ltr'><strong>chorago</strong></span> <span class='ocrx_word' id='word_1_317' title='bbox 964 2559 1121 2610; x_wconf 90' lang='lat' dir='ltr'><strong>quidem</strong></span> <span class='ocrx_word' id='word_1_318' title='bbox 1152 2558 1351 2598; x_wconf 85' lang='lat' dir='ltr'><strong>emendari</strong></span> <span class='ocrx_word' id='word_1_319' title='bbox 1382 2565 1522 2610; x_wconf 89' lang='lat' dir='ltr'><strong>potest.</strong></span> <span class='ocrx_word' id='word_1_320' title='bbox 1578 2558 1680 2597; x_wconf 86' lang='lat' dir='ltr'><strong>Nam</strong></span> <span class='ocrx_word' id='word_1_321' title='bbox 1700 2558 1804 2597; x_wconf 89' lang='lat' dir='ltr'><strong>Mer-</strong></span> 
     </span>
     <span class='ocr_line' id='line_1_37' title="bbox 346 2621 1805 2676; baseline -0.003 -14"><span class='ocrx_word' id='word_1_322' title='bbox 346 2625 475 2663; x_wconf 82' lang='lat' dir='ltr'><strong>curius</strong></span> <span class='ocrx_word' id='word_1_323' title='bbox 500 2624 777 2676; x_wconf 87' lang='lat' dir='ltr'><strong>Amphitryone</strong></span> <span class='ocrx_word' id='word_1_324' title='bbox 811 2630 850 2660; x_wconf 87' lang='lat' dir='ltr'><strong>et</strong></span> <span class='ocrx_word' id='word_1_325' title='bbox 882 2623 1034 2674; x_wconf 87' lang='lat' dir='ltr'><strong>Jupiter</strong></span> <span class='ocrx_word' id='word_1_326' title='bbox 1068 2623 1134 2661; x_wconf 87' lang='lat' dir='ltr'><strong>Dii</strong></span> <span class='ocrx_word' id='word_1_327' title='bbox 1159 2629 1273 2661; x_wconf 88' lang='lat' dir='ltr'><strong>sunt:</strong></span> <span class='ocrx_word' id='word_1_328' title='bbox 1315 2621 1455 2673; x_wconf 88' lang='lat' dir='ltr'><strong>quibus</strong></span> <span class='ocrx_word' id='word_1_329' title='bbox 1477 2621 1608 2660; x_wconf 88' lang='lat' dir='ltr'><strong>omnia</strong></span> <span class='ocrx_word' id='word_1_330' title='bbox 1627 2621 1805 2668; x_wconf 88' lang='lat' dir='ltr'><strong>concedi,</strong></span> 
     </span>
     <span class='ocr_line' id='line_1_38' title="bbox 346 2684 1804 2737; baseline -0.003 -11"><span class='ocrx_word' id='word_1_331' title='bbox 346 2689 461 2726; x_wconf 87' lang='lat' dir='ltr'><strong>etiam</strong></span> <span class='ocrx_word' id='word_1_332' title='bbox 480 2688 557 2735; x_wconf 86' lang='lat' dir='ltr'><strong>hic,</strong></span> <span class='ocrx_word' id='word_1_333' title='bbox 579 2687 719 2726; x_wconf 89' lang='lat' dir='ltr'><strong>solent.</strong></span> <span class='ocrx_word' id='word_1_334' title='bbox 777 2686 907 2729; x_wconf 84' lang='lat' dir='ltr'><strong>Quare</strong></span> <span class='ocrx_word' id='word_1_335' title='bbox 938 2687 1132 2725; x_wconf 89' lang='lat' dir='ltr'><strong>incurrere</strong></span> <span class='ocrx_word' id='word_1_336' title='bbox 1162 2687 1202 2726; x_wconf 81' lang='grc' dir='ltr'><strong>τὸ</strong></span> <span class='ocrx_word' id='word_1_337' title='bbox 1221 2688 1364 2735; x_wconf 77' lang='grc' dir='ltr'>ἄλογον</span> <span class='ocrx_word' id='word_1_338' title='bbox 1384 2699 1462 2724; x_wconf 92' lang='lat' dir='ltr'><strong>non</strong></span> <span class='ocrx_word' id='word_1_339' title='bbox 1488 2692 1669 2737; x_wconf 89' lang='lat' dir='ltr'><strong>possunt.</strong></span> <span class='ocrx_word' id='word_1_340' title='bbox 1729 2684 1804 2722; x_wconf 90' lang='lat' dir='ltr'><strong>Ubi</strong></span> 
     </span>
     <span class='ocr_line' id='line_1_39' title="bbox 346 2750 1805 2803; baseline -0.002 -14"><span class='ocrx_word' id='word_1_341' title='bbox 346 2752 448 2790; x_wconf 86' lang='lat' dir='ltr'><strong>enim</strong></span> <span class='ocrx_word' id='word_1_342' title='bbox 470 2752 535 2790; x_wconf 91' lang='lat' dir='ltr'><strong>Dii</strong></span> <span class='ocrx_word' id='word_1_343' title='bbox 555 2757 692 2803; x_wconf 85' lang='lat' dir='ltr'><strong>agunt,</strong></span> <span class='ocrx_word' id='word_1_344' title='bbox 712 2757 843 2790; x_wconf 82' lang='lat' dir='ltr'><strong>cessat</strong></span> <span class='ocrx_word' id='word_1_345' title='bbox 872 2750 983 2791; x_wconf 84' lang='lat' dir='ltr'><strong>ratio,</strong></span> <span class='ocrx_word' id='word_1_346' title='bbox 1041 2751 1204 2796; x_wconf 89' lang='lat' dir='ltr'><strong>Quidvis</strong></span> <span class='ocrx_word' id='word_1_347' title='bbox 1228 2752 1330 2791; x_wconf 91' lang='lat' dir='ltr'><strong>enim</strong></span> <span class='ocrx_word' id='word_1_348' title='bbox 1359 2763 1475 2803; x_wconf 87' lang='lat' dir='ltr'><strong>posse</strong></span> <span class='ocrx_word' id='word_1_349' title='bbox 1496 2763 1578 2800; x_wconf 84' lang='lat' dir='ltr'><strong>eos,</strong></span> <span class='ocrx_word' id='word_1_350' title='bbox 1609 2762 1723 2801; x_wconf 87' lang='lat' dir='ltr'><strong>nemo</strong></span> <span class='ocrx_word' id='word_1_351' title='bbox 1744 2753 1805 2787; x_wconf 85' lang='lat' dir='ltr'><strong>est</strong></span> 
     </span>
    </p>
   </div>
  </div>
 </body>
</html>
