1976 3296
376 249 431 289 22
962 263 1233 293 PRAEFATIO,

376 359 697 408 abbreviatura,
714 358 759 398 in
778 359 871 399 tab.
889 358 932 399 2.
952 363 1208 407 memorata,
1223 369 1300 412 pro
1322 361 1334 379 ‘
1347 357 1422 399 us’
1441 359 1542 400 inde
1564 372 1591 401 a
1611 358 1724 400 Saec.
1747 369 1821 403 xl.

381 427 542 477 obvia3
563 426 714 467 eadem
736 439 816 479 pro
839 429 849 447 ‘
868 424 998 479 post,’
1029 439 1067 466 e.
1100 438 1140 478 g.
1161 425 1207 465 in
1240 428 1253 446 ‘
1268 425 1482 479 posthac:
1502 427 1725 468 rarissime
1754 431 1822 469 ta-

376 507 502 546 men3
525 507 741 548 nusquam
775 492 1079 534 abbreviatura
1110 506 1191 546 pro
1228 491 1356 533 ‘con'
1387 506 1521 546 quam
1552 499 1709 536 auctor
1735 508 1823 536 non

378 570 476 604 ante
497 562 623 603 finem
643 562 794 604 saeculi
818 572 912 602 X11.
929 561 1112 602 invenit.
1172 560 1244 601 Ex
1271 561 1423 602 tabula
1454 562 1579 603 tertia
1601 562 1823 604 Mannerti

379 630 685 683 compendium
714 642 796 683 pro
830 628 948 670 ‘est'
984 628 1077 669 sive
1097 628 1260 669 lineola
1287 628 1572 670 horizontalis
1593 630 1706 672 inter
1734 631 1824 672 duo

377 703 556 753 puncta,
589 697 705 750 quod
739 697 1113 737 Schoenemannus
1143 709 1201 736 ex
1221 698 1340 738 notis
1361 697 1613 738 Tironianis
1634 697 1824 748 derivat,

378 766 511 807 semel
531 766 602 806 vel
629 765 698 805 bis
724 765 769 804 in
801 764 963 817 glossis
995 764 1196 814 occurrit,
1227 778 1448 818 nusquam
1467 765 1510 806 in
1533 769 1669 806 textu.
1730 766 1824 807 Ab·

377 833 637 874 breviaturae
679 844 759 885 pro
797 834 809 851 ‘
825 830 917 881 est,'
949 834 961 851 ‘
979 830 1148 883 gratia:
1191 831 1361 882 ‘hunc,'
1396 831 1571 873 ‘modo'
1603 834 1826 874 rarissime

378 905 541 950 tamen,
578 898 723 949 ‘non,'
759 898 891 954 ‘per,'
929 898 1079 953 ‘prae,'
1108 899 1240 953 ‘pro'
1270 900 1434 941 tabulae
1463 904 1628 953 quartae
1654 901 1823 950 incisae,

379 983 461 1024 pro
483 971 496 989 ‘
514 966 714 1016 scilicet,’
735 970 747 987 ‘
761 966 889 1008 vero'
910 968 1001 1008 tab.
1024 967 1206 1021 quintae,
1226 981 1305 1021 pro
1323 970 1336 991 ‘
1350 966 1482 1016 esse,’
1515 970 1527 989 ‘
1545 968 1685 1020 gratia
1699 967 1710 984 '
1733 969 1823 1010 tab.

379 1038 590 1091 septimae,
605 1048 684 1089 pro
706 1037 718 1055 ‘
736 1027 1059 1086 misericordia?
1074 1036 1212 1076 semel
1227 1037 1316 1078 tab.
1331 1040 1521 1085 octavae,
1538 1049 1620 1089 pro
1641 1039 1653 1057 ‘
1666 1037 1825 1090 pater‚'

379 1109 390 1129 ‘
405 1105 610 1159 quoniam
617 1103 641 1153 ,'
661 1106 673 1124 ‘
688 1106 869 1144 sanctus
883 1102 894 1118 '
925 1104 1015 1144 tab.
1036 1116 1162 1144 nonae
1180 1102 1313 1144 etiam
1336 1103 1379 1143 in
1405 1103 1560 1144 codice
1581 1107 1826 1145 occurrunt.

381 1172 639 1215 Notandum
666 1176 807 1212 autem
836 1170 1041 1212 lineolam
1067 1184 1244 1212 curvam
1265 1172 1307 1211 in
1324 1171 1393 1211 his
1411 1171 1575 1212 tabulis
1596 1171 1826 1212 vocabulis

378 1241 636 1295 impositam
657 1240 795 1292 magis
815 1242 976 1279 rectam
996 1251 1093 1279 esse
1112 1239 1157 1279 in
1177 1239 1346 1288 codice,
1373 1238 1492 1292 quod
1520 1238 1689 1292 signum
1717 1239 1827 1280 anti-

381 1308 563 1363 quitatis
601 1320 698 1347 esse
726 1310 874 1347 monet
907 1306 1189 1358 Mannertus3
1220 1306 1376 1347 deinde
1409 1306 1643 1360 pauciores
1675 1305 1827 1359 depre-

381 1375 509 1417 hendi
531 1374 863 1416 abbreviaturas
892 1375 934 1415 in
961 1379 1087 1415 textu
1111 1373 1454 1424 Comoediarum,
1485 1374 1633 1427 plures
1654 1373 1701 1414 in
1730 1387 1832 1428 pro-

380 1442 631 1496 legomenis,
654 1446 698 1482 et
715 1441 856 1482 adhuc
882 1441 1029 1495 plures
1049 1442 1094 1483 in
1115 1441 1289 1494 glossis,
1311 1441 1353 1482 in
1369 1442 1528 1495 quibus
1544 1441 1676 1483 etiam
1692 1442 1829 1482 semel

383 1513 424 1552 in
439 1510 654 1551 vocabulo
676 1512 689 1530 ‘
704 1510 1017 1563 compendiose
1029 1509 1039 1526 '
1059 1523 1139 1563 pro
1156 1510 1329 1564 syllaba
1351 1514 1363 1532 ‘
1376 1523 1477 1551 com
1491 1508 1502 1525 '
1521 1509 1829 1564 compendium

382 1578 500 1620 istud
519 1578 625 1628 vidi,
648 1577 769 1632 quod
790 1581 912 1619 extat
931 1579 1021 1619 tab.
1041 1578 1082 1619 9.
1112 1583 1156 1620 et
1175 1577 1253 1618 fini
1287 1577 1443 1619 saeculi
1467 1588 1560 1619 xii.
1584 1577 1828 1618 ascribitur.

384 1645 562 1687 Adsunt
576 1646 706 1686 etiam
720 1647 767 1686 in
787 1645 941 1687 codice
963 1646 1227 1699 compendia
1243 1647 1487 1699 scripturae,
1508 1658 1610 1699 quae
1625 1645 1830 1687 Manner-

384 1718 454 1755 tus
475 1727 559 1754 non
575 1714 750 1767 profert,
770 1727 807 1754 e.
827 1728 866 1767 g.
887 1705 906 1753 ΐ
927 1726 1007 1767 pro
1029 1715 1041 1733 ‘
1055 1713 1153 1762 vel,'
1168 1713 1312 1754 ubivis
1329 1713 1370 1752 in
1389 1713 1564 1765 glossis,
1583 1713 1716 1754 semel
1735 1717 1830 1754 tan·

384 1787 474 1823 tum
496 1782 540 1822 in
559 1787 680 1823 textu
701 1782 903 1833 obvium;
934 1773 984 1820 id
1007 1793 1086 1834 pro
1117 1779 1190 1820 ‘id
1211 1778 1299 1821 est'
1321 1780 1546 1821 usitatum.
1606 1780 1676 1821 De
1692 1781 1831 1821 omni-

384 1850 467 1890 bus
489 1849 808 1890 abbreviaturis
828 1848 1064 1890 universim
1095 1847 1309 1902 spectatis
1329 1847 1460 1897 valet,
1482 1847 1714 1897 vocabula,
1744 1860 1831 1889 non

386 1917 751 1970 quotiescumque
784 1921 1034 1964 occurrunt,
1066 1915 1195 1956 modo
1230 1914 1421 1956 adducto
1459 1915 1722 1965 abbreviari,
1754 1915 1832 1956 sed

386 1984 472 2024 alia
492 1997 629 2037 saepe,
652 1985 741 2025 alia
761 1984 993 2034 interdum,
1019 1984 1106 2024 alia
1136 1995 1253 2032 raro,
1285 1982 1355 2023 vel
1385 1982 1619 2024 rarissime.
1679 1982 1732 2023 In
1762 1982 1832 2023 his

387 2064 489 2093 vero
512 2053 915 2094 abbreviationibus
937 2051 1220 2105 paucissimae
1244 2056 1386 2100 erunt,
1404 2063 1503 2104 quae
1524 2063 1610 2092 non
1624 2049 1719 2104 jam
1737 2050 1832 2092 Sae-

387 2120 489 2159 culo
521 2131 571 2159 x.
603 2121 672 2161 vel
710 2131 781 2160 xi.
821 2121 864 2161 in
899 2119 1127 2160 codicibus
1158 2118 1450 2159 obtinuerunt.
1512 2116 1831 2172 Compendium

387 2187 605 2227 scribendi
644 2194 711 2237 e,
744 2200 832 2241 quo
859 2199 1014 2227 nomen
1046 2185 1241 2226 Terentii
1273 2186 1530 2239 exprimitur
1560 2185 1605 2225 in
1639 2184 1832 2239 Prologo

388 2253 607 2304 Eunuchi,
629 2256 737 2295 inter
757 2259 886 2295 notas
906 2253 1173 2294 Tironianas
1193 2252 1461 2294 referendum
1482 2266 1577 2294 esse
1597 2253 1785 2294 videtur.

445 2319 548 2361 Alia
568 2321 731 2362 indicia
753 2321 924 2371 saeculi,
947 2321 1017 2361 cui
1039 2320 1239 2361 codicem
1260 2321 1506 2370 tribuimus,
1533 2324 1631 2362 sunt
1646 2334 1833 2375 sequen-

389 2389 462 2428 tia.
524 2388 829 2441 Diphthongus
850 2403 880 2429 τε
899 2401 1116 2441 nusquam
1145 2389 1350 2429 scribitur
1382 2402 1460 2442 per
1478 2403 1498 2429 e
1520 2388 1726 2442 simpleX‚
1756 2389 1834 2430 sod

389 2469 466 2509 per
486 2469 516 2495 ce
535 2456 603 2495 vel
627 2470 645 2518 ς
667 2457 915 2506 caudatum,
937 2461 980 2497 et
1003 2456 1183 2509 quidem
1205 2457 1338 2510 priori
1359 2457 1494 2496 forma
1514 2456 1680 2509 saepius
1699 2468 1833 2509 quam

389 2523 653 2576 posteriori;
683 2523 975 2576 diphthongus
995 2538 1026 2563 ω
1053 2537 1129 2576 per
1149 2537 1206 2563 oe.
1265 2523 1413 2564 Litera
1441 2523 1456 2562 z·
1481 2524 1647 2576 ubique
1667 2528 1835 2576 puncto

390 2591 462 2630 vel
484 2595 664 2631 accentu
696 2595 826 2631 caret.
888 2590 976 2631 Ubi
998 2591 1138 2639 adest,
1163 2591 1404 2632 certissime
1434 2604 1461 2631 a
1486 2590 1681 2644 sequiori
1701 2603 1832 2630 manu

391 2658 629 2710 ascriptum
669 2663 749 2698 est.
809 2657 929 2707 Quin
957 2658 1056 2699 duae
1084 2658 1221 2698 literae
1255 2658 1286 2696 ii
1313 2658 1559 2710 continguae
1580 2658 1834 2698 accentibus

391 2730 554 2773 carent,
575 2737 610 2764 e.
631 2738 669 2776 g.
690 2724 734 2764 in
757 2726 768 2743 ‘
783 2723 978 2777 nuptiis‚’
1014 2727 1025 2745 ‘
1042 2725 1170 2774 aliis:
1203 2727 1215 2746 ‘
1230 2724 1336 2774 Dii,‘
1369 2728 1380 2746 ‘
1400 2724 1554 2778 periit,'
1585 2727 1597 2746 ‘
1612 2724 1729 2774 abii:
1749 2729 1832 2766 etc.

392 2797 435 2832 ct
454 2805 550 2832 cum
568 2792 664 2832 inde
682 2805 707 2831 a
722 2792 885 2832 saeculo
905 2802 995 2831 xli.
1014 2796 1222 2832 accentus
1244 2791 1428 2845 ascripti
1450 2792 1548 2841 sint,
1569 2794 1627 2842 (v.
1652 2790 1836 2832 Schoene-
