1903 3306
524 219 586 248 nn
620 216 803 246 ME‘rssis
837 214 1195 245 TERENTIANIS.
1502 203 1586 243 247

299 375 549 416 LICENTIA
578 371 941 416 TERENTIANA,
972 370 1082 414 QUA
1114 367 1413 406 DEFLECTIT

600 450 634 486 A
664 446 873 485 LATINIS
904 444 1091 482 EPICIS.

194 547 287 594 Sed,
318 555 361 585 ut
380 547 548 592 redeam,
583 545 687 583 unde
719 544 918 594 digressus
951 555 1047 579 sum.
1106 539 1159 577 Ut
1191 552 1215 577 a
1248 538 1396 576 Graecis
1430 537 1588 575 comicis

141 612 386 650 desciverunt
418 610 542 648 Latini
577 623 645 660 pro
673 608 852 646 brevibus
886 605 1044 658 syllabis
1079 603 1211 642 tardas
1241 600 1505 644 infulciend0;
1538 601 1592 638 ita

141 676 233 712 vitio
265 687 421 725 prorsus
451 673 643 712 contrario
675 678 900 724 peccarunt,
935 668 1177 720 corripiendo
1216 666 1365 705 scilicet
1402 663 1592 716 ejusmodi

143 737 329 789 syllabas,
347 751 435 788 quae
460 737 498 774 in
521 737 658 774 Latino
689 748 866 773 sermone
896 739 1007 772 erant
1026 733 1169 783 longae.
1227 730 1354 781 Hujus
1384 735 1514 767 autem
1546 727 1593 764 li-

141 801 281 840 eentiae
302 801 460 839 modum
482 813 527 838 ac
546 801 643 838 fines
663 812 740 837 non
770 798 938 849 cujusvis
961 804 1020 834 est
1041 795 1252 847 reperisse3
1286 806 1372 831 cum
1402 805 1448 830 ex
1475 791 1592 829 inter-

140 866 312 917 pretibus
333 865 386 911 hi,
405 865 471 915 qui
498 864 690 901 laxissime
719 869 759 901 et
778 863 879 901 ultra
899 861 1080 900 terminos
1102 858 1296 897 licentiam
1322 856 1426 894 hanc
1447 867 1594 905 expan-

140 928 253 974 dunt,
292 934 466 966 monstra
501 939 780 977 nonnunquam
818 933 857 964 et
895 932 1075 977 portenta
1117 936 1186 973 pro
1224 921 1322 959 veris
1362 919 1593 958 lectionibus

140 997 323 1034 tuentum
354 991 420 1028 alii
438 998 586 1037 contra,
606 990 673 1042 qui
692 989 805 1028 nimis
825 990 938 1027 arctis
961 1000 1044 1027 eam
1073 987 1212 1024 finibus
1241 984 1446 1031 claudunt,
1476 981 1594 1034 sylla-

139 1055 289 1105 basque
309 1066 443 1092 omnes
463 1053 512 1090 ad
538 1052 735 1104 epicorum
766 1054 967 1103 poetarum
1001 1063 1176 1088 normam
1212 1049 1387 1099 exigunt,
1419 1045 1594 1097 singulos

140 1120 220 1157 fere
239 1131 373 1157 versus
394 1117 541 1155 miseris
562 1116 702 1163 modis,
723 1116 919 1161 addendo,
941 1113 1178 1159 mutilando,
1198 1111 1439 1157 invertendo,
1460 1117 1597 1148 contra

141 1182 319 1222 codicum
339 1181 469 1228 fidem,
498 1181 682 1232 jugulant
710 1190 749 1219 et
775 1181 986 1219 trucidant.
1045 1178 1148 1216 Illud
1167 1178 1207 1215 in
1227 1177 1452 1215 universum
1472 1174 1595 1212 anim—

143 1247 323 1285 advertas
343 1245 472 1292 velim,
500 1246 630 1283 nullas
662 1258 728 1284 eos
759 1246 943 1297 syllabas,
979 1257 1068 1294 quae
1104 1248 1242 1279 natura
1266 1247 1305 1278 et
1324 1239 1469 1278 vocalis
1500 1250 1597 1275 sono

143 1312 273 1362 longae
295 1316 398 1356 sunt,
413 1310 643 1360 corripuisse
660 1323 669 1354 ;
692 1309 761 1348 sed
783 1323 848 1347 eas
869 1315 1034 1352 tantum,
1052 1319 1140 1358 quae
1160 1318 1228 1356 per
1246 1303 1421 1342 vocalem
1441 1301 1598 1354 quidem

141 1375 278 1413 breves
314 1377 438 1420 erant,
470 1374 661 1425 positione
696 1382 824 1412 tamen
855 1380 894 1411 et
923 1369 1221 1410 consonantium
1260 1380 1453 1406 concursu
1482 1366 1597 1404 factae

144 1445 237 1476 sunt
256 1439 400 1489 longae.
460 1437 534 1476 Hae
555 1451 643 1476 vero
663 1450 779 1475 voces
800 1444 838 1474 et
858 1448 1016 1473 numero
1035 1446 1172 1486 paucae
1193 1437 1298 1477 sunt,
1316 1430 1598 1481 monosyllabae

142 1501 221 1540 fere
238 1502 298 1541 vel
312 1503 549 1556 dissyllabae,
568 1503 629 1540 vel
648 1515 735 1540 cum
754 1500 1093 1552 praepositionibus
1115 1496 1368 1548 compositae;
1391 1502 1430 1533 et
1446 1508 1494 1532 ex
1514 1494 1600 1545 ipsa

143 1566 238 1604 sede
275 1567 430 1619 situque
460 1567 664 1607 commodo
699 1567 849 1605 veniam
883 1571 1090 1602 merentur.
1148 1562 1247 1599 Cum
1280 1566 1410 1598 autem
1444 1560 1482 1596 in
1512 1559 1599 1610 ipso

144 1636 288 1668 nostrae
309 1631 490 1671 editionis
511 1639 616 1670 textu
639 1630 796 1682 singula
823 1630 910 1668 haec
934 1630 972 1667 in
993 1628 1169 1667 versibus
1192 1624 1355 1677 singulis
1375 1636 1441 1674 per
1461 1635 1599 1661 accen-

144 1699 251 1731 tuum
273 1695 517 1734 intervallum
550 1702 688 1745 sponte
711 1708 752 1733 se
773 1693 1010 1736 ostendant;
1039 1705 1116 1730 non
1146 1703 1243 1742 opus
1263 1695 1336 1735 est,
1366 1693 1409 1725 ut
1427 1685 1601 1736 singilla-

144 1757 214 1794 tim
234 1757 297 1797 hic
318 1766 602 1815 enumerentur.
660 1758 762 1796 Illud
783 1765 934 1796 tantum
950 1759 1131 1802 monebo,
1151 1752 1258 1805 quod
1278 1757 1368 1790 ante
1390 1764 1450 1788 me
1464 1750 1601 1802 opinor

143 1833 279 1866 nemo;
314 1824 352 1860 in
382 1824 507 1875 primo
537 1823 615 1861 fere
644 1836 825 1861 versuum
857 1821 971 1874 pede,
1005 1827 1044 1859 et
1076 1819 1230 1871 parcius
1265 1815 1376 1862 alias,
1405 1814 1600 1854 licentiam

143 1887 246 1924 hanc
274 1888 497 1926 exercuisse
521 1887 731 1925 Nostrum:
763 1887 880 1937 idque
914 1884 1129 1923 rectissimo
1155 1881 1329 1934 judicio;
1362 1892 1450 1917 cum
1480 1884 1602 1916 actor,

143 1950 181 1987 in
199 1951 275 1988 fine
295 1952 432 2002 prioris
456 1965 588 1990 versus
609 1952 737 1990 anima
758 1958 927 2002 recepta,
957 1950 1115 2002 plenum
1133 1946 1387 1999 rapidumque
1425 1942 1599 1994 spiritum

143 2022 278 2066 posset
297 2015 494 2054 effundere
513 2029 522 2053 :

199 2117 278 2156 Sed
298 2117 337 2154 id
357 2116 508 2168 gratum
529 2118 704 2156 fuisse—
892 2116 1010 2153 Color
1030 2114 1159 2159 verus,
1180 2125 1335 2162 corpus.

197 2182 290 2219 Sine
308 2180 453 2219 invidia
470 2181 639 2222 laudem.
881 2179 1016 2230 Neque
1036 2177 1209 2228 Antipho
1229 2175 1318 2213 alia.

199 2244 291 2282 Sine
311 2244 415 2283 omni
434 2245 593 2295 periclo.
882 2243 960 2281 Sed
979 2243 1053 2282 hoc
1073 2240 1164 2278 mihi
1186 2239 1393 2277 molestum
1414 2243 1485 2274 est.

200 2309 362 2358 Propter
380 2307 561 2358 hospitai.
887 2307 1039 2345 Bonum
1061 2304 1258 2355 ingenium
1278 2314 1425 2339 narras.

202 2371 277 2409 Hic
299 2378 360 2410 est
379 2370 444 2409 ille
465 2385 543 2409 non
562 2379 613 2410 te.
886 2370 965 2408 Sed
985 2370 1048 2407 hic
1070 2367 1296 2419 Pamphilus
1318 2364 1425 2416 quid.

203 2434 344 2473 Studet
363 2433 432 2485 par
453 2435 605 2473 referre.
886 2434 923 2472 Is
943 2434 1034 2471 hinc
1054 2432 1199 2471 bellum
1219 2430 1388 2481 fugiens.

204 2499 267 2536 Ob
286 2499 389 2536 hanc
409 2497 641 2537 inimicitias.
886 2498 1036 2548 Nempe
1056 2495 1345 2534 Phormionem.

205 2563 267 2600 Ob
289 2562 423 2600 decem
444 2575 554 2600 mnas
576 2562 713 2613 inquit.
890 2563 934 2599 In
953 2563 1055 2599 hanc
1075 2559 1247 2598 nostram
1268 2558 1449 2608 plateam.

211 2626 308 2664 Inde
329 2628 478 2664 sumam
499 2626 622 2664 uxori.
893 2624 1142 2676 Supellectile
1162 2634 1261 2673 opus
1282 2627 1354 2658 est.

202 2690 323 2727 Soror
343 2689 449 2728 dicta
468 2697 541 2736 est,
562 2691 689 2741 cupio.
890 2689 967 2727 Sed
990 2700 1083 2726 ecca
1102 2686 1188 2738 ipsa
1208 2683 1416 2735 egreditur.

209 2752 331 2791 Simul
358 2753 560 2791 consilium
583 2767 670 2792 cum
693 2768 743 2792 rc.
895 2753 979 2803 Ego
1000 2749 1198 2793 excludor,
1219 2747 1297 2784 ille.
