<?xml version="1.0" encoding="UTF-8"?>
<!DOCTYPE html PUBLIC "-//W3C//DTD XHTML 1.0 Transitional//EN"
    "http://www.w3.org/TR/xhtml1/DTD/xhtml1-transitional.dtd">
<html xmlns="http://www.w3.org/1999/xhtml" xml:lang="en" lang="en">
 <head>
  <title>
</title>
<meta http-equiv="Content-Type" content="text/html;charset=utf-8" />
  <meta name='ocr-system' content='tesseract 3.04.00' />
  <meta name='ocr-capabilities' content='ocr_page ocr_carea ocr_par ocr_line ocrx_word'/>
</head>
<body>
  <div class='ocr_page' id='page_1' title='image "./pubterentiiafric01tereuoft/pubterentiiafric01tereuoft_0026.png"; bbox 0 0 1976 3296; ppageno 0'>
   <div class='ocr_carea' id='block_1_1' title="bbox 341 232 1203 275">
    <p class='ocr_par' dir='ltr' id='par_1_1' title="bbox 341 232 1203 275">
     <span class='ocr_line' id='line_1_1' title="bbox 341 232 1203 275; baseline -0.009 0"><span class='ocrx_word' id='word_1_1' title='bbox 341 232 393 275; x_wconf 81' lang='lat'><strong>16</strong></span> <span class='ocrx_word' id='word_1_2' title='bbox 932 237 1203 269; x_wconf 24' lang='lat' dir='ltr'><strong>PRAEFArlo,</strong></span> 
     </span>
    </p>
   </div>
   <div class='ocr_carea' id='block_1_2' title="bbox 342 327 1800 927">
    <p class='ocr_par' dir='ltr' id='par_1_2' title="bbox 342 327 1800 927">
     <span class='ocr_line' id='line_1_2' title="bbox 397 327 1794 388; baseline -0.006 -10"><span class='ocrx_word' id='word_1_3' title='bbox 397 337 512 378; x_wconf 88' lang='lat' dir='ltr'><strong>Tum</strong></span> <span class='ocrx_word' id='word_1_4' title='bbox 534 336 720 378; x_wconf 87' lang='lat' dir='ltr'><strong>alterum</strong></span> <span class='ocrx_word' id='word_1_5' title='bbox 740 339 822 385; x_wconf 82' lang='lat' dir='ltr'><strong>est,</strong></span> <span class='ocrx_word' id='word_1_6' title='bbox 844 334 963 388; x_wconf 87' lang='lat' dir='ltr'><strong>quod</strong></span> <span class='ocrx_word' id='word_1_7' title='bbox 984 334 1089 375; x_wconf 85' lang='lat' dir='ltr'><strong>mihi</strong></span> <span class='ocrx_word' id='word_1_8' title='bbox 1111 345 1265 386; x_wconf 84' lang='lat' dir='ltr'><strong>parum</strong></span> <span class='ocrx_word' id='word_1_9' title='bbox 1286 332 1419 372; x_wconf 85' lang='lat' dir='ltr'><strong>ctiam</strong></span> <span class='ocrx_word' id='word_1_10' title='bbox 1441 327 1701 385; x_wconf 85' lang='lat' dir='ltr'><strong>expeditum</strong></span> <span class='ocrx_word' id='word_1_11' title='bbox 1724 341 1794 371; x_wconf 84' lang='lat' dir='ltr'><strong>us-</strong></span> 
     </span>
     <span class='ocr_line' id='line_1_3' title="bbox 342 400 1795 459; baseline -0.007 -13"><span class='ocrx_word' id='word_1_12' title='bbox 342 418 425 459; x_wconf 86' lang='lat' dir='ltr'><strong>que</strong></span> <span class='ocrx_word' id='word_1_13' title='bbox 443 405 583 446; x_wconf 87' lang='lat' dir='ltr'><strong>adhuc</strong></span> <span class='ocrx_word' id='word_1_14' title='bbox 605 402 776 445; x_wconf 89' lang='lat' dir='ltr'><strong>videtur</strong></span> <span class='ocrx_word' id='word_1_15' title='bbox 798 416 825 443; x_wconf 85' lang='lat' dir='ltr'><strong>a</strong></span> <span class='ocrx_word' id='word_1_16' title='bbox 845 400 967 442; x_wconf 88' lang='lat' dir='ltr'><strong>Viris</strong></span> <span class='ocrx_word' id='word_1_17' title='bbox 1004 400 1212 448; x_wconf 85' lang='lat' dir='ltr'><strong>Eruditis,</strong></span> <span class='ocrx_word' id='word_1_18' title='bbox 1248 402 1291 440; x_wconf 91' lang='lat' dir='ltr'><strong>et</strong></span> <span class='ocrx_word' id='word_1_19' title='bbox 1318 411 1484 448; x_wconf 89' lang='lat' dir='ltr'><strong>vereor,</strong></span> <span class='ocrx_word' id='word_1_20' title='bbox 1522 401 1569 439; x_wconf 89' lang='lat' dir='ltr'><strong>ut</strong></span> <span class='ocrx_word' id='word_1_21' title='bbox 1603 408 1795 450; x_wconf 86' lang='lat' dir='ltr'><strong>unquam</strong></span> 
     </span>
     <span class='ocr_line' id='line_1_4' title="bbox 344 464 1800 524; baseline -0.006 -11"><span class='ocrx_word' id='word_1_22' title='bbox 344 472 456 513; x_wconf 87' lang='lat' dir='ltr'><strong>satis</strong></span> <span class='ocrx_word' id='word_1_23' title='bbox 477 470 754 524; x_wconf 84' lang='lat' dir='ltr'><strong>expediatur.</strong></span> <span class='ocrx_word' id='word_1_24' title='bbox 776 468 959 510; x_wconf 80' lang='lat' dir='ltr'>Scilicet</span> <span class='ocrx_word' id='word_1_25' title='bbox 973 466 1079 508; x_wconf 83' lang='lat' dir='ltr'>Aser</span> <span class='ocrx_word' id='word_1_26' title='bbox 1100 472 1251 507; x_wconf 85' lang='lat' dir='ltr'><strong>noster</strong></span> <span class='ocrx_word' id='word_1_27' title='bbox 1265 466 1328 506; x_wconf 88' lang='lat' dir='ltr'><strong>ita</strong></span> <span class='ocrx_word' id='word_1_28' title='bbox 1341 479 1365 506; x_wconf 94' lang='lat' dir='ltr'><strong>e</strong></span> <span class='ocrx_word' id='word_1_29' title='bbox 1384 465 1640 514; x_wconf 84' lang='lat' dir='ltr'>Menandro,</span> <span class='ocrx_word' id='word_1_30' title='bbox 1659 464 1800 517; x_wconf 87' lang='lat' dir='ltr'><strong>Apol·</strong></span> 
     </span>
     <span class='ocr_line' id='line_1_5' title="bbox 342 533 1798 591; baseline -0.007 -10"><span class='ocrx_word' id='word_1_31' title='bbox 342 540 510 587; x_wconf 86' lang='lat' dir='ltr'><strong>lodoro,</strong></span> <span class='ocrx_word' id='word_1_32' title='bbox 534 537 740 591; x_wconf 89' lang='lat' dir='ltr'>Diphilo,</span> <span class='ocrx_word' id='word_1_33' title='bbox 763 536 900 577; x_wconf 84' lang='lat' dir='ltr'><strong>multa</strong></span> <span class='ocrx_word' id='word_1_34' title='bbox 922 535 1143 576; x_wconf 85' lang='lat' dir='ltr'>transtulit</span> <span class='ocrx_word' id='word_1_35' title='bbox 1174 535 1218 574; x_wconf 91' lang='lat' dir='ltr'><strong>in</strong></span> <span class='ocrx_word' id='word_1_36' title='bbox 1249 547 1354 574; x_wconf 84' lang='lat' dir='ltr'><strong>suas</strong></span> <span class='ocrx_word' id='word_1_37' title='bbox 1377 533 1587 582; x_wconf 85' lang='lat' dir='ltr'><strong>Fabulas,</strong></span> <span class='ocrx_word' id='word_1_38' title='bbox 1609 536 1658 573; x_wconf 90' lang='lat' dir='ltr'><strong>ut</strong></span> <span class='ocrx_word' id='word_1_39' title='bbox 1677 536 1798 573; x_wconf 72' lang='lat' dir='ltr'><strong>vete-</strong></span> 
     </span>
     <span class='ocr_line' id='line_1_6' title="bbox 342 598 1799 657; baseline -0.005 -10"><span class='ocrx_word' id='word_1_40' title='bbox 342 607 403 647; x_wconf 89' lang='lat' dir='ltr'><strong>ris</strong></span> <span class='ocrx_word' id='word_1_41' title='bbox 433 605 625 647; x_wconf 84' lang='lat' dir='ltr'><strong>Graeciae</strong></span> <span class='ocrx_word' id='word_1_42' title='bbox 666 617 812 645; x_wconf 87' lang='lat' dir='ltr'><strong>mores</strong></span> <span class='ocrx_word' id='word_1_43' title='bbox 845 603 1016 657; x_wconf 86' lang='lat' dir='ltr'><strong>passim</strong></span> <span class='ocrx_word' id='word_1_44' title='bbox 1048 606 1196 643; x_wconf 85' lang='lat' dir='ltr'><strong>notare</strong></span> <span class='ocrx_word' id='word_1_45' title='bbox 1230 601 1458 651; x_wconf 84' lang='lat' dir='ltr'><strong>videatur3</strong></span> <span class='ocrx_word' id='word_1_46' title='bbox 1490 600 1554 640; x_wconf 84' lang='lat' dir='ltr'><strong>ita</strong></span> <span class='ocrx_word' id='word_1_47' title='bbox 1584 598 1799 640; x_wconf 86' lang='lat' dir='ltr'><strong>Romanis</strong></span> 
     </span>
     <span class='ocr_line' id='line_1_7' title="bbox 345 667 1800 725; baseline -0.005 -10"><span class='ocrx_word' id='word_1_48' title='bbox 345 674 548 715; x_wconf 81' lang='lat' dir='ltr'>Romane</span> <span class='ocrx_word' id='word_1_49' title='bbox 569 672 765 725; x_wconf 83' lang='lat' dir='ltr'><strong>scripsit,</strong></span> <span class='ocrx_word' id='word_1_50' title='bbox 788 674 834 712; x_wconf 88' lang='lat' dir='ltr'><strong>ut</strong></span> <span class='ocrx_word' id='word_1_51' title='bbox 853 671 1153 711; x_wconf 86' lang='lat' dir='ltr'><strong>Romanorum</strong></span> <span class='ocrx_word' id='word_1_52' title='bbox 1172 668 1240 709; x_wconf 87' lang='lat' dir='ltr'><strong>sui</strong></span> <span class='ocrx_word' id='word_1_53' title='bbox 1263 668 1350 709; x_wconf 87' lang='lat' dir='ltr'><strong>aevi</strong></span> <span class='ocrx_word' id='word_1_54' title='bbox 1368 667 1577 721; x_wconf 66' lang='lat' dir='ltr'><strong>instituta</strong></span> <span class='ocrx_word' id='word_1_55' title='bbox 1597 678 1681 707; x_wconf 91' lang='lat' dir='ltr'><strong>non</strong></span> <span class='ocrx_word' id='word_1_56' title='bbox 1702 678 1800 707; x_wconf 85' lang='lat' dir='ltr'><strong>raro</strong></span> 
     </span>
     <span class='ocr_line' id='line_1_8' title="bbox 346 733 1799 794; baseline -0.007 -11"><span class='ocrx_word' id='word_1_57' title='bbox 346 742 543 794; x_wconf 78' lang='lat' dir='ltr'><strong>tetigisse</strong></span> <span class='ocrx_word' id='word_1_58' title='bbox 580 744 814 793; x_wconf 82' lang='lat' dir='ltr'>appareat.</span> <span class='ocrx_word' id='word_1_59' title='bbox 886 737 1053 779; x_wconf 90' lang='lat' dir='ltr'><strong>Verum</strong></span> <span class='ocrx_word' id='word_1_60' title='bbox 1089 737 1184 778; x_wconf 88' lang='lat' dir='ltr'><strong>haec</strong></span> <span class='ocrx_word' id='word_1_61' title='bbox 1225 735 1385 788; x_wconf 86' lang='lat' dir='ltr'><strong>ubique</strong></span> <span class='ocrx_word' id='word_1_62' title='bbox 1422 735 1499 787; x_wconf 87' lang='lat' dir='ltr'><strong>qui</strong></span> <span class='ocrx_word' id='word_1_63' title='bbox 1537 733 1799 774; x_wconf 83' lang='lat' dir='ltr'><strong>certissimis</strong></span> 
     </span>
     <span class='ocr_line' id='line_1_9' title="bbox 347 800 1800 863; baseline -0.008 -12"><span class='ocrx_word' id='word_1_64' title='bbox 347 808 609 863; x_wconf 80' lang='lat' dir='ltr'><strong>argumentis</strong></span> <span class='ocrx_word' id='word_1_65' title='bbox 630 807 874 848; x_wconf 85' lang='lat' dir='ltr'><strong>discernere</strong></span> <span class='ocrx_word' id='word_1_66' title='bbox 898 805 1103 859; x_wconf 86' lang='lat' dir='ltr'><strong>quiverit,</strong></span> <span class='ocrx_word' id='word_1_67' title='bbox 1138 803 1284 845; x_wconf 89' lang='lat' dir='ltr'><strong>videre</strong></span> <span class='ocrx_word' id='word_1_68' title='bbox 1305 814 1374 842; x_wconf 88' lang='lat' dir='ltr'><strong>me</strong></span> <span class='ocrx_word' id='word_1_69' title='bbox 1395 801 1590 842; x_wconf 90' lang='lat' dir='ltr'><strong>nondum</strong></span> <span class='ocrx_word' id='word_1_70' title='bbox 1611 800 1800 841; x_wconf 90' lang='lat' dir='ltr'><strong>memini.</strong></span> 
     </span>
     <span class='ocr_line' id='line_1_10' title="bbox 347 868 1503 927; baseline -0.007 -11"><span class='ocrx_word' id='word_1_71' title='bbox 347 877 441 926; x_wconf 83' lang='lat' dir='ltr'><strong>Est,</strong></span> <span class='ocrx_word' id='word_1_72' title='bbox 464 875 537 916; x_wconf 87' lang='lat' dir='ltr'><strong>ubi</strong></span> <span class='ocrx_word' id='word_1_73' title='bbox 560 874 766 915; x_wconf 81' lang='lat' dir='ltr'><strong>Donatus</strong></span> <span class='ocrx_word' id='word_1_74' title='bbox 788 874 885 927; x_wconf 87' lang='lat' dir='ltr'><strong>ipse</strong></span> <span class='ocrx_word' id='word_1_75' title='bbox 907 872 1092 922; x_wconf 84' lang='lat' dir='ltr'><strong>dubitat,</strong></span> <span class='ocrx_word' id='word_1_76' title='bbox 1114 874 1158 912; x_wconf 88' lang='lat' dir='ltr'><strong>et</strong></span> <span class='ocrx_word' id='word_1_77' title='bbox 1176 870 1286 911; x_wconf 90' lang='lat' dir='ltr'><strong>nihil</strong></span> <span class='ocrx_word' id='word_1_78' title='bbox 1307 868 1503 922; x_wconf 83' lang='lat' dir='ltr'><strong>expedit.</strong></span> 
     </span>
    </p>
   </div>
   <div class='ocr_carea' id='block_1_3' title="bbox 633 965 1516 994">
    <p class='ocr_par' dir='ltr' id='par_1_3' title="bbox 633 965 1516 994">
     <span class='ocr_line' id='line_1_11' title="bbox 633 965 1516 994; baseline -0.003 -1"><span class='ocrx_word' id='word_1_79' title='bbox 633 967 659 993; x_wconf 56' lang='grc' dir='ltr'><strong>-Χ-</strong></span> <span class='ocrx_word' id='word_1_80' title='bbox 777 967 803 994; x_wconf 60' lang='grc' dir='ltr'>ἥὲ</span> <span class='ocrx_word' id='word_1_81' title='bbox 922 967 947 993; x_wconf 77' lang='lat'><strong>※</strong></span> <span class='ocrx_word' id='word_1_82' title='bbox 1065 969 1090 993; x_wconf 67' lang='lat'><strong>³1&lt;</strong></span> <span class='ocrx_word' id='word_1_83' title='bbox 1206 965 1233 991; x_wconf 54' lang='grc' dir='ltr'><strong>ἐξ</strong></span> <span class='ocrx_word' id='word_1_84' title='bbox 1348 965 1374 991; x_wconf 57' lang='lat' dir='ltr'><strong>²)ss</strong></span> <span class='ocrx_word' id='word_1_85' title='bbox 1491 965 1516 990; x_wconf 45' lang='grc' dir='ltr'><strong><em>ᾗ</em></strong></span> 
     </span>
    </p>
   </div>
   <div class='ocr_carea' id='block_1_4' title="bbox 370 1260 1785 1310">
    <p class='ocr_par' dir='ltr' id='par_1_4' title="bbox 370 1260 1785 1310">
     <span class='ocr_line' id='line_1_12' title="bbox 370 1260 1785 1310; baseline -0.006 -1"><span class='ocrx_word' id='word_1_86' title='bbox 370 1265 717 1310; x_wconf 83' lang='lat' dir='ltr'>EXCERPTA</span> <span class='ocrx_word' id='word_1_87' title='bbox 749 1264 786 1306; x_wconf 91' lang='lat' dir='ltr'><strong>E</strong></span> <span class='ocrx_word' id='word_1_88' title='bbox 819 1262 1254 1306; x_wconf 86' lang='lat' dir='ltr'><strong>PRAEFATIONE</strong></span> <span class='ocrx_word' id='word_1_89' title='bbox 1288 1260 1785 1304; x_wconf 85' lang='lat' dir='ltr'>LINDENBROGII.</span> 
     </span>
    </p>
   </div>
   <div class='ocr_carea' id='block_1_5' title="bbox 354 1395 1825 2809">
    <p class='ocr_par' dir='ltr' id='par_1_5' title="bbox 354 1395 1824 2605">
     <span class='ocr_line' id='line_1_13' title="bbox 355 1395 1809 1459; baseline -0.007 -6"><span class='ocrx_word' id='word_1_90' title='bbox 355 1395 443 1453; x_wconf 79' lang='lat' dir='ltr'><strong>PU</strong></span> <span class='ocrx_word' id='word_1_91' title='bbox 455 1424 491 1452; x_wconf 82' lang='lat' dir='ltr'><strong>B.</strong></span> <span class='ocrx_word' id='word_1_92' title='bbox 513 1412 821 1452; x_wconf 79' lang='lat' dir='ltr'><strong>TERENTIUM</strong></span> <span class='ocrx_word' id='word_1_93' title='bbox 845 1409 1050 1457; x_wconf 77' lang='lat' dir='ltr'><strong>AFRUM,</strong></span> <span class='ocrx_word' id='word_1_94' title='bbox 1078 1405 1324 1448; x_wconf 86' lang='lat' dir='ltr'><strong>Comoediae</strong></span> <span class='ocrx_word' id='word_1_95' title='bbox 1357 1406 1532 1447; x_wconf 73' lang='lat' dir='ltr'><strong>Latinae</strong></span> <span class='ocrx_word' id='word_1_96' title='bbox 1551 1404 1809 1459; x_wconf 85' lang='lat' dir='ltr'><strong>scriptorem</strong></span> 
     </span>
     <span class='ocr_line' id='line_1_14' title="bbox 354 1471 1811 1531; baseline -0.006 -11"><span class='ocrx_word' id='word_1_97' title='bbox 354 1479 665 1531; x_wconf 83' lang='lat' dir='ltr'><strong>undecumque</strong></span> <span class='ocrx_word' id='word_1_98' title='bbox 697 1476 1088 1530; x_wconf 85' lang='lat' dir='ltr'><strong>elegantissimum,</strong></span> <span class='ocrx_word' id='word_1_99' title='bbox 1110 1478 1245 1527; x_wconf 85' lang='lat' dir='ltr'><strong>atque</strong></span> <span class='ocrx_word' id='word_1_100' title='bbox 1278 1474 1438 1527; x_wconf 84' lang='lat' dir='ltr'><strong>ingenii</strong></span> <span class='ocrx_word' id='word_1_101' title='bbox 1469 1473 1632 1522; x_wconf 89' lang='lat' dir='ltr'><strong>festivi,</strong></span> <span class='ocrx_word' id='word_1_102' title='bbox 1651 1471 1811 1513; x_wconf 86' lang='lat' dir='ltr'><strong>curati-</strong></span> 
     </span>
     <span class='ocr_line' id='line_1_15' title="bbox 357 1538 1809 1594; baseline -0.006 -7"><span class='ocrx_word' id='word_1_103' title='bbox 357 1559 433 1588; x_wconf 88' lang='lat' dir='ltr'><strong>ore</strong></span> <span class='ocrx_word' id='word_1_104' title='bbox 472 1545 618 1586; x_wconf 86' lang='lat' dir='ltr'><strong>studio</strong></span> <span class='ocrx_word' id='word_1_105' title='bbox 655 1544 917 1585; x_wconf 89' lang='lat' dir='ltr'><strong>recensitum</strong></span> <span class='ocrx_word' id='word_1_106' title='bbox 947 1542 1067 1582; x_wconf 91' lang='lat' dir='ltr'><strong>bono</strong></span> <span class='ocrx_word' id='word_1_107' title='bbox 1100 1541 1283 1594; x_wconf 86' lang='lat' dir='ltr'><strong>publico</strong></span> <span class='ocrx_word' id='word_1_108' title='bbox 1316 1540 1524 1582; x_wconf 84' lang='lat' dir='ltr'><strong>exhibere</strong></span> <span class='ocrx_word' id='word_1_109' title='bbox 1549 1539 1690 1581; x_wconf 88' lang='lat' dir='ltr'><strong>visum</strong></span> <span class='ocrx_word' id='word_1_110' title='bbox 1712 1538 1809 1579; x_wconf 85' lang='lat' dir='ltr'><strong>fuit.</strong></span> 
     </span>
     <span class='ocr_line' id='line_1_16' title="bbox 359 1607 1812 1665; baseline -0.003 -12"><span class='ocrx_word' id='word_1_111' title='bbox 359 1614 503 1664; x_wconf 84' lang='lat' dir='ltr'><strong>Quem</strong></span> <span class='ocrx_word' id='word_1_112' title='bbox 526 1613 641 1652; x_wconf 89' lang='lat' dir='ltr'><strong>enim</strong></span> <span class='ocrx_word' id='word_1_113' title='bbox 662 1611 788 1665; x_wconf 89' lang='lat' dir='ltr'><strong>pueri</strong></span> <span class='ocrx_word' id='word_1_114' title='bbox 811 1610 1074 1658; x_wconf 81' lang='lat' dir='ltr'><strong>amavimus,</strong></span> <span class='ocrx_word' id='word_1_115' title='bbox 1091 1607 1294 1661; x_wconf 88' lang='lat' dir='ltr'><strong>ejusdem</strong></span> <span class='ocrx_word' id='word_1_116' title='bbox 1314 1609 1633 1649; x_wconf 59' lang='lat' dir='ltr'><strong>amoenitatem</strong></span> <span class='ocrx_word' id='word_1_117' title='bbox 1650 1619 1812 1648; x_wconf 84' lang='lat' dir='ltr'><strong>venere</strong></span> 
     </span>
     <span class='ocr_line' id='line_1_17' title="bbox 359 1673 1814 1733; baseline -0.005 -11"><span class='ocrx_word' id='word_1_118' title='bbox 359 1682 428 1722; x_wconf 87' lang='lat' dir='ltr'><strong>vel</strong></span> <span class='ocrx_word' id='word_1_119' title='bbox 467 1680 551 1721; x_wconf 88' lang='lat' dir='ltr'><strong>hac</strong></span> <span class='ocrx_word' id='word_1_120' title='bbox 583 1691 761 1733; x_wconf 90' lang='lat' dir='ltr'><strong>quoque</strong></span> <span class='ocrx_word' id='word_1_121' title='bbox 793 1682 927 1719; x_wconf 85' lang='lat' dir='ltr'><strong>aetate</strong></span> <span class='ocrx_word' id='word_1_122' title='bbox 958 1689 1036 1716; x_wconf 86' lang='lat' dir='ltr'><strong>nos</strong></span> <span class='ocrx_word' id='word_1_123' title='bbox 1068 1677 1182 1729; x_wconf 86' lang='lat' dir='ltr'><strong>capi,</strong></span> <span class='ocrx_word' id='word_1_124' title='bbox 1213 1689 1300 1716; x_wconf 85' lang='lat' dir='ltr'><strong>non</strong></span> <span class='ocrx_word' id='word_1_125' title='bbox 1331 1675 1646 1716; x_wconf 87' lang='lat' dir='ltr'><strong>erubescimus.</strong></span> <span class='ocrx_word' id='word_1_126' title='bbox 1707 1673 1814 1715; x_wconf 88' lang='lat' dir='ltr'><strong>Non</strong></span> 
     </span>
     <span class='ocr_line' id='line_1_18' title="bbox 360 1741 1813 1800; baseline -0.004 -11"><span class='ocrx_word' id='word_1_127' title='bbox 360 1750 633 1800; x_wconf 84' lang='lat' dir='ltr'><strong>denegarunt</strong></span> <span class='ocrx_word' id='word_1_128' title='bbox 652 1746 779 1788; x_wconf 87' lang='lat' dir='ltr'><strong>nobis</strong></span> <span class='ocrx_word' id='word_1_129' title='bbox 799 1746 883 1787; x_wconf 86' lang='lat' dir='ltr'><strong>hac</strong></span> <span class='ocrx_word' id='word_1_130' title='bbox 906 1746 947 1786; x_wconf 91' lang='lat' dir='ltr'><strong>in</strong></span> <span class='ocrx_word' id='word_1_131' title='bbox 968 1758 1015 1785; x_wconf 90' lang='lat' dir='ltr'><strong>re</strong></span> <span class='ocrx_word' id='word_1_132' title='bbox 1036 1756 1216 1797; x_wconf 83' lang='lat' dir='ltr'><strong>operam</strong></span> <span class='ocrx_word' id='word_1_133' title='bbox 1245 1756 1367 1783; x_wconf 87' lang='lat' dir='ltr'><strong>suam</strong></span> <span class='ocrx_word' id='word_1_134' title='bbox 1389 1743 1521 1784; x_wconf 86' lang='lat' dir='ltr'><strong>amici</strong></span> <span class='ocrx_word' id='word_1_135' title='bbox 1542 1741 1698 1791; x_wconf 87' lang='lat' dir='ltr'><strong>nostri,</strong></span> <span class='ocrx_word' id='word_1_136' title='bbox 1728 1741 1813 1784; x_wconf 86' lang='lat' dir='ltr'><strong>viri</strong></span> 
     </span>
     <span class='ocr_line' id='line_1_19' title="bbox 359 1809 1816 1868; baseline -0.005 -11"><span class='ocrx_word' id='word_1_137' title='bbox 359 1816 534 1858; x_wconf 85' lang='lat' dir='ltr'><strong>literati.</strong></span> <span class='ocrx_word' id='word_1_138' title='bbox 596 1814 805 1868; x_wconf 85' lang='lat' dir='ltr'><strong>Inprimis</strong></span> <span class='ocrx_word' id='word_1_139' title='bbox 825 1826 925 1854; x_wconf 87' lang='lat' dir='ltr'><strong>vero</strong></span> <span class='ocrx_word' id='word_1_140' title='bbox 961 1812 1143 1853; x_wconf 84' lang='lat' dir='ltr'><strong>multum</strong></span> <span class='ocrx_word' id='word_1_141' title='bbox 1176 1811 1317 1864; x_wconf 86' lang='lat' dir='ltr'><strong>adjuti</strong></span> <span class='ocrx_word' id='word_1_142' title='bbox 1349 1822 1497 1851; x_wconf 87' lang='lat' dir='ltr'><strong>sumus</strong></span> <span class='ocrx_word' id='word_1_143' title='bbox 1526 1809 1677 1851; x_wconf 87' lang='lat' dir='ltr'><strong>favore</strong></span> <span class='ocrx_word' id='word_1_144' title='bbox 1696 1809 1816 1850; x_wconf 90' lang='lat' dir='ltr'><strong>cele-</strong></span> 
     </span>
     <span class='ocr_line' id='line_1_20' title="bbox 361 1876 1814 1935; baseline -0.006 -11"><span class='ocrx_word' id='word_1_145' title='bbox 361 1882 535 1924; x_wconf 87' lang='lat' dir='ltr'><strong>berrimi</strong></span> <span class='ocrx_word' id='word_1_146' title='bbox 570 1880 881 1935; x_wconf 85' lang='lat' dir='ltr'><strong>jurisconsulti</strong></span> <span class='ocrx_word' id='word_1_147' title='bbox 916 1879 1069 1919; x_wconf 87' lang='lat' dir='ltr'><strong>Franc.</strong></span> <span class='ocrx_word' id='word_1_148' title='bbox 1110 1878 1275 1919; x_wconf 84' lang='lat' dir='ltr'><strong>Pithoei</strong></span> <span class='ocrx_word' id='word_1_149' title='bbox 1327 1876 1697 1926; x_wconf 84' lang='lat' dir='ltr'><strong>Tricassinensis,</strong></span> <span class='ocrx_word' id='word_1_150' title='bbox 1738 1876 1814 1930; x_wconf 92' lang='lat' dir='ltr'><strong>qui</strong></span> 
     </span>
     <span class='ocr_line' id='line_1_21' title="bbox 362 1943 1816 2000; baseline -0.004 -10"><span class='ocrx_word' id='word_1_151' title='bbox 362 1951 447 1990; x_wconf 86' lang='lat' dir='ltr'><strong>duo</strong></span> <span class='ocrx_word' id='word_1_152' title='bbox 478 1950 606 1990; x_wconf 87' lang='lat' dir='ltr'><strong>nobis</strong></span> <span class='ocrx_word' id='word_1_153' title='bbox 628 1948 822 1989; x_wconf 86' lang='lat' dir='ltr'><strong>Terentii</strong></span> <span class='ocrx_word' id='word_1_154' title='bbox 855 1945 1128 2000; x_wconf 86' lang='lat' dir='ltr'><strong>exemplaria</strong></span> <span class='ocrx_word' id='word_1_155' title='bbox 1155 1945 1478 1999; x_wconf 80' lang='lat' dir='ltr'><strong>suppeditavit3</strong></span> <span class='ocrx_word' id='word_1_156' title='bbox 1510 1945 1694 1986; x_wconf 86' lang='lat' dir='ltr'><strong>alterum</strong></span> <span class='ocrx_word' id='word_1_157' title='bbox 1729 1943 1816 1984; x_wconf 87' lang='lat' dir='ltr'><strong>sra-</strong></span> 
     </span>
     <span class='ocr_line' id='line_1_22' title="bbox 363 2009 1818 2058; baseline -0.004 -1"><span class='ocrx_word' id='word_1_158' title='bbox 363 2017 440 2058; x_wconf 92' lang='lat' dir='ltr'><strong>tris</strong></span> <span class='ocrx_word' id='word_1_159' title='bbox 465 2016 517 2056; x_wconf 86' lang='lat' dir='ltr'><strong>B.</strong></span> <span class='ocrx_word' id='word_1_160' title='bbox 536 2016 600 2056; x_wconf 89' lang='grc' dir='ltr'><strong>Μ.</strong></span> <span class='ocrx_word' id='word_1_161' title='bbox 623 2015 807 2056; x_wconf 86' lang='lat' dir='ltr'><strong>alterum</strong></span> <span class='ocrx_word' id='word_1_162' title='bbox 830 2027 958 2054; x_wconf 87' lang='lat' dir='ltr'><strong>manu</strong></span> <span class='ocrx_word' id='word_1_163' title='bbox 976 2026 1056 2054; x_wconf 85' lang='lat' dir='ltr'><strong>sua</strong></span> <span class='ocrx_word' id='word_1_164' title='bbox 1071 2014 1364 2054; x_wconf 82' lang='lat' dir='ltr'><strong>emendatum.</strong></span> <span class='ocrx_word' id='word_1_165' title='bbox 1410 2012 1498 2052; x_wconf 88' lang='lat' dir='ltr'><strong>His</strong></span> <span class='ocrx_word' id='word_1_166' title='bbox 1518 2011 1711 2053; x_wconf 87' lang='lat' dir='ltr'><strong>accessit</strong></span> <span class='ocrx_word' id='word_1_167' title='bbox 1728 2009 1818 2052; x_wconf 88' lang='lat' dir='ltr'><strong>Ms.</strong></span> 
     </span>
     <span class='ocr_line' id='line_1_23' title="bbox 364 2076 1818 2137; baseline -0.005 -13"><span class='ocrx_word' id='word_1_168' title='bbox 364 2083 511 2125; x_wconf 75' lang='lat' dir='ltr'><strong>codex</strong></span> <span class='ocrx_word' id='word_1_169' title='bbox 533 2083 609 2137; x_wconf 90' lang='lat' dir='ltr'><strong>qui</strong></span> <span class='ocrx_word' id='word_1_170' title='bbox 630 2083 672 2122; x_wconf 91' lang='lat' dir='ltr'><strong>in</strong></span> <span class='ocrx_word' id='word_1_171' title='bbox 692 2082 965 2122; x_wconf 80' lang='lat' dir='ltr'><strong>bibliotheca</strong></span> <span class='ocrx_word' id='word_1_172' title='bbox 984 2080 1099 2133; x_wconf 86' lang='lat' dir='ltr'><strong>regis</strong></span> <span class='ocrx_word' id='word_1_173' title='bbox 1131 2079 1293 2121; x_wconf 72' lang='lat' dir='ltr'><strong>Galliae</strong></span> <span class='ocrx_word' id='word_1_174' title='bbox 1314 2081 1588 2120; x_wconf 84' lang='lat' dir='ltr'><strong>asservatur:</strong></span> <span class='ocrx_word' id='word_1_175' title='bbox 1618 2076 1744 2131; x_wconf 86' lang='lat' dir='ltr'><strong>cujus</strong></span> <span class='ocrx_word' id='word_1_176' title='bbox 1763 2089 1818 2118; x_wconf 88' lang='lat' dir='ltr'><strong>ea</strong></span> 
     </span>
     <span class='ocr_line' id='line_1_24' title="bbox 364 2144 1817 2203; baseline -0.005 -11"><span class='ocrx_word' id='word_1_177' title='bbox 364 2153 458 2192; x_wconf 87' lang='lat' dir='ltr'><strong>visa</strong></span> <span class='ocrx_word' id='word_1_178' title='bbox 480 2155 548 2192; x_wconf 89' lang='lat' dir='ltr'><strong>cst</strong></span> <span class='ocrx_word' id='word_1_179' title='bbox 568 2151 825 2203; x_wconf 81' lang='lat' dir='ltr'><strong>antiquitas,</strong></span> <span class='ocrx_word' id='word_1_180' title='bbox 854 2161 937 2189; x_wconf 88' lang='lat' dir='ltr'><strong>nec</strong></span> <span class='ocrx_word' id='word_1_181' title='bbox 960 2149 1100 2188; x_wconf 90' lang='lat' dir='ltr'><strong>minor</strong></span> <span class='ocrx_word' id='word_1_182' title='bbox 1121 2147 1322 2195; x_wconf 71' lang='lat' dir='ltr'><strong>bonitas5</strong></span> <span class='ocrx_word' id='word_1_183' title='bbox 1339 2150 1390 2186; x_wconf 90' lang='lat' dir='ltr'><strong>ut</strong></span> <span class='ocrx_word' id='word_1_184' title='bbox 1412 2146 1479 2186; x_wconf 88' lang='lat' dir='ltr'><strong>vel</strong></span> <span class='ocrx_word' id='word_1_185' title='bbox 1500 2145 1625 2185; x_wconf 88' lang='lat' dir='ltr'><strong>solus</strong></span> <span class='ocrx_word' id='word_1_186' title='bbox 1646 2144 1817 2186; x_wconf 82' lang='lat' dir='ltr'><strong>suffice·</strong></span> 
     </span>
     <span class='ocr_line' id='line_1_25' title="bbox 366 2212 1819 2272; baseline -0.003 -13"><span class='ocrx_word' id='word_1_187' title='bbox 366 2224 445 2267; x_wconf 87' lang='lat' dir='ltr'><strong>ret,</strong></span> <span class='ocrx_word' id='word_1_188' title='bbox 465 2218 591 2272; x_wconf 83' lang='lat' dir='ltr'><strong>cujus</strong></span> <span class='ocrx_word' id='word_1_189' title='bbox 614 2218 745 2258; x_wconf 89' lang='lat' dir='ltr'><strong>fidem</strong></span> <span class='ocrx_word' id='word_1_190' title='bbox 767 2229 1076 2270; x_wconf 84' lang='lat' dir='ltr'><strong>sequeremur:</strong></span> <span class='ocrx_word' id='word_1_191' title='bbox 1109 2215 1152 2256; x_wconf 90' lang='lat' dir='ltr'><strong>in</strong></span> <span class='ocrx_word' id='word_1_192' title='bbox 1175 2227 1262 2268; x_wconf 91' lang='lat' dir='ltr'><strong>quo</strong></span> <span class='ocrx_word' id='word_1_193' title='bbox 1282 2214 1416 2255; x_wconf 86' lang='lat' dir='ltr'><strong>etiam</strong></span> <span class='ocrx_word' id='word_1_194' title='bbox 1439 2213 1634 2254; x_wconf 87' lang='lat' dir='ltr'><strong>Terentii</strong></span> <span class='ocrx_word' id='word_1_195' title='bbox 1656 2212 1819 2266; x_wconf 85' lang='lat' dir='ltr'><strong>imago,</strong></span> 
     </span>
     <span class='ocr_line' id='line_1_26' title="bbox 367 2276 1820 2339; baseline -0.003 -13"><span class='ocrx_word' id='word_1_196' title='bbox 367 2286 496 2339; x_wconf 83' lang='lat' dir='ltr'><strong>plane</strong></span> <span class='ocrx_word' id='word_1_197' title='bbox 516 2290 562 2325; x_wconf 90' lang='lat' dir='ltr'><strong>ut</strong></span> <span class='ocrx_word' id='word_1_198' title='bbox 575 2298 670 2325; x_wconf 86' lang='lat' dir='ltr'><strong>eam</strong></span> <span class='ocrx_word' id='word_1_199' title='bbox 687 2298 743 2325; x_wconf 74' lang='lat' dir='ltr'><strong>ex</strong></span> <span class='ocrx_word' id='word_1_200' title='bbox 757 2283 985 2325; x_wconf 85' lang='lat' dir='ltr'><strong>Vaticana</strong></span> <span class='ocrx_word' id='word_1_201' title='bbox 998 2276 1270 2324; x_wconf 80' lang='lat' dir='ltr'><strong>bibliotheca</strong></span> <span class='ocrx_word' id='word_1_202' title='bbox 1288 2280 1473 2321; x_wconf 90' lang='lat' dir='ltr'><strong>Fulvius</strong></span> <span class='ocrx_word' id='word_1_203' title='bbox 1490 2279 1678 2320; x_wconf 87' lang='lat' dir='ltr'><strong>Ursinus</strong></span> <span class='ocrx_word' id='word_1_204' title='bbox 1696 2279 1752 2320; x_wconf 89' lang='lat' dir='ltr'><strong>V.</strong></span> <span class='ocrx_word' id='word_1_205' title='bbox 1767 2280 1820 2322; x_wconf 85' lang='lat' dir='ltr'><strong>G.</strong></span> 
     </span>
     <span class='ocr_line' id='line_1_27' title="bbox 370 2347 1823 2404; baseline -0.004 -12"><span class='ocrx_word' id='word_1_206' title='bbox 370 2353 521 2401; x_wconf 88' lang='lat' dir='ltr'><strong>edidit,</strong></span> <span class='ocrx_word' id='word_1_207' title='bbox 539 2352 721 2404; x_wconf 85' lang='lat' dir='ltr'><strong>antiqua</strong></span> <span class='ocrx_word' id='word_1_208' title='bbox 741 2364 874 2392; x_wconf 86' lang='lat' dir='ltr'><strong>manu</strong></span> <span class='ocrx_word' id='word_1_209' title='bbox 896 2351 1073 2403; x_wconf 86' lang='lat' dir='ltr'><strong>depicta</strong></span> <span class='ocrx_word' id='word_1_210' title='bbox 1091 2353 1193 2389; x_wconf 89' lang='lat' dir='ltr'><strong>erat.</strong></span> <span class='ocrx_word' id='word_1_211' title='bbox 1227 2347 1310 2388; x_wconf 91' lang='lat' dir='ltr'><strong>Usi</strong></span> <span class='ocrx_word' id='word_1_212' title='bbox 1327 2359 1480 2389; x_wconf 83' lang='lat' dir='ltr'><strong>sumus</strong></span> <span class='ocrx_word' id='word_1_213' title='bbox 1497 2351 1540 2387; x_wconf 90' lang='lat' dir='ltr'><strong>et</strong></span> <span class='ocrx_word' id='word_1_214' title='bbox 1563 2347 1664 2387; x_wconf 84' lang='lat' dir='ltr'><strong>aliis</strong></span> <span class='ocrx_word' id='word_1_215' title='bbox 1684 2348 1823 2400; x_wconf 87' lang='lat' dir='ltr'><strong>scrip-</strong></span> 
     </span>
     <span class='ocr_line' id='line_1_28' title="bbox 370 2413 1824 2472; baseline -0.003 -12"><span class='ocrx_word' id='word_1_216' title='bbox 370 2421 424 2460; x_wconf 85' lang='lat' dir='ltr'><strong>tis</strong></span> <span class='ocrx_word' id='word_1_217' title='bbox 440 2420 579 2468; x_wconf 85' lang='lat' dir='ltr'><strong>libris,</strong></span> <span class='ocrx_word' id='word_1_218' title='bbox 600 2419 678 2459; x_wconf 86' lang='lat' dir='ltr'><strong>scd</strong></span> <span class='ocrx_word' id='word_1_219' title='bbox 701 2419 777 2472; x_wconf 89' lang='lat' dir='ltr'><strong>qui</strong></span> <span class='ocrx_word' id='word_1_220' title='bbox 805 2430 1034 2472; x_wconf 87' lang='lat' dir='ltr'><strong>perparum</strong></span> <span class='ocrx_word' id='word_1_221' title='bbox 1058 2416 1340 2471; x_wconf 86' lang='lat' dir='ltr'><strong>profuerunt:</strong></span> <span class='ocrx_word' id='word_1_222' title='bbox 1373 2429 1472 2456; x_wconf 86' lang='lat' dir='ltr'><strong>nam</strong></span> <span class='ocrx_word' id='word_1_223' title='bbox 1493 2416 1538 2454; x_wconf 90' lang='lat' dir='ltr'><strong>et</strong></span> <span class='ocrx_word' id='word_1_224' title='bbox 1557 2413 1824 2455; x_wconf 86' lang='lat' dir='ltr'><strong>recentiores</strong></span> 
     </span>
     <span class='ocr_line' id='line_1_29' title="bbox 371 2479 1822 2539; baseline -0.003 -14"><span class='ocrx_word' id='word_1_225' title='bbox 371 2487 519 2537; x_wconf 82' lang='lat' dir='ltr'><strong>erant;</strong></span> <span class='ocrx_word' id='word_1_226' title='bbox 553 2491 609 2535; x_wconf 87' lang='lat' dir='ltr'><strong>et,</strong></span> <span class='ocrx_word' id='word_1_227' title='bbox 642 2487 679 2526; x_wconf 91' lang='lat' dir='ltr'><strong>si</strong></span> <span class='ocrx_word' id='word_1_228' title='bbox 700 2485 807 2539; x_wconf 86' lang='lat' dir='ltr'><strong>quid</strong></span> <span class='ocrx_word' id='word_1_229' title='bbox 829 2486 1065 2534; x_wconf 85' lang='lat' dir='ltr'><strong>variarent,</strong></span> <span class='ocrx_word' id='word_1_230' title='bbox 1100 2484 1145 2524; x_wconf 92' lang='lat' dir='ltr'><strong>id</strong></span> <span class='ocrx_word' id='word_1_231' title='bbox 1173 2482 1397 2524; x_wconf 79' lang='lat' dir='ltr'><strong>levidense</strong></span> <span class='ocrx_word' id='word_1_232' title='bbox 1420 2479 1660 2521; x_wconf 61' lang='lat' dir='ltr'><strong>-ulmodum</strong></span> <span class='ocrx_word' id='word_1_233' title='bbox 1691 2483 1822 2534; x_wconf 82' lang='lat' dir='ltr'><strong>atque</strong></span> 
     </span>
     <span class='ocr_line' id='line_1_30' title="bbox 373 2554 768 2605; baseline 0.003 -13"><span class='ocrx_word' id='word_1_234' title='bbox 373 2554 523 2605; x_wconf 82' lang='lat' dir='ltr'><strong>exigui</strong></span> <span class='ocrx_word' id='word_1_235' title='bbox 546 2554 768 2594; x_wconf 88' lang='lat' dir='ltr'><strong>momenti.</strong></span> 
     </span>
    </p>

    <p class='ocr_par' dir='ltr' id='par_1_6' title="bbox 374 2614 1825 2809">
     <span class='ocr_line' id='line_1_31' title="bbox 435 2614 1823 2672; baseline -0.004 -12"><span class='ocrx_word' id='word_1_236' title='bbox 435 2621 599 2661; x_wconf 85' lang='lat' dir='ltr'><strong>Donati</strong></span> <span class='ocrx_word' id='word_1_237' title='bbox 621 2620 710 2660; x_wconf 88' lang='lat' dir='ltr'><strong>duo</strong></span> <span class='ocrx_word' id='word_1_238' title='bbox 731 2620 1003 2672; x_wconf 81' lang='lat' dir='ltr'><strong>exemplaria</strong></span> <span class='ocrx_word' id='word_1_239' title='bbox 1023 2619 1270 2667; x_wconf 78' lang='lat' dir='ltr'><strong>habuimus,</strong></span> <span class='ocrx_word' id='word_1_240' title='bbox 1292 2620 1334 2658; x_wconf 89' lang='lat' dir='ltr'><strong>et</strong></span> <span class='ocrx_word' id='word_1_241' title='bbox 1354 2616 1433 2658; x_wconf 85' lang='lat' dir='ltr'><strong>illa</strong></span> <span class='ocrx_word' id='word_1_242' title='bbox 1455 2614 1726 2657; x_wconf 85' lang='lat' dir='ltr'><strong>Pithoeorum</strong></span> <span class='ocrx_word' id='word_1_243' title='bbox 1748 2628 1823 2656; x_wconf 87' lang='lat' dir='ltr'><strong>ac-</strong></span> 
     </span>
     <span class='ocr_line' id='line_1_32' title="bbox 374 2682 1825 2739; baseline -0.003 -11"><span class='ocrx_word' id='word_1_244' title='bbox 374 2690 527 2729; x_wconf 84' lang='lat' dir='ltr'><strong>curata</strong></span> <span class='ocrx_word' id='word_1_245' title='bbox 558 2687 781 2739; x_wconf 83' lang='lat' dir='ltr'><strong>diligentia</strong></span> <span class='ocrx_word' id='word_1_246' title='bbox 816 2688 870 2727; x_wconf 88' lang='lat' dir='ltr'><strong>ad</strong></span> <span class='ocrx_word' id='word_1_247' title='bbox 904 2687 1017 2728; x_wconf 80' lang='lat' dir='ltr'><strong>Mss.</strong></span> <span class='ocrx_word' id='word_1_248' title='bbox 1052 2686 1180 2727; x_wconf 90' lang='lat' dir='ltr'><strong>codd.</strong></span> <span class='ocrx_word' id='word_1_249' title='bbox 1215 2685 1393 2726; x_wconf 87' lang='lat' dir='ltr'><strong>Antonii</strong></span> <span class='ocrx_word' id='word_1_250' title='bbox 1427 2682 1574 2725; x_wconf 88' lang='lat' dir='ltr'><strong>Contii</strong></span> <span class='ocrx_word' id='word_1_251' title='bbox 1595 2687 1641 2724; x_wconf 90' lang='lat' dir='ltr'><strong>et</strong></span> <span class='ocrx_word' id='word_1_252' title='bbox 1659 2682 1825 2725; x_wconf 85' lang='lat' dir='ltr'><strong>Jacobi</strong></span> 
     </span>
     <span class='ocr_line' id='line_1_33' title="bbox 376 2752 1823 2809; baseline -0.002 -14"><span class='ocrx_word' id='word_1_253' title='bbox 376 2754 552 2809; x_wconf 80' lang='lat' dir='ltr'><strong>CuJacii</strong></span> <span class='ocrx_word' id='word_1_254' title='bbox 575 2753 910 2795; x_wconf 81' lang='lat' dir='ltr'><strong>Antecessorum</strong></span> <span class='ocrx_word' id='word_1_255' title='bbox 935 2753 1274 2795; x_wconf 83' lang='lat' dir='ltr'><strong>Bituricensium</strong></span> <span class='ocrx_word' id='word_1_256' title='bbox 1297 2752 1483 2803; x_wconf 81' lang='lat' dir='ltr'><strong>collata3</strong></span> <span class='ocrx_word' id='word_1_257' title='bbox 1516 2763 1696 2803; x_wconf 86' lang='lat' dir='ltr'><strong>quorum</strong></span> <span class='ocrx_word' id='word_1_258' title='bbox 1716 2763 1823 2793; x_wconf 80' lang='lat' dir='ltr'><strong>aux-</strong></span> 
     </span>
    </p>
   </div>
  </div>
 </body>
</html>
