1945 3296
485 233 547 261 DE
580 230 849 261 TRAGOED1A
886 230 943 258 ET
977 229 1227 260 coMOEmA.
1528 221 1584 261 41

133 328 231 365 duos
249 327 397 365 scilicet
413 325 654 371 Graecorum,
670 332 709 363 et
721 324 885 363 totidem
901 324 1270 371 Latinorum‚duces
1285 331 1463 374 quartum
1480 325 1584 363 hunc

133 392 329 429 nominare
350 402 427 427 non
450 388 614 434 dubitet,
634 388 708 426 hoc
730 388 862 426 ordine
880 402 888 426 ε
921 389 1146 434 Homerum,
1168 388 1387 439 Virgilium,
1418 388 1585 425 Menan-

132 454 257 498 drum,
279 453 496 490 Terentium
516 465 524 489 :
555 465 672 502 quarn
700 452 773 489 sibi
790 451 1061 490 ‘excellentiam
1091 465 1170 489 non
1193 451 1283 503 styli
1303 451 1477 488 attribuit
1497 452 1585 489 alti-

131 518 240 562 tudo,
260 528 338 566 qua
358 529 381 552 a
399 515 530 552 multis
551 527 628 551 non
656 515 771 552 dubie
790 521 829 553 et
849 514 1069 553 Menander
1100 514 1205 565 apud
1225 528 1317 552 suos
1337 514 1516 560 vincitur,
1546 522 1585 553 et

130 580 334 618 Terentius
351 578 455 629 apud
475 585 645 624 nostros,
666 586 704 616 et
724 591 810 628 quae
828 578 868 615 in
889 577 1100 615 Comoediis
1118 591 1196 615 non
1216 577 1332 615 modo
1349 590 1426 614 non
1448 591 1584 615 neces-

132 643 243 689 saria,
274 642 344 680 sed
377 641 603 693 plerumque
634 642 750 679 etiarn
772 642 908 679 vitiosa
932 648 1006 679 est.
1064 641 1169 685 Quid
1200 654 1292 691 ergo
1325 641 1582 679 humanorum

130 720 279 745 morum
298 713 436 744 exacta
455 706 592 744 notitia
613 712 652 744 et
672 706 767 744 ordo
799 706 1031 744 narrationis
1052 706 1100 742 ab
1122 706 1207 756 ipso
1238 705 1426 742 Cicerone
1447 704 1584 743 lauda-

130 779 206 815 tur,
227 776 267 807 et
285 769 374 821 styli
390 769 618 820 jucunditas
640 783 685 807 ac
706 769 855 820 gratia?
894 767 972 807 Sed
996 782 1112 819 super
1132 768 1329 813 omnia‚ut
1349 768 1582 818 quibusdam

129 833 272 884 placet,
293 833 378 871 sola
408 833 623 884 proprietas
645 833 730 870 haec
751 833 868 875 facit;
909 839 954 870 ut
987 832 1088 871 enirn
1119 831 1243 882 primo
1273 830 1445 870 AEneidis
1478 844 1584 869 com-

129 903 260 935 mento
277 897 332 934 ait
350 897 521 943 Servius,
542 896 744 934 sciendum
763 904 824 934 est
845 896 1069 934 Terentium
1092 902 1250 946 propter
1271 894 1392 932 solam
1413 896 1584 946 proprie-

127 966 248 1000 tatem
281 960 459 1004 omnibus
495 960 664 998 Comicis
703 972 789 997 esse
827 958 1034 1010 praelatum
1052 972 1062 996 ι
1110 959 1248 1009 quibus
1283 966 1356 1004 est,
1393 966 1583 1008 quantum

131 1029 286 1074 spectat
304 1022 354 1060 ad
375 1029 517 1068 cetera,
538 1023 707 1061 inferior.
764 1022 880 1066 Quod
900 1023 1077 1060 ultimum
1100 1023 1294 1068 omnibus,
1325 1034 1423 1072 quos
1452 1022 1582 1073 legere

128 1086 252 1136 potui,
270 1086 640 1124 commentatoribus
676 1085 865 1133 excussis,
900 1086 1020 1123 Servii
1051 1085 1160 1123 salva
1182 1098 1275 1136 pace
1296 1098 1372 1122 non
1395 1088 1580 1137 approbo.

130 1149 236 1186 Haec·
261 1148 323 1186 vel
354 1148 404 1186 ad
436 1149 611 1186 notitiam
645 1149 881 1196 habendam,
911 1149 972 1187 vel
1005 1149 1056 1187 ad
1089 1162 1255 1187 errorem
1291 1148 1582 1198 declinandum,

128 1213 294 1253 breviter
313 1212 361 1251 de
380 1208 560 1251 Terentio
582 1213 687 1252 dicta
707 1220 836 1252 sunto.

368 1542 454 1583 DE
483 1541 844 1584 TRAGOEDIA
876 1543 956 1584 ET
986 1542 1334 1585 COMOEDIA.¹

183 1665 372 1702 Im‘rmM
394 1664 612 1715 Tragoediae
633 1672 673 1703 et
691 1665 902 1703 Comoediae
926 1679 949 1703 a
963 1667 1077 1705 rebus
1098 1665 1238 1704 divinis
1259 1674 1320 1705 est
1334 1667 1581 1707 inchoatum:

127 1728 267 1779 quibus
299 1740 369 1778 pro
402 1728 591 1767 fructibus
625 1735 716 1766 vota
745 1730 940 1767 solventes
972 1731 1232 1782 operabantur
1263 1731 1423 1782 antiqui.
1480 1733 1582 1770 Nam

128 1791 300 1830 incensis
325 1791 409 1842 jam
429 1791 631 1839 altaribus,
651 1799 690 1830 et
710 1791 869 1830 admoto
895 1793 1015 1839 hirco,
1047 1793 1087 1830 id
1109 1807 1234 1844 genus
1253 1794 1446 1841 carminis,
1476 1796 1583 1846 quod

130 1868 240 1894 sacer
258 1855 400 1894 chorus
427 1855 617 1894 reddebat
651 1856 787 1895 Libero
820 1857 933 1908 patri,
964 1856 1173 1909 Tragoedia
1191 1857 1406 1904 dicebatur,
1430 1860 1488 1898 vel
1509 1861 1582 1898 ἀπὸ

127 1924 190 1958 τοῦ
207 1921 349 1969 τράγου
371 1922 432 1958 καὶ
450 1927 512 1965 τῆς
530 1920 658 1973 ῷδῆς,’“
686 1921 761 1960 hoc
781 1929 854 1968 est,
889 1922 937 1959 ab
957 1921 1080 1969 hirco,
1112 1923 1225 1960 hoste
1255 1923 1467 1970 vinearum,
1501 1931 1540 1962 et
1559 1937 1583 1961 a

128 1983 336 2022 cantilena.
394 1983 489 2035 Ejus
523 1985 645 2035 ipsius
667 1985 720 2022 rei
752 1985 856 2036 apud
876 1986 1078 2036 Virgilium
1098 1987 1214 2038 plena
1232 1987 1276 2024 fit
1294 1988 1452 2026 mentio.
1508 1987 1582 2026 Vel

126 2045 233 2098 quod
262 2046 369 2085 hirco
404 2046 625 2085 donabatur
657 2048 740 2099 ejus
777 2049 956 2087 carminis
977 2051 1119 2100 poeta:
1162 2051 1222 2089 vel
1254 2050 1359 2102 quod
1397 2058 1479 2089 uter
1498 2051 1581 2102 ejus

127 2109 244 2147 musti
261 2109 399 2161 plenus
422 2110 581 2149 solenne
600 2111 801 2163 praemium
831 2113 1057 2151 cantoribus
1091 2113 1242 2151 fuerat:
1286 2113 1346 2152 vel
1375 2113 1480 2165 quod
1514 2127 1583 2153 ora

169 2255 187 2284 1
212 2254 297 2286 Quae
313 2254 369 2286 hic
384 2254 428 2286 de
443 2255 624 2297 Tragoedia
640 2260 675 2288 et
695 2257 826 2288 Comoe·

126 2304 183 2335 dia
209 2304 419 2346 referuntur,
442 2316 481 2337 ea
511 2317 590 2346 non,
617 2312 655 2338 ut
684 2307 753 2347 alii,
783 2317 826 2339 ex

127 2354 280 2387 Cornuto
295 2356 348 2387 vel
373 2355 483 2398 Aspro
499 2357 668 2397 desumta‚
695 2358 756 2389 sed
783 2367 826 2390 ex

126 2405 287 2436 Evanthii
318 2407 574 2439 Commentario
604 2409 638 2440 in
668 2408 826 2441 Terenti-

126 2465 181 2485 um
195 2456 322 2487 selecta
337 2467 412 2488 esse
427 2457 586 2490 arbitror.
631 2459 825 2501 Ejusceque

125 2505 176 2536 rei
199 2506 488 2538 evidentissimum
513 2513 747 2549 argumentum
761 2513 825 2550 est,

126 2556 215 2596 quod
231 2557 293 2588 sub
309 2557 408 2598 hujus
425 2557 644 2589 eruditissimi
660 2569 824 2599 gramma-

125 2606 185 2636 tici
211 2607 346 2638 nomine
369 2607 484 2649 (quem
511 2608 630 2639 iisdem
654 2619 728 2641 cum
755 2610 822 2641 Do-

147 2661 203 2686 ato
241 2657 463 2697 temporibus,
494 2658 559 2690 hoc
588 2663 653 2700 est,
683 2660 823 2701 Olymp.

126 2707 198 2735 285.
225 2711 389 2746 regnante
420 2706 621 2739 Constantio
648 2709 710 2741 Fil.
734 2710 823 2741 Con-

125 2755 277 2795 stantini,
307 2757 344 2788 C.
368 2757 408 2789 P.
432 2756 587 2790 floruisse
616 2765 714 2792 notat
741 2760 823 2792 Hie-

880 2259 1025 2301 ronym.)
1051 2260 1125 2291 haec
1154 2260 1260 2291 verba
1289 2259 1410 2292 afferat
1439 2260 1581 2292 Rufinus

879 2308 1121 2342 Antiochensis
1133 2315 1311 2351 grammat.
1326 2311 1386 2342 lib.
1399 2311 1441 2342 de
1458 2312 1582 2343 Mettis

879 2359 1118 2392 Terentianis:
1145 2361 1343 2393 ‘Concinna
1371 2367 1582 2402 argumento,

880 2411 1127 2443 consuetudine
1153 2421 1313 2452 congrua,
1336 2412 1427 2443 utilis
1444 2418 1581 2444 senten-

879 2460 947 2501 tiis,
971 2466 1072 2501 grata
1087 2461 1226 2502 salibus,
1256 2466 1338 2503 apta
1360 2462 1494 2495 metro.'
1532 2464 1578 2494 Et

879 2516 1000 2551 postea
1029 2513 1100 2543 sic:
1130 2513 1311 2554 ‘Veteres,
1339 2514 1404 2544 etsi
1432 2514 1483 2545 usi
1512 2514 1579 2555 ipsi

879 2570 1011 2602 quoque
1026 2562 1166 2601 metris,’
1191 2564 1255 2594 ὅτε.
1300 2563 1385 2596 Quae
1410 2563 1579 2604 ipsissima

877 2610 912 2640 in
926 2611 1019 2643 hisce
1034 2611 1289 2653 Prolcgomcnis
1304 2623 1392 2645 nunc
1406 2614 1579 2654 leguntur.

876 2660 970 2691 Lina.

918 2713 938 2742 2
962 2711 1022 2742 Καὶ
1042 2713 1098 2750 τῆς
1109 2712 1202 2755 ᾠδῆς]
1219 2712 1296 2745 Hoc
1312 2723 1354 2745 ex
1373 2714 1458 2746 Mss.
1481 2713 1574 2745 addi-

877 2764 959 2794 tum.
983 2761 1032 2795 Id.
