1945 3296
647 241 888 272 TERENTn
923 240 1057 270 νιτΑ.
1526 233 1582 273 35

179 341 227 384 Q.
250 339 467 378 Cosconius
485 338 513 359 ¹³
547 337 772 376 redeuntem
795 349 818 374 a
839 336 996 374 Graeeia
1019 334 1181 387 periisse
1202 335 1240 372 in
1262 334 1358 373 mari
1378 334 1470 374 dicit
1490 350 1578 375 cum

125 411 280 442 centum
301 409 340 440 et
358 408 448 440 octo
469 401 642 448 Fabulis,
662 401 862 440 conversis
892 413 915 438 a
944 398 1178 438 Menandro.
1236 398 1364 437 Ceteri
1386 407 1579 437 mortuum

125 481 211 504 esse
231 466 270 503 in
291 465 469 503 Arcadiae
491 464 772 516 Stymphalo‚¹4
792 465 871 503 sive
891 463 1090 502 Leucadia
1111 461 1286 508 tradunt,
1304 463 1377 500 Cn.
1398 463 1579 501 Cornelio

127 529 349 576 Dolabella,
370 530 427 567 M.
450 529 588 567 Fulvio
607 528 808 566 Nobiliore
829 528 944 565 Coss.
965 527 1100 564 morbo
1131 525 1358 576 implicitum
1385 526 1478 571 acri,
1512 526 1582 563 do-

125 595 206 632 lore
226 607 271 632 ac
291 593 411 631 taedio
432 593 661 631 amissarum
682 591 968 636 sarcinarum,¹⁵
985 602 1084 641 quas
1099 590 1137 627 in
1158 588 1248 627 navi
1266 589 1518 640 praemiserat,
1540 602 1583 627 ac

127 657 239 696 simul
269 657 505 695 Fabularum
536 669 635 708 quas
670 668 792 693 novas
823 655 984 693 fecerat.
1054 652 1192 691 Fuisse
1226 652 1367 692 dicitur
1399 653 1585 691 mediocri

127 727 288 766 statura,
308 720 443 772 gracili
463 733 640 771 corpore,
671 719 802 758 colore
830 719 955 756 susm.
1013 716 1188 768 Reliquit
1215 717 1346 763 filiam,
1376 730 1464 767 quae
1496 725 1586 768 post

128 784 248 835 equiti
268 784 447 821 Romano
467 783 613 834 nupsit.
670 784 769 821 Item
789 782 965 820 hortulos
990 795 1068 819 xx.
1083 781 1279 832 jugerum,
1305 781 1367 818 via
1386 780 1514 832 Appia
1535 780 1585 817 ad

131 848 269 886 Martis
289 846 420 885 villam
439 860 448 885 ε
478 860 556 898 quo
573 847 697 899 magis
716 847 844 893 miror,
864 846 1038 884 Portium
1059 845 1241 891 scribere,

776 937 781 942 ⁵
822 944 916 983 nihil
936 945 1098 983 Publius

240 1011 370 1063 Scipio
389 1010 547 1063 profuit,
567 1010 663 1047 nihil
684 1009 719 1048 ei
740 1009 896 1054 Laelius,
916 1008 1010 1046 nihil
1033 1008 1170 1047 Furius
1187 1022 1197 1052 ;

236 1075 330 1114 Tres
351 1088 418 1126 per
437 1074 540 1113 idem
560 1080 712 1124 tempus
731 1073 798 1124 qui
819 1074 1022 1124 agitabant
1042 1071 1194 1110 nobiles
1211 1072 1407 1111 facillime.

235 1140 378 1177 Eorum
397 1139 464 1178 ille
484 1152 602 1190 opera
622 1152 672 1176 ne
690 1139 848 1176 domum
868 1136 1025 1188 quidem
1046 1136 1183 1175 habuit
1202 1136 1504 1175 conductitiam:

238 1203 386 1241 Saltem
405 1209 449 1241 ut
467 1210 585 1251 esset,
606 1216 685 1254 quo
705 1202 863 1240 referret
884 1202 1030 1240 obitum
1051 1201 1197 1238 domini
1219 1201 1408 1239 servulus.

188 1308 304 1345 Hunc
337 1307 516 1345 Afranius
553 1307 709 1358 quidem
741 1306 923 1344 omnibus
954 1306 1111 1343 comicis
1142 1306 1311 1356 praefert,
1347 1307 1519 1344 scribens
1551 1308 1589 1344 in

134 1370 415 1422 Compitalibus
433 1384 442 1409 z
473 1375 483 1391 ‘
502 1371 681 1408 Terentio
702 1384 780 1409 non
802 1370 967 1408 similem
988 1370 1094 1407 dices
1115 1371 1364 1421 quempiam.'

187 1434 390 1473 Volcatius
411 1441 538 1472 autem
561 1447 639 1471 non
662 1434 788 1472 solum
808 1433 961 1479 Naevio,
991 1442 1030 1471 et
1064 1433 1220 1479 Plauto,
1252 1442 1290 1472 et
1318 1434 1492 1481 Caecilio,
1523 1435 1590 1472 sed

138 1498 282 1536 Licinio
301 1510 457 1548 quoque
477 1497 692 1549 postponit.
749 1497 887 1534 Cicero
908 1496 947 1534 in
978 1496 1183 1534 Limone¹⁶
1210 1497 1400 1536 hactenus
1431 1498 1565 1536 laudat
1584 1512 1591 1537 ς

294 1602 350 1640 Τυ
373 1614 544 1653 quoque,
564 1602 630 1653 qui
651 1602 757 1640 solus
778 1601 881 1640 lecto
902 1614 1093 1647 sermone,
1113 1602 1281 1648 Terenti,

296 1666 539 1704 Conversum
560 1679 869 1717 expressumque
891 1666 1029 1703 Latina
1047 1679 1142 1704 voce
1164 1666 1426 1704 Menandrum

294 1729 339 1766 In
359 1729 489 1768 medio
505 1727 536 1747 ¹⁷
557 1729 692 1780 populi
713 1729 859 1767 sedatis
880 1729 1041 1768 vocibus
1062 1728 1202 1773 effers;

299 1792 498 1844 Quicquid
514 1793 545 1815 ¹⁸
567 1806 676 1832 come
697 1793 876 1844 loquens,
898 1806 943 1831 ac
964 1793 1095 1832 omnia
1110 1793 1242 1833 dulcia
1262 1795 1409 1835 dicens.

141 1932 236 1970 Item
258 1931 305 1970 C.
327 1931 462 1970 Caesar
480 1944 490 1969 t

299 2023 358 2061 Tu
378 2035 534 2074 quoque
554 2028 596 2061 tu
616 2022 655 2059 in
678 2023 853 2070 summis,
874 2035 897 2060 ο
918 2023 1120 2063 dimidiate
1141 2025 1374 2074 Menander,

300 2086 477 2133 Poneris,
499 2093 539 2124 et
556 2086 707 2133 merito,
729 2087 814 2138 puri
835 2089 1023 2126 sermonis
1046 2096 1210 2135 amator,

302 2150 471 2190 Lenibus
492 2157 610 2202 atque
628 2151 777 2190 utinam
798 2152 951 2203 scriptis
973 2152 1160 2203 adjuncta
1179 2154 1278 2192 foret
1296 2155 1354 2193 vis

188 2283 227 2312 13
252 2280 294 2316 Q·
310 2279 491 2320 Cosconius]
516 2279 572 2312 Ita
598 2288 641 2311 ex
667 2281 751 2312 Mss.
778 2280 847 2311 edi·
947 2286 986 2315 15
1011 2283 1229 2325 Sarcinarum]
1253 2285 1312 2317 Nil
1330 2286 1442 2317 verius
1455 2286 1518 2317 hac
1536 2287 1603 2319 lec-

142 2332 277 2371 dimus;
301 2331 391 2372 vulg.
421 2331 585 2363 hactenus
614 2330 681 2363 fuit
717 2332 848 2363 Consen-
903 2333 1009 2375 tione,
1023 2344 1122 2376 qnam
1138 2345 1254 2367 omnes
1271 2336 1506 2377 scripticodd.
1520 2347 1608 2378 prae.

142 2383 216 2414 tius.
269 2381 474 2413 Cosconium
504 2381 622 2413 laudat
650 2382 773 2422 Varro,
804 2382 849 2414 de
903 2383 1031 2426 ferunt,
1045 2390 1194 2427 excepto
1208 2396 1285 2426 uno,
1300 2387 1334 2418 in
1351 2387 1607 2429 quofabularum

146 2433 241 2474 Lissg-
269 2432 344 2464 Lat·
373 2431 434 2464 llb-
461 2441 494 2463 V·
528 2431 579 2464 Id·
634 2431 704 2463 Alii
738 2433 848 2464 Conse·
903 2441 990 2468 erat.
1034 2437 1147 2477 Vulgo
1163 2437 1329 2469 hactenus
1344 2438 1470 2479 legitur
1487 2441 1606 2477 satyra-

142 2491 215 2522 tius.
900 2496 996 2525 rum;
1029 2487 1089 2520 sed
1124 2487 1159 2519 id
1195 2497 1238 2519 ne
1269 2488 1428 2520 titivilitii
1457 2487 1604 2529 quidem.

188 2544 229 2573 14
268 2540 431 2572 Mortuum
455 2550 519 2572 esse
544 2541 578 2572 in
606 2540 754 2572 Arcadia>
780 2540 846 2582 St]
904 2537 954 2569 Id·

146 2591 216 2622 Alii
237 2591 270 2622 in
285 2591 424 2622 Arcadia
449 2590 627 2632 Stymphali
648 2591 731 2623 sinu.
776 2591 846 2622 Au-
948 2590 987 2618 16
1009 2587 1149 2627 Licinio]
1172 2587 1355 2620 Mammea.
1378 2587 1432 2619 Id.

145 2642 258 2673 sonius
286 2641 329 2672 ad
346 2641 507 2672 Ursulum
522 2641 566 2673 de
582 2642 717 2673 senario
732 2652 848 2673 nume·
948 2641 986 2670 17
1017 2638 1058 2669 In
1084 2639 1197 2679 medio,
1230 2638 1300 2679 ξω]
1338 2639 1407 2670 MS.
1437 2638 1530 2669 Dan.
1570 2638 1607 2667 In

146 2700 206 2722 ro:
230 2692 239 2708 ⁴
256 2690 465 2722 Protulitin
494 2701 631 2723 scenam
661 2697 745 2733 quot
771 2692 849 2724 dra·
902 2688 1037 2719 medium
1050 2689 1136 2720 nobis
1147 2689 1276 2729 sedatis,
1291 2691 1344 2729 ᾅϊ.
1366 2688 1420 2719 Id-

148 2745 241 2772 mata
256 2739 483 2780 Fabellarum,
495 2740 656 2772 Arcadiae
669 2742 780 2774 medio
791 2742 848 2784 qui
947 2741 987 2769 18
1001 2739 1171 2780 Quicquid]
1186 2739 1252 2772 Ms.
1267 2739 1421 2775 Quiddam
1434 2749 1443 2769 -·
1457 2738 1499 2770 al.
1515 2738 1607 2773 Quic-

145 2789 239 2828 jacet
255 2789 287 2820 in
309 2791 437 2830 gremio
452 2789 475 2819 ?’
496 2789 592 2822 Lina.
904 2791 992 2829 quod.
1018 2789 1071 2821 Id.
