1903 3306
307 215 393 257 420
809 226 848 255 P.
880 225 1121 256 TERENTH
1153 224 1270 256 Arm

310 320 497 362 Militis:
531 319 654 361 ducit
674 331 826 360 secum
846 332 937 361 una
958 318 1173 372 virginem
1192 318 1310 359 dono
1328 316 1445 359 huic.
1505 318 1671 373 Papae!

311 389 448 431 Facie
468 388 678 428 honesta:
710 388 882 436 mirum,
902 387 948 427 ni
978 399 1059 439 ego
1080 399 1149 426 me
1164 387 1348 439 turpiter
1366 386 1496 427 hodie
1516 386 1586 427 hic
1607 386 1725 429 dabo

310 457 424 498 Cum
458 468 555 496 meo
593 455 820 508 decrepito
852 455 938 495 hoc
973 453 1203 494 Eunucho.
1265 453 1380 495 Haec
1412 459 1594 508 superat
1622 455 1768 510 ipsam

481 523 709 564 Thaidem.
1711 524 1769 564 25

309 636 466 675 parasitus
487 635 599 666 militis
628 634 766 665 Gnatho.
787 675 792 680 ι
812 631 913 663 Ducit
939 640 1040 679 secum
1071 630 1246 678 pirginem,
1279 632 1314 663 in
1347 634 1459 664 donum
1487 633 1612 665 Thaidi.
1656 633 1770 673 Papae,

311 689 402 718 quam
418 679 554 726 eleganti
568 678 653 708 vultu
663 676 678 707 !
703 676 862 707 Nimirum
877 684 924 722 me
939 674 990 704 hu·
1005 673 1094 704 hodie
1109 674 1242 705 ludibrio
1257 679 1287 705 et
1302 676 1443 707 dedecori
1457 686 1610 718 exponam
1624 685 1691 707 cum
1706 684 1771 706 meo

311 722 367 752 hoc
382 723 536 762 decrepzto
554 719 716 751 Eunucho.
760 718 841 749 Hoec
853 726 941 756 vzrgo
949 715 1065 755 forma:
1077 718 1174 756 specie
1188 717 1286 748 vincit
1303 718 1460 750 Thaidem.

924 807 1153 820 eeeeeeeeee

313 877 414 909 modo
430 877 503 908 fieri
521 876 645 916 possit,
661 874 851 906 trochaicus
868 875 946 906 mihi
965 874 1148 915 impeditus
1166 875 1312 906 videtur.
1337 875 1397 907 Fa.
1440 876 1519 907 Non
1535 876 1569 907 in
1586 886 1685 908 unam
1708 878 1775 918 syl-

314 922 424 952 labam
453 919 666 950 contrahitur
688 919 698 936 ‘
714 917 852 958 quidem
868 917 889 956 ;'
914 918 974 948 sed
998 920 1006 935 ‘
1022 918 1076 948 hic
1093 917 1102 930 '
1124 918 1323 958 corripitur.
1347 919 1445 950 Bent.
1480 919 1577 950 Attat
1601 920 1683 950 dant
1713 921 1773 953 ΒΓ.

314 963 469 994 Bent.Z.
487 962 678 993 Rom—23
703 960 851 993 Quidam
865 961 951 991 Mss.
968 964 1004 991 et
1031 960 1190 1001 impressi
1217 966 1364 1000 veteres,
1390 971 1484 993 unam
1514 962 1644 1002 legunt.
1672 963 1774 994 West.

318 1006 511 1036 Huicdono:
536 1005 580 1036 Ο.
598 1005 621 1035 1.
638 1014 662 1035 s.
685 1005 762 1034 dono
779 1003 850 1034 huic
865 1014 875 1033 .·
899 1004 945 1034 ita
962 1008 995 1034 et
1013 1003 1046 1033 in
1064 1004 1160 1034 Rem.
1180 1004 1410 1035 emendatum.
1435 1005 1495 1035 Fa.
1539 1005 1596 1036 Sic
1612 1009 1647 1036 et
1667 1006 1775 1036 nostri

316 1049 452 1079 codices
479 1057 556 1079 cum
587 1046 675 1077 Edd.
707 1051 792 1078 vett.
814 1046 912 1076 Bent.
941 1047 1042 1077 Unam
1068 1046 1158 1077 Pall.
1184 1047 1272 1078 Perl.
1318 1047 1376 1078 Sic
1397 1046 1517 1078 Guelf.
1543 1050 1663 1079 3.-24
1686 1049 1776 1089 Guy.

315 1100 382 1122 uon
400 1091 605 1127 intelligens,
630 1089 709 1129 quid
733 1088 791 1127 sit,
812 1088 983 1128 ‘turpiter
1011 1098 1047 1119 se
1077 1088 1182 1127 dare,’
1207 1089 1295 1120 dicit
1322 1090 1503 1130 legendum
1532 1099 1620 1131 esse,
1645 1100 1702 1130 ego
1729 1101 1777 1122 me

315 1134 453 1174 turpiter
467 1133 558 1164 hodie
572 1133 643 1163 hinc
657 1132 759 1166 dab05
782 1131 813 1162 h.
827 1141 857 1162 e.
873 1131 1053 1170 facessam,
1069 1131 1188 1162 abibo:
1214 1131 1304 1172 quod
1327 1141 1345 1163 e
1369 1133 1438 1164 Ms.
1456 1132 1601 1173 Argent.
1625 1134 1684 1164 sed
1702 1143 1775 1165 cot·-

316 1177 462 1208 rectoris
479 1186 579 1207 manu
606 1175 691 1205 citat
707 1175 818 1205 Boecl.
848 1174 948 1206 West.
973 1174 1046 1205 GC.
1070 1174 1192 1205 invert.
1209 1175 1285 1205 dabo
1301 1175 1360 1207 hic.
1385 1175 1566 1207 Par—25
1596 1176 1690 1207 citat
1716 1177 1777 1208 Pr.

314 1219 402 1250 lust.
415 1219 567 1250 Gramm.
583 1218 642 1249 lib.
660 1227 724 1248 xv.
742 1217 854 1256 Papoe‚
871 1217 936 1247 hoec
951 1220 1075 1257 superat
1090 1217 1190 1258 ipsam
1207 1217 1368 1250 Thaidem.
1391 1219 1501 1250 West.
1535 1217 1589 1249 Ad
1601 1219 1666 1250 haec
1682 1219 1777 1251 Perl.

317 1267 415 1294 notat
432 1273 439 1292 ι
465 1263 474 1279 ‘
488 1261 522 1293 J.
537 1260 633 1292 nam?
659 1260 730 1291 Hoc
745 1259 840 1291 delet
856 1260 960 1291 Both.

979 1337 1121 1371 NOTAE

316 1406 468 1439 maxilla.
513 1406 561 1436 Ut
576 1403 747 1444 παράσιτος
762 1405 788 1435 is
809 1408 863 1435 est
889 1403 959 1445 qui,
984 1408 1023 1434 ut
1078 1404 1154 1444 pitu
1172 1408 1208 1436 et
1230 1404 1394 1444 plangore
1411 1405 1550 1436 familiae
1566 1405 1780 1436 conclamata

317 1458 442 1488 victum
461 1455 551 1496 apud
580 1456 721 1486 ditiores
743 1454 883 1495 habeat,
905 1454 946 1484 iis
971 1464 1020 1484 as-
1078 1458 1168 1486 sunt.
1213 1455 1278 1485 Vel
1301 1464 1320 1485 a
1350 1454 1580 1486 decrescendo
1609 1455 1658 1485 sie.
1684 1455 1782 1495 dicti,

319 1514 476 1542 sentatur
494 1519 502 1541 :
526 1507 614 1540 σίτος
630 1508 754 1540 Graece
780 1507 894 1538 cibum
921 1506 1022 1546 signi·
1078 1514 1119 1535 eo
1135 1504 1227 1545 quod
1255 1504 1425 1536 incurvati
1440 1509 1475 1535 et
1491 1504 1659 1535 contracti
1675 1505 1781 1535 mino-

317 1562 412 1595 ficat.
1076 1564 1130 1585 res
1146 1553 1220 1586 fieri
1238 1554 1439 1593 videantur3
1462 1554 1510 1586 sic
1536 1555 1704 1595 capularis
1729 1564 1781 1585 se-

363 1617 403 1644 25
430 1610 613 1651 Decrepito]
650 1610 729 1641 Sive
758 1608 858 1640 morti
896 1607 1022 1639 vicino.
1076 1615 1143 1636 nex
1159 1604 1285 1636 dicitur
1302 1605 1474 1646 acapulo,
1501 1604 1534 1635 id
1560 1610 1627 1646 est,
1656 1606 1781 1646 loculo,

320 1662 504 1703 Decrepiti
519 1667 610 1701 sunt,
637 1669 779 1702 quorum
803 1658 925 1690 funera
948 1667 1022 1690 cre·
1076 1655 1217 1697 capsula
1232 1655 1368 1695 mortui,
1381 1665 1422 1687 ιιη
1436 1655 1576 1687 cercueil.

724 1929 930 1971 ACTUS
963 1929 1027 1970 ΙΙ.
1089 1926 1297 1970 SCENA
1328 1926 1393 1968 Π.

787 2063 1009 2093 GNATHO.
1070 2062 1328 2092 PARMENO.

328 2150 423 2191 GN.
456 2146 516 2188 Di
536 2143 809 2186 immortales
827 2144 836 2184 !
865 2141 1030 2183 homini
1050 2141 1180 2182 homo
1198 2139 1304 2194 quid
1325 2138 1530 2194 praestat!
1560 2137 1694 2179 stulto
1715 2137 1781 2179 in-

500 2212 724 2266 telligens!

332 2282 449 2334 Quid
470 2282 648 2322 interest
667 2282 676 2322 !
706 2279 790 2320 hoc
812 2278 926 2319 adeo
947 2290 1005 2318 ex
1025 2277 1109 2318 hac
1129 2289 1173 2316 re
1196 2275 1317 2317 venit
1337 2275 1383 2315 in
1403 2277 1591 2315 mentem
1611 2271 1732 2313 mihi.

374 2404 444 2435 GN.
471 2404 530 2435 Dz'z'
559 2403 761 2442 immortales,
791 2403 938 2442 quantum
965 2399 1047 2429 alius
1076 2398 1164 2428 homo
1187 2397 1244 2428 alii
1273 2396 1390 2428 homini
1412 2393 1590 2437 praecellit!
1611 2393 1662 2425 Ab
1687 2392 1791 2433 inepto

332 2451 480 2487 quantum
495 2447 594 2478 distat
605 2447 753 2486 providus
769 2448 797 2476 et
810 2444 946 2485 prudens
957 2440 972 2473 Ι
999 2441 1070 2473 Hoc
1084 2440 1162 2471 mihi
1176 2440 1244 2471 ideo
1266 2441 1299 2471 in
1320 2439 1497 2471 memoriam
1513 2438 1608 2477 redit,
1622 2436 1788 2468 nimirum:

948 2538 1050 2551 ‘lm
1052 2537 1176 2549 ‘‘‘‘‘

380 2611 393 2638 l
422 2608 592 2638 Punctum
618 2611 695 2647 post
720 2605 910 2647 ‘praestat'
934 2604 1055 2646 abjicit
1071 2604 1172 2635 Both.
1202 2607 1237 2634 et
1265 2602 1357 2632 delet
1376 2610 1509 2632 versum
1537 2602 1566 2630 2.
1590 2603 1750 2638 tanquam
1775 2607 1794 2627 a

335 2651 423 2681 mala
440 2659 541 2680 mauu
559 2655 714 2680 exortum
731 2660 739 2687 ;
757 2653 804 2687 et,
820 2649 915 2686 Sero,
931 2649 991 2686 ait,
1008 2645 1173 2678 inflictum
1190 2646 1253 2676 hoc
1269 2644 1434 2675 Terentio
1446 2643 1563 2673 vulnus
1581 2647 1618 2671 ut
1633 2640 1794 2678 arbitrer,

337 2693 420 2724 facit
439 2694 523 2732 Eug.
549 2703 605 2733 ap.
624 2702 724 2733 quem
742 2691 858 2722 stolidi
888 2690 1112 2722 additamenti
1138 2699 1179 2719 ue
1204 2688 1386 2727 vestigium
1413 2685 1548 2728 quidem
1571 2684 1793 2724 apparet.—2

340 2736 424 2771 Quid
440 2736 572 2766 interest
591 2735 750 2765 videntur
767 2734 921 2765 absolute
943 2742 1004 2774 per
1020 2732 1276 2762 admirationem
1293 2730 1397 2760 dicta.
1444 2727 1560 2768 Atque
1587 2726 1637 2757 ita
1664 2725 1794 2755 diserte

340 2784 393 2810 cst
421 2780 452 2808 in
486 2779 551 2808 Ms.
576 2778 668 2818 Lips.
694 2778 768 2809 Jac.
804 2777 1002 2808 Perizonius
1032 2775 1073 2806 ad
1102 2776 1216 2805 Sauct.
1235 2774 1321 2804 Min.
1341 2781 1398 2803 111.
1413 2774 1443 2802 5.
1461 2776 1572 2801 tamen
1586 2768 1793 2808 conjunctim
