1903 3306
332 213 419 256 358
830 226 868 255 P.
903 225 1145 255 TERENTH
1181 225 1299 256 ΛΡΜ

333 316 481 372 Atque
502 330 576 359 eas
599 319 841 360 substerne.
902 318 1005 360 Mv.
1044 318 1342 368 Quamobrem
1360 318 1405 360 id
1427 322 1516 361 tute
1533 332 1620 360 non
1639 319 1751 361 facis
1767 321 1797 361 ‘t‘

334 385 429 426 DA.
461 384 594 435 Quia,
617 387 655 427 si
676 387 786 428 forte
807 399 922 440 opus
941 387 998 427 sit
1018 386 1074 426 ad
1095 387 1245 427 herum
1260 386 1572 440 jusjurandum
1590 386 1711 436 mihi,

333 452 441 493 Non
461 454 743 507 apnosuisse,
775 458 823 494 ut
843 453 1010 514 liquido
1031 454 1215 507 possim.
1276 453 1379 495 MY.
1411 453 1630 507 Intelligo.

333 519 471 561 Nova
490 533 605 561 nunc
626 521 779 583 religio
800 522 845 562 in
866 526 909 562 te
930 521 1056 562 istaee
1076 521 1270 570 incessit,
1298 521 1445 562 cedo‘l
1732 521 1790 561 15

335 587 429 628 DA.
462 587 597 628 Move
620 579 757 641 ocyus
779 594 835 638 te,
857 591 918 638 ut,
940 588 1046 641 quid
1070 601 1210 641 agam,
1235 601 1366 641 porro
1388 588 1620 641 intelligas.

334 654 424 694 Pro
445 653 645 707 Jupiter!
706 655 808 695 ΜΥ.
842 654 964 705 Quid
998 656 1098 695 est?
1162 655 1252 696 DA.
1284 655 1476 708 Sponsae
1510 660 1637 708 pater
1657 655 1788 696 inter-

504 722 637 763 venit.

333 788 558 842 Repudio,
578 789 699 842 quod
718 789 955 829 consilium
974 790 1162 842 primum
1185 791 1465 831 intenderam.

334 855 439 896 MY.
463 856 631 897 Nescio
654 857 760 910 quid
782 870 946 897 narres.
979 858 1072 898 DA.
1096 857 1188 909 Ego
1210 871 1385 923 quo-que
1404 858 1505 898 hinc
1527 858 1582 898 ab
1605 857 1790 898 dextera

333 923 500 966 Venire
521 937 590 964 me
613 924 913 965 assimulabo:
945 930 1010 974 tu,
1030 928 1078 965 ut
1101 926 1355 966 subservias
1731 924 1789 965 20

336 991 552 1040 Orationi,
583 995 828 1045 utcumque
849 1004 961 1044 opus
984 992 1041 1032 sit
1062 992 1225 1040 verbis,
1248 993 1363 1033 vide.

334 1111 363 1141 ei
377 1111 501 1150 subjice.
546 1112 623 1143 MY.
649 1111 853 1147 Quamobrem
869 1112 980 1151 tuipse
996 1112 1052 1142 hoc
1061 1122 1120 1143 non
1129 1110 1243 1148 facis?
1287 1112 1316 1142 D
1325 1121 1356 1143 Α.
1383 1113 1478 1151 Quia,
1489 1113 1517 1143 sz'
1524 1112 1613 1150 forte
1625 1123 1699 1153 opus
1711 1112 1789 1143 mihi

334 1154 376 1184 sit
383 1153 557 1194 jusjurare,
571 1155 643 1185 hero
659 1155 693 1185 id
715 1155 872 1193 exigente,
888 1154 922 1185 id
945 1158 1028 1185 certo
1044 1158 1074 1185 et
1088 1155 1205 1185 sincere
1223 1154 1333 1192 facere
1356 1156 1484 1195 possim.
1531 1156 1608 1187 MY.
1632 1155 1791 1193 Intelligo.

339 1196 430 1228 Unde
445 1207 522 1228 nova
535 1197 598 1227 ista
612 1197 723 1235 religio
739 1198 821 1227 venit
838 1196 896 1228 tibi
911 1197 944 1227 in
961 1200 1091 1228 mentem
1104 1195 1118 1227 ?
1153 1199 1224 1228 DA.
1249 1198 1392 1234 llIatura,
1409 1201 1443 1228 ut
1458 1199 1532 1238 quid
1545 1201 1650 1238 postea
1664 1202 1791 1228 actia-us

333 1248 402 1269 sum
428 1240 598 1278 intelligas.
647 1240 731 1269 Proh
745 1238 898 1279 Jupiter!
945 1240 1022 1270 MY.
1049 1240 1134 1274 Quid
1150 1243 1193 1269 est
1209 1237 1224 1270 s?
1271 1242 1339 1270 DA.
1363 1240 1491 1280 Sponsae
1516 1240 1675 1280 Pamphili
1701 1244 1791 1280 pater

336 1282 481 1312 Chremes
496 1283 675 1319 intervenit,
693 1284 765 1312 ditm
781 1283 941 1322 loquimur.
975 1282 1099 1320 Abjicz‘o
1115 1283 1286 1321 consilium,
1302 1284 1380 1322 quod
1391 1283 1526 1322 primum
1542 1286 1613 1314 ante
1626 1284 1792 1313 adventum

334 1323 400 1360 ejus
415 1334 566 1364 ceperam.
612 1325 689 1355 Μγ.
714 1325 827 1354 Nescio
853 1325 928 1364 quid
943 1334 1062 1355 narres.
1109 1325 1178 1354 DA.
1201 1325 1271 1363 Ego
1287 1335 1404 1365 quoque
1427 1325 1498 1355 hinc
1513 1336 1531 1355 α
1556 1327 1668 1356 dextra
1690 1328 1792 1365 parte,

334 1376 394 1405 qua
409 1367 493 1398 venit
512 1368 667 1405 Chremes,
690 1377 737 1397 me
752 1368 857 1397 venire
871 1367 1030 1397 simulabo.
1081 1367 1127 1396 Tu
1142 1367 1221 1405 victe,
1239 1371 1270 1398 ut
1295 1368 1530 1407 quibuscumque
1545 1367 1659 1406 verbis,
1682 1367 1792 1407 quibus

335 1418 410 1450 opus
425 1411 498 1449 erit,
513 1410 698 1449 subseri-um,
713 1413 743 1440 et
758 1411 927 1440 commodes
940 1409 1076 1440 orationi
1091 1420 1178 1440 meze.
1218 1410 1250 1440 M
1261 1418 1294 1442 Υ.
1320 1411 1390 1449 Ego
1405 1410 1484 1441 nihil
1496 1409 1649 1450 intelligo,
1665 1411 1738 1450 quid
1755 1414 1789 1441 tu

945 1503 1181 1515 eeeeeeeeeeee

334 1569 461 1610 legitur
475 1579 559 1600 sume
571 1580 581 1600 .-
595 1569 705 1609 qualis
722 1568 850 1608 ellipsis
865 1568 1108 1600 festinantibus
1126 1574 1178 1600 est
1193 1569 1341 1610 propria.
1361 1569 1549 1601 west—12
1563 1569 1620 1600 Ob
1631 1578 1789 1600 numeros

333 1612 492 1643 meliores
508 1612 562 1642 ‘id
578 1611 585 1623 ’
609 1621 695 1652 pone
709 1617 783 1651 post
800 1615 808 1628 ‘
825 1615 921 1642 tute-³
942 1612 1040 1643 Bent.
1065 1612 1211 1644 Quidam
1225 1613 1309 1643 Mss.
1324 1617 1358 1642 et
1371 1612 1540 1643 editorum
1554 1611 1791 1652 antiquissimi,

334 1658 402 1686 tute
413 1655 490 1694 ipse.
507 1655 615 1685 VVest.
665 1655 742 1684 Tute
762 1654 795 1684 id
813 1655 912 1685 Both.
930 1654 1022 1686 Perl.
1069 1655 1114 1684 Ei
1130 1660 1205 1695 post
1229 1656 1237 1671 ‘
1252 1654 1369 1686 subst.’
1386 1654 1502 1686 Guelf.
1518 1657 1550 1686 3.
1600 1655 1643 1685 Ei
1660 1664 1721 1694 pro
1738 1664 1789 1684 eus

335 1697 395 1728 dat
406 1698 510 1728 Both.
523 1698 580 1738 qui
599 1701 693 1727 notat
710 1706 759 1726 eas
775 1697 883 1726 minus
907 1697 994 1727 bene
1011 1701 1184 1728 esse.-—l3
1210 1699 1275 1728 Do.
1301 1697 1385 1736 legit
1402 1697 1587 1735 J'urandum.
1632 1696 1728 1727 Idem
1753 1697 1787 1727 in

334 1739 538 1781 quibusdam
564 1740 649 1770 Mss.
673 1745 709 1770 et
735 1739 909 1778 impressis
940 1740 1078 1779 legitur,
1107 1739 1369 1781 defenditurque
1399 1740 1442 1770 ab
1475 1739 1720 1780 Antesignano,
1745 1740 1789 1770 ob

334 1787 480 1813 metrum
504 1783 651 1813 scilicet.
698 1781 989 1819 Aliijmejzwamlo.
1016 1782 1119 1813 West.
1165 1783 1374 1820 Jurejuramlo
1398 1782 1440 1813 G.
1460 1782 1539 1813 EM.
1584 1782 1633 1813 Id.
1654 1782 1688 1812 in
1705 1782 1789 1813 Add.

338 1826 380 1857 R.
411 1824 641 1864 jusjurandum.
664 1824 764 1854 Lind.
805 1825 982 1854 Jnramlum
1009 1828 1062 1855 est
1091 1834 1155 1855 vox
1179 1825 1285 1855 nihili.
1330 1825 1472 1860 Omnes,
1489 1834 1572 1865 quos
1602 1824 1671 1855 vidi
1688 1824 1789 1855 codd.

336 1867 465 1899 habent
480 1868 710 1908 jusjurandum,
728 1872 855 1906 praeter
873 1877 972 1897 unum
991 1866 1234 1905 academicum,
1249 1867 1305 1897 ubi
1323 1873 1374 1897 est
1390 1867 1608 1905 jurejurando.
1653 1867 1737 1905 Nos,
1751 1870 1792 1897 ut

337 1910 451 1941 versui
480 1910 686 1947 medeamur,
709 1910 889 1949 legendum
915 1918 1092 1940 censemus
1112 1909 1233 1948 jurato,
1261 1910 1350 1950 quod
1372 1909 1491 1940 eodem
1516 1909 1642 1940 dicitur
1676 1908 1790 1946 modo,

336 1963 403 1994 quo
429 1951 518 1983 infra
544 1954 552 1969 ‘
569 1952 783 1987 transcurso?
821 1953 909 1982 Hec.
929 1960 983 1982 111.
1009 1955 1041 1981 4.
1075 1953 1126 1982 17.
1149 1953 1245 1982 Bcnt.
1289 1953 1403 1982 Jurato
1433 1951 1572 1982 exhibet
1598 1951 1700 1982 Both.
1732 1951 1790 1991 qui

335 2000 435 2026 notat
452 1995 597 2036 pessime
615 1995 681 2035 legi
700 1995 794 2031 Quia,
812 2000 846 2024 et
864 1995 922 2024 dat
954 1994 1138 2028 Quin.——l5
1164 1995 1250 2024 Edd.
1282 1994 1454 2025 vetustiss.
1505 1994 1594 2025 Unde
1607 2003 1686 2024 nova
1708 2003 1789 2024 nuile

334 2038 447 2077 religio
462 2039 495 2069 in
511 2041 541 2068 te
562 2037 670 2068 isthoec
685 2036 838 2068 incessit?
861 2037 927 2067 Sed
952 2042 987 2066 et
1004 2037 1051 2066 ita
1077 2037 1160 2067 Mss.
1184 2037 1320 2077 quidam
1347 2036 1523 2067 exhibent.
1553 2036 1654 2068 W‘est.
1700 2037 1789 2067 Dele

335 2081 379 2112 in.
398 2080 487 2121 quod
505 2085 676 2119 repugnat
701 2080 772 2110 usui
791 2082 798 2096 ‘
811 2078 1004 2109 incessere!
1029 2079 1126 2109 Beni.
1158 2079 1198 2110 In
1213 2083 1243 2110 te
1260 2079 1395 2110 incessit.
1439 2079 1517 2109 Hoc
1532 2079 1670 2110 verbum
1686 2078 1790 2109 variis

337 2123 448 2153 modis
472 2123 706 2153 construitur:
731 2122 864 2162 Religio
880 2121 1018 2152 incessit
1033 2130 1097 2159 nie,
1114 2121 1206 2158 milii,
1223 2126 1257 2153 et
1274 2122 1307 2152 in
1324 2131 1387 2152 me.
1411 2121 1453 2152 R.
1470 2121 1514 2152 D.
1558 2121 1598 2152 In
1611 2124 1642 2152 te
1657 2121 1710 2152 ist.
1731 2122 1789 2151 rel.

334 2165 459 2196 incessit
474 2164 489 2195 Ι
505 2165 610 2196 Cedo!
623 2165 722 2195 Both.
749 2165 917 2195 Punctum
934 2164 1115 2194 maximum
1133 2163 1191 2194 dat
1206 2164 1300 2195 Perl.
1313 2163 1501 2204 post‘cedo
1512 2163 1532 2195 :’
1547 2168 1583 2194 et
1597 2164 1645 2194 sic
1656 2164 1716 2194 ΒΓ.
1729 2163 1787 2204 qui

335 2208 493 2238 (latidem
512 2213 588 2248 post
604 2208 613 2224 ‘
631 2206 880 2238 incessit.'—17
900 2206 984 2241 Quid
996 2210 1040 2236 est
1057 2211 1149 2236 recte
1166 2207 1292 2237 habeut
1307 2216 1421 2237 omues
1446 2205 1546 2238 codd.
1558 2205 1656 2237 Bent.
1704 2206 1789 2242 Quid

336 2253 382 2280 est
398 2251 457 2281 Fa.
473 2260 515 2280 ex
533 2260 563 2280 o.
575 2250 595 2279 l.
613 2259 640 2280 s.
684 2250 760 2280 Non
776 2249 911 2280 habeti.
930 2249 1033 2288 antiq.
1056 2249 1143 2279 Peri.
1168 2249 1273 2279 Delet
1285 2252 1330 2279 est
1345 2249 1536 2280 Bot11.-—18
1557 2249 1640 2279 Mss.
1655 2253 1691 2280 et
1706 2248 1794 2280 editi

336 2293 471 2333 quidam
491 2292 857 2331 vetusti,p1·ius.West.
905 2291 995 2326 Quod
1009 2291 1170 2321 consilium
1185 2292 1305 2322 colloc.
1322 2291 1405 2323 libb.
1423 2292 1554 2332 antiqq.
1588 2291 1644 2323 ΑΙ.
1661 2291 1786 2323 invert.

337 2345 418 2366 cons.
436 2337 526 2374 quod.
550 2335 643 2364 Peri.
689 2334 778 2368 Quoi!
799 2334 935 2373 primum
958 2333 1089 2372 intendi,
1110 2333 1180 2371 jam
1203 2334 1364 2364 consilium
1389 2333 1514 2374 repudio
1532 2334 1633 2365 Both.
1681 2334 1789 2364 Primo

337 2377 454 2409 Guelf.
485 2380 603 2408 1.--19
627 2377 711 2407 GM.
735 2386 855 2413 narras,
881 2376 989 2405 miuus
1016 2376 1147 2406 Latine.
1175 2376 1347 2407 Peri—20
1375 2376 1417 2406 Ut
1446 2376 1573 2407 omittit
1597 2375 1786 2407 Enim-21

338 2420 426 2460 Opus
448 2421 481 2451 in
497 2420 596 2450 Thesi
628 2423 734 2450 totum
763 2419 966 2450 occultatur.
1012 2418 1116 2457 Lege,
1143 2417 1245 2458 opu’st
1266 2419 1347 2450 verb.
1371 2419 1561 2450 BentleiuS.
1606 2418 1678 2450 Sit.-
1700 2419 1787 2451 GM.

988 2497 1133 2529 NOTAE

382 2567 421 2596 14
444 2563 593 2603 Liquido]
617 2563 625 2579 ‘
646 2562 789 2603 Liquido
805 2562 950 2603 jurare,’
973 2563 981 2580 ‘
997 2563 1036 2593 li·
1089 2563 1265 2594 dulentum
1283 2563 1356 2604 ejus
1374 2562 1547 2594 consilium
1563 2561 1672 2603 Mysis
1688 2562 1789 2594 intel-

336 2615 439 2656 quido
463 2613 604 2652 dicere,¹
633 2619 686 2643 est
717 2623 815 2654 pure,
842 2612 1037 2653 manifeste,
1088 2613 1199 2651 ligat:
1224 2623 1297 2653 quae
1315 2622 1418 2643 causa
1433 2616 1497 2652 est,
1512 2616 1550 2643 ut
1567 2621 1607 2642 ea
1623 2612 1657 2642 in
1678 2611 1788 2643 Scena

337 2669 469 2707 aperte,
485 2668 594 2702 certo,
610 2663 758 2694 omnino.
1089 2663 1242 2703 proxima
1268 2667 1395 2703 praeter
1425 2671 1495 2693 rem
1525 2662 1623 2693 Davo
1647 2671 1790 2702 respon,-

379 2719 420 2748 21
450 2717 621 2755 Utcumque
646 2724 720 2754 opus
740 2714 785 2745 sit
807 2713 922 2753 verbi-s]
946 2713 1034 2745 Haec
1088 2712 1183 2752 deat,
1198 2722 1238 2744 ac
1254 2711 1326 2744 fere
1343 2712 1466 2753 prodat
1489 2711 1596 2752 ipsius
1619 2721 1789 2744 cominen-

337 2767 456 2799 dicens
481 2767 596 2797 Davus
620 2764 701 2805 abit,
727 2764 920 2805 priusquam
946 2762 1036 2794 frau-
1089 2767 1172 2794 tum.
