1903 3306
540 237 602 266 DE
635 236 832 267 ConHCIS
868 237 1121 268 vERsmcs.
1465 235 1548 276 173

98 333 218 383 longa
249 338 288 370 et
318 330 424 368 brevi
454 330 591 376 scribe,
622 343 747 376 musa,
775 331 904 369 verba.
963 331 1049 370 Hoc
1080 332 1248 371 iambum
1266 346 1343 371 non
1365 334 1546 384 admittit,

98 393 425 446 quemadmodum
445 406 572 443 neque
591 394 629 430 in
648 394 851 432 iambicum
873 395 1066 433 trochaeus
1096 395 1325 447 ingreditur.
1383 398 1466 435 Etsi
1488 414 1548 438 re-

96 459 240 509 peritur
257 457 371 496 etiam
391 459 431 494 in
452 456 602 494 Graecis
621 459 816 508 τροχα’ἰκὸν
832 460 1071 509 τετράμετρον
1087 462 1362 506 καταληκτικὸν,
1381 462 1419 498 in
1436 464 1547 515 eujus

98 529 236 573 quarto
256 522 344 559 loco
363 520 518 572 ponitur
537 520 702 566 iambus,
723 528 766 558 ut
784 521 821 557 in
842 521 1005 559 Nebulis
1023 535 1032 559 z

140 583 200 632 ‚³ss
219 586 410 634 θεώμενοι,
443 591 579 632 κατερῶ
599 587 685 633 πρός
705 583 743 632 γ’
761 586 854 635 ὑμᾶς
877 586 1087 636 ἐλευθέρως.
1145 586 1269 638 quue
1302 588 1547 629 Εὑπολίὸειον

96 649 307 687 ἀσύστατον
328 654 527 686 vocarunt.

150 711 227 750 Sed
247 711 369 750 multo
389 711 532 762 majore
551 710 710 748 licentia
729 711 856 748 Latini
874 713 934 749 usi
954 712 1123 760 fuerunt,
1143 720 1182 752 et
1201 714 1361 765 passim,
1381 722 1424 753 ut
1439 717 1546 755 vide-

93 782 169 822 tur,
187 775 433 813 inseruerunt
450 775 613 811 iambos.
660 774 816 812 Docent
836 782 966 813 autem
986 776 1041 813 ita
1059 777 1139 815 fieri
1159 778 1233 815 hoc
1252 792 1421 825 carmen,
1441 780 1472 817 si
1494 780 1545 818 ad

94 839 288 877 senarium
306 838 512 877 iambicum
533 836 724 874 addamus
744 838 928 883 creticon,
961 840 1027 889 qui
1046 842 1290 892 ἀμφίμακρος,
1311 842 1351 880 id
1371 852 1444 890 est,
1466 843 1546 894 syl-

93 902 183 940 laba
201 901 320 952 longa
338 902 462 939 brevis
482 901 622 952 longa:
652 908 696 939 ut
725 905 734 922 ‘
749 902 921 948 aurifex,’
951 902 1024 941 hoc
1043 903 1160 942 modo
1179 918 1188 942 :

681 1008 837 1015 ----
859 987 923 1024 Dii
942 988 1030 1025 boni

254 1051 354 1090 Boni
374 1050 467 1102 quid
487 1061 598 1102 porto
615 1063 625 1093 ;
657 1050 725 1088 sed
745 1051 809 1089 ubi
829 1051 1023 1089 inveniam
1037 1018 1321 1104 ,Pamphilum2

95 1117 168 1155 Et:

731 1199 1045 1210 ———-———-
1069 1182 1198 1220 Laetus
1220 1189 1292 1226 est,

252 1243 398 1282 Nescio
417 1242 509 1294 quid
527 1256 536 1280 :
568 1242 661 1279 nihil
681 1249 762 1280 est:
793 1242 968 1280 nondum
986 1243 1073 1283 haec
1092 1245 1248 1284 rescivit
1266 1246 1384 1285 mala.

91 1333 152 1371 Ita
169 1332 242 1370 hos
261 1342 442 1368 numeros
461 1328 728 1381 composuisse
749 1328 1023 1367 Archilochum
1043 1330 1260 1381 perhibent,
1292 1338 1408 1382 atque
1428 1334 1476 1371 ab
1497 1347 1543 1372 eo

89 1401 224 1449 μέτρον
243 1395 512 1446 Ἀρχιλόχειον
532 1393 693 1431 dictum.
751 1392 830 1430 Sed
849 1393 925 1431 hoc
944 1406 1021 1431 non
1042 1402 1243 1432 servarunt
1262 1396 1414 1443 comici,
1445 1411 1543 1449 prae-

90 1462 219 1499 sertim
238 1458 376 1504 Latini,
397 1464 440 1495 ut
459 1456 671 1495 secundam
692 1456 883 1507 syllabam
898 1457 1053 1494 brevem
1070 1470 1222 1508 semper
1235 1458 1418 1507 facerent,
1436 1462 1543 1512 quod

89 1529 327 1575 praeceptum
348 1522 397 1560 de
417 1521 558 1560 cretico
580 1520 747 1571 subjicit,
765 1533 853 1557 cum
874 1520 912 1557 in
934 1520 1008 1558 hoc
1023 1533 1135 1558 versu
1156 1522 1298 1572 ubique
1318 1524 1542 1575 reperiatur,

91 1586 284 1639 dactylus,
304 1591 543 1636 anapaestus,
565 1582 790 1635 spondaeUS,
809 1583 1021 1630 trochaeus,
1040 1584 1264 1637 τρίβραχυςε

196 1682 347 1732 Apage,
368 1692 447 1718 non
466 1678 597 1729 placet
615 1690 677 1715 me
695 1677 771 1715 hoc
793 1678 918 1715 noctis
939 1691 1052 1717 esse:
1083 1681 1233 1718 eoenavi
1251 1681 1382 1719 modo.

198 1744 303 1789 Quid
324 1745 355 1781 si
375 1756 448 1795 ego
468 1743 574 1780 illum
595 1741 748 1779 tractim
768 1749 927 1792 tangam
948 1749 992 1780 ut
1011 1743 1203 1782 dormiat?
1233 1746 1458 1785 servaveris.

195 1809 431 1846 Exossatum
452 1819 495 1844 os
517 1819 604 1844 esse
624 1813 790 1856 oportet,
805 1819 919 1857 quem
940 1808 1058 1857 probe
1077 1809 1327 1858 percusseris.

195 1871 378 1918 Facinus,
399 1870 575 1921 nequiter
593 1869 702 1907 ferire
720 1869 862 1906 malam
883 1870 984 1907 male
1006 1870 1121 1908 discit
1140 1884 1291 1909 manus.

194 1935 280 1973 Illic
298 1935 415 1972 homo
435 1947 495 1971 me
516 1933 777 1986 interpolabit,
804 1947 1010 1985 meumque
1030 1949 1073 1973 os
1094 1936 1217 1986 finget
1237 1936 1378 1974 denuo.

89 2029 133 2066 In
153 2029 334 2067 fineesse
355 2034 445 2066 ante
466 2031 662 2075 κατάληξιν
688 2027 804 2065 debet
837 2028 1045 2074 trochaeus,
1077 2035 1119 2066 ut
1151 2029 1332 2067 carminis
1355 2030 1450 2068 ratio
1473 2043 1540 2081 ap-

87 2099 235 2143 pareat,
255 2092 326 2130 sed
344 2092 533 2143 reperitur
551 2097 590 2129 et
607 2091 831 2142 τρίβραχυςῑ
863 2098 927 2129 ut:

194 2184 300 2227 Quid
321 2184 362 2222 id
382 2184 552 2235 exquiris
573 2191 628 2231 tu,
649 2184 714 2234 qui
735 2184 876 2235 pugnis
899 2196 942 2221 os
962 2196 1124 2222 exossas
1143 2183 1378 2224 hominibus.

88 2260 138 2297 Et
157 2259 438 2310 Aristophanes
456 2272 465 2296 :

182 2342 234 2381 Ὦ
254 2345 455 2395 σοφώτατοι
474 2345 616 2388 θεαταὶ,
639 2342 744 2393 δεῦρο
765 2344 828 2381 τὸν
850 2352 936 2382 νοῦν
957 2349 1173 2397 προσέχετε.

89 2438 202 2490 Saepe
219 2445 349 2477 autem
369 2437 610 2488 multumque
629 2437 690 2475 usi
710 2437 814 2475 fuere
835 2437 909 2475 hoc
925 2439 1091 2477 carmine
1109 2437 1356 2477 Archilochio
1374 2440 1537 2486 Comici,

87 2509 126 2540 et
157 2502 223 2540 illo
255 2501 439 2552 plurimas
460 2501 805 2539 sermocinationes
827 2509 1141 2552 composuerunt.
1200 2503 1260 2540 De
1280 2503 1366 2540 aliis
1389 2505 1539 2553 generi-

87 2567 159 2604 bus
180 2565 274 2616 quid
293 2565 434 2612 dicam,
467 2572 534 2602 aut
562 2565 758 2616 quomodo
779 2566 816 2603 in
838 2566 985 2604 Latinis
1007 2565 1221 2604 Comoediis
1241 2566 1423 2613 indicem,
1458 2581 1537 2604 non

86 2629 222 2667 habeo.
280 2628 365 2666 Etsi
397 2629 576 2674 Sisenna,
610 2629 798 2667 referente
820 2630 977 2675 Rufino,
1009 2630 1290 2680 anapaesticum
1316 2640 1478 2667 metrum
1499 2633 1537 2668 in

87 2692 297 2731 AulularIae
318 2692 486 2744 quadam
509 2706 628 2730 scena
647 2705 733 2731 esse
754 2693 864 2740 dixit,
895 2693 963 2731 sed
994 2694 1193 2732 concisum
1221 2694 1288 2739 ita,
1319 2702 1361 2732 ut
1381 2707 1459 2731 non
1479 2695 1536 2731 in-

86 2756 297 2807 telligatur.
346 2756 390 2793 ln
410 2756 469 2794 his
492 2756 608 2807 igitur
627 2769 698 2795 nos
719 2757 862 2795 frustra
882 2764 1069 2808 torquere,
1098 2757 1313 2808 praesertim
1334 2764 1412 2795 tam
1433 2757 1535 2794 foede
