1903 3306
340 216 427 258 364
838 227 877 256 P.
909 226 1148 257 TERENTH
1184 225 1300 257 ΛΡΜ

340 322 453 363 Eam
470 334 656 363 uxorem
677 321 820 362 ducet.
883 320 986 362 MY.
1008 319 1082 361 Au
1100 322 1108 359 !
1139 321 1357 373 obsecr0;
1389 332 1536 361 annon
1558 319 1671 362 civis
1693 316 1811 362 est?

341 389 430 430 CH.
461 389 490 431 J
495 389 741 431 ocularium
762 390 807 430 in
828 389 993 430 malum
1014 389 1202 429 insciens
1220 401 1349 442 paene
1369 387 1521 428 incidi.
1746 372 1810 475 «k

340 456 436 497 DA.
467 456 583 506 Quis
602 457 674 497 hic
690 457 913 510 loquitur?
946 469 973 496 o
995 454 1193 505 Chreme,
1215 468 1294 509 per
1312 460 1491 508 tempus
1512 455 1712 497 advenis.
1777 455 1779 457 ’

339 521 571 565 Ausculta.
603 523 694 565 CH.
714 523 883 565 Audivi
898 522 994 576 jam
1015 523 1175 563 omnia.
1206 521 1301 562 DA.
1320 520 1449 562 Anne
1468 526 1518 562 tu
1538 521 1713 562 omnia?
1742 521 1800 562 45

341 589 429 630 CH.
451 589 633 641 Audivi,
651 592 846 644 inquam,
868 603 895 631 a
915 590 1153 643 principio.
1215 589 1307 630 DA.
1328 588 1555 631 Audistin’
1576 589 1797 630 obsecro?

341 656 463 697 Hem
485 658 651 699 scelera
669 658 677 698 !
708 659 819 698 hanc
832 658 926 712 jam
949 660 1125 711 oportet
1146 657 1192 697 in
1214 656 1456 697 cruciatum
1474 656 1577 698 hinc
1598 655 1757 710 abripi.
1808 678 1813 680 ·

343 724 434 765 Hic
456 725 533 765 ille
555 726 651 766 est!
683 738 770 766 non
791 728 831 765 te
853 724 1012 765 credas
1034 724 1212 765 Davom
1232 723 1402 764 ludere.

342 791 445 832 ΜΥ.
477 792 555 833 Me
575 793 779 833 miseram
797 792 806 833 ἔ
837 792 957 842 nihil,
979 792 1068 845 pol,
1088 791 1191 832 falsi
1213 790 1326 840 dixi,
1346 791 1407 832 mi
1429 803 1585 831 senex.

342 857 430 899 CH.
468 859 585 901 Novi
606 873 695 900 rem
717 872 889 901 omnem
907 873 917 901 :
950 864 1019 900 est
1038 859 1160 900 Simo
1179 859 1298 900 intus
1314 858 1335 898 't
1395 858 1486 899 DA.
1509 857 1601 898 Est.
1745 855 1801 897 50

344 927 446 968 MY.
481 927 552 968 Ne
572 940 642 968 me
664 927 872 981 attingas,
893 927 1085 968 sceleste
1105 939 1115 968 ε
1149 926 1187 967 si
1215 925 1291 979 pol
1313 925 1526 979 Glycerio
1545 936 1633 965 non
1653 923 1802 965 omnia

511 994 624 1035 haec.

343 1061 439 1102 DA.
460 1060 574 1111 Eho,
594 1061 762 1114 inepta,
781 1061 929 1102 nescis
951 1060 1060 1114 quid
1081 1060 1141 1101 sit
1159 1060 1338 1101 actum?
1390 1059 1495 1101 MY.
1517 1057 1609 1109 Qui
1630 1058 1798 1099 sciam?

341 1199 469 1220 uxorem
483 1190 603 1220 ducere.
647 1190 726 1220 MY.
750 1190 830 1229 Eho,
843 1189 893 1220 dic
916 1189 1007 1228 mihi,
1022 1189 1157 1227 obsecro,
1173 1199 1213 1220 an
1230 1188 1413 1230 Glycerium
1432 1197 1493 1219 non
1508 1190 1553 1218 est
1574 1187 1651 1218 civis
1666 1185 1800 1217 Attica?

342 1232 410 1263 Cu.
437 1232 573 1263 Insciens
587 1241 644 1271 ego
657 1242 746 1273 paene
761 1233 858 1264 incidi
872 1233 906 1264 in
923 1231 1094 1273 periculum
1110 1232 1180 1271 joco
1193 1232 1333 1270 dignum.
1378 1232 1451 1262 DA.
1477 1231 1556 1266 Quis
1568 1229 1619 1260 hic
1636 1229 1773 1268 loquitur
1786 1227 1802 1261 2?

342 1284 358 1305 o
390 1274 531 1314 Chreme,
560 1276 711 1306 commode
739 1275 895 1307 advenis!
917 1275 1014 1306 Audi.
1060 1275 1129 1306 CH.
1154 1274 1273 1305 Audivi
1290 1274 1361 1313 jam
1389 1272 1504 1304 omnia.
1548 1273 1616 1303 DA.
1640 1271 1703 1310 Ah,
1728 1273 1801 1302 tune

342 1317 445 1348 omnia
459 1317 633 1350 audivisti?
678 1318 746 1350 CH.
770 1318 902 1358 Audivi,
927 1318 1067 1358 inquam,
1090 1327 1110 1347 α
1131 1317 1297 1357 principio.
1341 1317 1414 1348 DA.
1439 1315 1653 1354 Audivistine,
1679 1313 1802 1344 obsecro

342 1363 393 1391 te?
410 1360 492 1391 Hem
507 1359 649 1391 scelera!
666 1361 762 1392 Hune
777 1361 921 1391 ancillam
939 1360 1158 1400 Glyceriijam
1172 1362 1291 1400 oportet
1304 1358 1338 1391 in
1353 1369 1471 1390 crucem
1484 1358 1602 1389 tollere.
1643 1357 1672 1387 Ο
1689 1355 1777 1396 Mysi
1787 1353 1804 1386 Ι

346 1403 395 1433 hic
417 1404 469 1434 ille
485 1407 530 1434 est
548 1403 705 1441 Chremes,
726 1404 778 1434 vir
800 1404 922 1434 meritis
946 1404 1048 1434 clarus
1059 1413 1071 1440 ;
1095 1412 1132 1433 ne
1155 1405 1191 1432 tu
1213 1403 1320 1432 credas
1339 1412 1392 1432 vos
1413 1411 1479 1432 rem
1501 1400 1613 1431 habere
1627 1409 1696 1430 cum
1710 1399 1802 1430 Davo

343 1455 440 1481 servo,
455 1455 543 1485 quem
565 1446 718 1477 deludatz's
740 1446 828 1477 dolis.
872 1446 950 1477 MY.
967 1446 1023 1476 Me
1039 1445 1181 1476 miseram
1192 1444 1207 1476 Ι
1232 1444 1337 1482 Nihil,
1352 1445 1414 1484 pol,
1431 1443 1501 1474 dixi
1516 1442 1610 1480 salsi,
1625 1441 1670 1473 mi
1683 1439 1804 1472 senex!

345 1488 414 1519 CH.
441 1489 523 1519 Novi
539 1498 604 1518 rem
619 1498 735 1519 omnem
750 1500 762 1525 ,·
777 1490 830 1520 sed
846 1498 886 1519 un
901 1487 987 1519 Simo
999 1487 1082 1518 <lomi
1097 1487 1168 1518 est?
1212 1487 1283 1517 DA.
1307 1487 1373 1526 Itu,
1386 1490 1431 1518 est
1444 1485 1536 1517 domi.
1584 1485 1664 1516 MY.
1688 1484 1740 1514 Ne
1755 1493 1803 1514 me

347 1531 498 1569 attingas,
513 1532 638 1561 sceleste
653 1532 769 1562 Dare!
794 1531 993 1571 &sper-eam,
1019 1530 1047 1561 si
1070 1531 1122 1570 pol
1149 1529 1295 1570 Glycerio
1319 1539 1380 1560 non
1402 1530 1506 1560 omnia
1531 1528 1597 1558 haee
1620 1526 1804 1558 renuntiem.

347 1574 418 1604 DA.
444 1574 510 1604 Eho
525 1574 630 1613 inepta
645 1574 753 1614 nescis,
774 1583 829 1604 cur
851 1574 906 1604 hoc
928 1575 976 1604 ita
996 1573 1038 1604 sit
1060 1582 1080 1603 a
1102 1582 1149 1603 me
1163 1572 1300 1611 factum.
1348 1572 1383 1603 M
1391 1580 1426 1604 Y.
1452 1571 1608 1607 Quomodo
1625 1569 1658 1600 id
1680 1565 1804 1600 scium?

949 1678 1187 1690 eeeeeeeeeeee

348 1735 444 1765 Bent.
492 1733 561 1763 Eho
587 1734 610 1764 l.
628 1732 748 1774 antiq.‘
787 1732 834 1764 At
851 1734 912 1765 Fa.
929 1735 991 1765 Au.
1014 1735 1106 1765 Pei-l.
1154 1734 1223 1764 Eho
1243 1733 1328 1764 dant
1354 1731 1394 1764 Z.
1411 1731 1513 1762 Both.
1539 1729 1635 1761 Perl.
1651 1737 1727 1760 cum
1743 1727 1804 1759 ΒΓ.

347 1779 431 1807 -45
454 1777 669 1807 Taubmauu.
694 1782 730 1806 et
748 1775 843 1808 Liud.
890 1777 954 1815 Ah,
976 1787 1014 1808 ne
1041 1781 1085 1808 tu.
1109 1777 1216 1807 XVest.
1262 1777 1314 1806 An
1332 1776 1397 1807 haec
1422 1777 1457 1805 tu
1471 1774 1512 1805 R.
1536 1773 1631 1804 Lind.
1677 1771 1719 1802 In
1736 1780 1808 1801 om·

347 1819 448 1850 nibus
464 1819 587 1850 nostris
600 1818 786 1857 deestjum,
803 1819 901 1850 male.
949 1819 1109 1850 Ceterum
1126 1819 1239 1858 plures
1256 1824 1292 1849 et
1304 1817 1472 1856 meliores,
1482 1816 1533 1847 An
1545 1816 1610 1846 hoec
1625 1817 1674 1845 tu.
1700 1814 1808 1853 Lego,

347 1862 437 1893 Anne
452 1862 517 1892 hoec
543 1865 589 1893 tu.
613 1862 717 1892 Bent.
763 1861 960 1902 Sequuntur
980 1862 1084 1893 Both.
1113 1861 1205 1893 Perl.
1248 1860 1301 1892 An
1324 1861 1389 1892 haec
1411 1862 1447 1889 tu
1466 1859 1526 1889 Br.
1570 1858 1647 1888 Jum
1672 1856 1771 1887 abest
1787 1865 1807 1886 a

352 1903 597 1935 Guelf.2.——47
612 1903 712 1936 Bodl.
727 1913 793 1934 non
807 1905 960 1944 agnoscit
973 1904 1012 1935 τὸ
1023 1905 1109 1942 hinc,
1135 1903 1196 1934 sed
1213 1908 1249 1934 et
1267 1912 1327 1942 pro
1342 1902 1446 1941 abripi
1461 1900 1545 1939 legit
1560 1899 1672 1939 arripi.
1695 1898 1806 1929 West.

349 1947 432 1977 Hem
449 1946 575 1988 apponi
593 1946 699 1978 debet
715 1947 891 1986 superiori.
918 1947 1012 1978 Bent.
1060 1947 1144 1977 Hem
1157 1946 1205 1976 sic
1222 1946 1256 1976 in
1272 1945 1340 1976 fine
1357 1953 1474 1975 versus
1489 1944 1590 1974 Bent.
1603 1942 1697 1972 Mur.
1741 1940 1806 1972 Ille

348 1993 474 2025 tamen,
492 1990 519 2020 si
532 1998 667 2029 semper
684 1989 718 2019 in
738 1988 805 2020 fine
823 1989 909 2020 hanc
926 1990 1129 2030 particulam
1145 1989 1225 2029 poni
1244 1988 1358 2027 jubet,
1380 1996 1445 2018 non
1471 1986 1535 2017 sibi
1562 1985 1636 2024 ipse
1658 1987 1808 2015 constat.

348 2032 470 2063 Posuit
482 2041 573 2062 nnuc
590 2032 624 2062 in
644 2032 825 2072 principio,
849 2041 937 2063 nunc
954 2032 987 2063 in
1003 2031 1117 2062 medio
1134 2031 1275 2071 pluries.
1297 2031 1387 2061 Perl.
1416 2029 1473 2069 qui
1499 2037 1575 2059 eam
1590 2026 1644 2058 hic
1660 2027 1809 2058 colloca-

348 2075 398 2105 vit
413 2084 490 2106 cum
514 2074 615 2105 Both.
634 2074 674 2104 ad
699 2078 818 2105 nutum
834 2075 1086 2106 Bentleii.-—4S
1110 2074 1274 2120 Plerique
1291 2072 1398 2103 nostri
1424 2071 1566 2109 habent,
1595 2070 1662 2100 Hic
1684 2072 1730 2099 est
1744 2068 1809 2100 ille.

349 2117 451 2148 Bent.
499 2117 563 2147 Hic
578 2120 623 2147 est
638 2117 691 2148 ille
706 2118 775 2148 Do.
820 2116 861 2147 In
876 2118 898 2148 l.
915 2118 1022 2157 antiq.
1059 2116 1124 2147 Hic
1139 2116 1207 2148 illic
1221 2119 1278 2147 est.
1303 2116 1396 2146 Perl.
1406 2114 1462 2155 qui
1475 2112 1557 2144 illud
1576 2113 1637 2143 dat
1651 2121 1726 2143 cum
1744 2111 1805 2142 Br.

352 2164 389 2190 et
401 2160 441 2191 Z.
470 2159 606 2190 Illudere
621 2159 689 2190 Gn.
708 2161 738 2189 1.
755 2163 792 2190 et
809 2159 976 2190 Hel.—50
1001 2160 1225 2190 Pentameter
1242 2162 1308 2197 est,
1324 2158 1387 2188 nisi
1406 2157 1499 2196 legas
1515 2155 1608 2186 Intus
1622 2157 1666 2186 est
1684 2154 1716 2184 in
1729 2151 1807 2185 fine.

352 2202 414 2234 Er.
452 2202 506 2233 Ne
523 2202 613 2232 inter
636 2201 792 2232 senarios
809 2203 897 2232 male
913 2202 1058 2233 dimeter
1080 2206 1116 2232 et
1132 2205 1334 2233 tetrameter
1356 2200 1466 2230 locum
1483 2201 1668 2239 occupent,
1682 2195 1810 2226 dudum

351 2244 442 2285 Guy.
467 2248 503 2275 et
520 2244 575 2275 alii
592 2252 723 2275 versum
740 2242 931 2275 effecerunt
947 2254 1048 2275 uuum
1062 2254 1070 2275 :
1097 2245 1180 2275 Novi
1196 2253 1314 2274 omnem
1328 2252 1416 2273 rem:
1437 2244 1482 2273 est
1498 2240 1585 2272 Simo
1600 2236 1712 2270 intus?
1737 2238 1809 2269 DA.

353 2288 423 2318 Est.
447 2287 526 2317 MY.
551 2287 602 2317 Ne
618 2296 665 2317 me
679 2286 809 2325 attigas.
856 2287 1053 2318 Plautinum
1081 2291 1135 2318 est
1158 2288 1288 2324 attigas.
1333 2285 1425 2317 Hinc
1448 2281 1809 2323 intelligitur‚Davum

352 2329 484 2369 Mysidi
501 2329 651 2360 osculum
677 2329 852 2361 obtulisse,
875 2330 974 2361 Bent.
1020 2328 1201 2360 Accedunt
1231 2327 1335 2359 Both.
1353 2327 1447 2358 Perl.
1475 2325 1539 2357 uisi
1563 2324 1653 2366 quod
1679 2323 1733 2354 hic
1749 2321 1809 2353 dat

352 2373 504 2411 attingus.
549 2372 588 2402 In
613 2371 635 2403 l.
661 2372 766 2411 antiq.
792 2378 843 2402 est
860 2371 923 2402 Sed
937 2374 984 2402 est
1009 2371 1043 2403 S.
1060 2371 1170 2403 i.—52
1195 2371 1303 2402 Pauci
1324 2370 1425 2401 codd.
1442 2368 1571 2400 habent
1589 2367 1675 2403 Quid
1687 2363 1809 2396 sciam?

354 2415 469 2445 Ceteri
486 2415 604 2453 nostri,
631 2418 666 2445 et
691 2414 813 2445 Faiirni
830 2423 955 2453 omnes,
972 2415 1035 2449 Qui
1050 2413 1168 2447 sciam?
1192 2414 1294 2444 Bent.
1328 2412 1393 2448 Qui
1409 2412 1511 2442 Bent.
1555 2410 1623 2442 Sed
1637 2409 1702 2440 hoc
1719 2410 1812 2455 espet

357 2457 488 2488 nescire
505 2466 540 2487 se
556 2456 697 2487 fatentis
719 2457 958 2497 cupientisque
975 2456 1125 2496 edoceri,
1139 2465 1203 2486 non
1219 2454 1479 2493 contemnentis,
1494 2453 1585 2494 quod
1602 2451 1656 2483 hic
1671 2449 1812 2498 requiri-

358 2504 425 2531 tur.
450 2499 548 2531 Both.
586 2499 672 2535 Qui.-
696 2499 744 2530 sic
772 2500 876 2531 Bent.
902 2503 938 2530 et
952 2500 1013 2531 ΒΓ.
1051 2499 1179 2530 Mirum
1206 2504 1273 2539 est,
1287 2498 1345 2539 qui
1362 2498 1464 2529 Bent.
1480 2505 1557 2528 cum
1580 2495 1641 2527 ΒΓ.
1668 2501 1760 2534 saepe
1776 2501 1810 2523 m

974 2578 977 2579 ⁷
1007 2595 1150 2628 NorAE

398 2663 440 2692 43
462 2659 654 2691 Jocularium
677 2660 710 2690 in
730 2660 860 2700 malum]
883 2661 954 2691 Per
969 2659 1056 2691 anti-
1112 2663 1218 2691 retus.

359 2711 506 2752 phrasim
519 2710 643 2741 dictum
658 2721 667 2749 3
683 2710 852 2749 significat
864 2711 953 2741 enim
964 2715 1056 2750 mag*
1153 2713 1194 2740 45
1217 2707 1308 2740 Anne
1331 2710 1365 2738 iu
1379 2704 1497 2745 omnia]
1520 2703 1685 2735 Simulata
1705 2701 1811 2733 admi.

358 2771 435 2793 num
453 2770 492 2793 ac
508 2760 632 2792 serium
647 2760 783 2801 malum,
810 2764 847 2792 ut
863 2764 960 2792 notat
980 2759 1058 2791 Mu·
1112 2759 1224 2799 rati03
1253 2758 1310 2790 alii
1325 2758 1443 2798 legunt
1457 2765 1464 2787 :
1491 2754 1542 2786 ΑΙι
1556 2763 1594 2786 ne
1610 2757 1646 2785 tu
1661 2750 1790 2784 omnia?
