1945 3296
352 223 435 265 108
635 236 760 267 LOCA
798 237 1068 269 MENANDm
1105 238 1164 268 ET
1197 239 1519 271 APOLLODORI

351 328 472 367 fuisse
492 329 683 369 interdum
703 344 772 382 pro
794 332 833 369 P
851 339 1078 382 usurpatam
1098 345 1107 369 ι
1128 339 1171 369 ut
1190 332 1374 383 Byrrhus,
1394 345 1478 384 pro,
1502 332 1688 384 Pyrrhus.
1732 331 1811 372 Ita-

351 405 427 443 que
447 393 526 432 fieri
545 401 689 445 potest,
710 401 753 432 ut
769 408 792 432 a
811 396 960 447 Pyrrha
979 397 1074 433 urbe
1095 408 1238 434 nomen
1259 396 1420 434 ductum
1441 397 1490 434 sit
1511 396 1690 447 Byrrhia‚
1710 396 1812 435 idem

349 469 508 506 prorsus
539 457 674 495 valens
706 458 809 508 quod
843 459 933 496 Car.
969 458 1194 496 Herodotus
1229 459 1268 496 in
1305 460 1474 511 Euterpe
1496 459 1671 498 ostendit
1691 460 1812 498 Cares

348 520 513 559 barbaro
534 520 740 572 servilique
760 522 879 559 fuisse
899 522 1068 571 ing-enm,
1090 529 1130 559 et
1149 522 1199 559 ad
1220 522 1374 573 quidvis
1395 523 1585 561 malorum
1605 523 1811 561 ferendum

350 589 522 633 paratos,
541 584 720 623 mercede
740 585 969 636 proposita:
998 585 1102 623 unde
1124 593 1163 624 et
1182 593 1316 624 natum
1337 587 1582 638 proverbium
1598 600 1613 625 τ
1644 587 1689 624 In
1711 587 1811 624 Care

350 646 590 697 periculum:
623 648 805 695 subaudi,
829 648 973 692 facit03
1003 648 1079 686 hoc
1098 655 1183 687 est:
1214 649 1253 687 in
1273 649 1429 688 homine
1449 657 1517 689 aut
1535 663 1574 689 re
1594 649 1730 688 viliore
1749 650 1813 688 fac

350 709 611 760 periculosam
631 712 921 763 experientiam,
958 712 996 750 in
1018 725 1097 764 qua
1123 713 1155 751 si
1185 726 1322 765 parum
1342 713 1507 753 feliciter
1526 713 1698 760 cesserit,
1733 726 1812 752 non

350 773 516 812 multum
536 774 730 826 dispendii
750 776 1000 828 capiendum.

407 838 528 884 Crito,
551 839 666 883 Quod
686 841 990 879 controversiam
1010 841 1180 882 dirimat.
1237 843 1386 894 Κριτὴς,
1413 842 1550 893 judex,
1583 843 1811 883 arbitrator:

354 905 472 951 κρίνω,
499 902 648 953 judico,
677 904 886 956 interrogo,
920 907 1113 954 examino,
1154 907 1411 958 quaestionem
1444 906 1493 945 de
1526 906 1655 959 aliquo
1674 907 1815 946 habeo.

355 966 458 1004 Sane
479 967 588 1005 Crito
607 968 793 1014 Andrius,
813 969 988 1008 Athenas
1005 971 1179 1017 veniens,
1195 977 1318 1008 totam
1336 970 1452 1022 hujus
1469 970 1685 1009 Comoediae
1706 970 1813 1010 litem

355 1036 395 1068 et
413 1032 714 1070 controversiam
735 1032 900 1080 diremit,
920 1034 1100 1073 indicans
1120 1049 1209 1086 quae
1229 1041 1335 1073 esset
1354 1034 1553 1074 Pasibula.

410 1093 612 1143 Chremes,
640 1095 839 1135 Pasibulae
863 1104 904 1136 et
933 1098 1177 1138 Philumenae
1209 1107 1333 1151 pater,
1367 1113 1500 1139 senex.
1554 1102 1590 1140 A
1611 1103 1815 1150 screando,

356 1157 463 1209 quod
483 1171 596 1198 senes
617 1160 716 1198 tussi
736 1170 954 1213 expurgent
973 1170 1128 1214 pectus.
1184 1164 1443 1216 Χρὲμπτομαι,
1466 1178 1589 1204 screo.

410 1220 649 1274 Glycerium,
675 1226 869 1264 meretrix.
927 1227 962 1264 A
993 1228 1208 1279 voluptate,
1241 1228 1303 1265 vel
1337 1228 1559 1268 dulcedine.
1617 1231 1813 1281 Γλυκερός,

356 1285 495 1325 dulcis.
554 1288 657 1327 Hinc
678 1289 946 1342 Glycyrrhiza,
978 1291 1104 1330 dulcis
1132 1291 1254 1330 radix.
1313 1291 1465 1342 Vulgus
1487 1292 1727 1344 Liquiritiam
1746 1308 1816 1333 vo·

357 1356 435 1389 cat.
502 1351 683 1403 Glycere,
715 1353 829 1404 hujus
861 1355 1062 1407 Glyceres,
1096 1368 1237 1393 nomen
1268 1355 1439 1394 mulieris
1474 1357 1686 1408 proprium,
1717 1359 1815 1398 verti

357 1415 473 1453 etiam
490 1422 634 1466 potest,
656 1416 782 1455 dulcis
801 1431 810 1457 :
839 1418 921 1469 ejus
943 1419 1215 1458 diminutivum
1237 1418 1477 1471 Glycerium,
1497 1419 1706 1460 dulcicula.

411 1479 551 1531 Mysis,
583 1480 739 1519 ancilla.
796 1483 831 1519 A
867 1483 999 1534 Mysia
1030 1484 1170 1534 patria.
1227 1484 1367 1522 Strabo
1387 1484 1504 1522 refert
1524 1485 1726 1536 Mysorum
1747 1498 1817 1538 po·

357 1543 492 1593 pulum
512 1557 636 1595 usque
656 1545 755 1583 adeo
775 1552 1015 1585 contemtum
1034 1547 1167 1594 fuisse,
1199 1554 1243 1585 ut
1277 1547 1479 1598 proverbio
1511 1547 1640 1585 locum
1669 1548 1816 1586 feeerit.

360 1607 407 1645 Id
428 1617 591 1660 usurpat
625 1610 681 1647 M.
701 1610 852 1649 Tullius
883 1611 922 1648 in
958 1611 1146 1649 Oratione
1179 1625 1248 1662 pro
1283 1612 1426 1649 Flacco
1445 1624 1454 1649 :
1485 1615 1494 1632 ‘
1513 1610 1645 1657 Quid‚’
1678 1612 1816 1662 inquit,

360 1675 370 1693 ‘
393 1685 507 1723 porro
527 1673 565 1710 in
587 1674 726 1712 Graeco
749 1687 926 1712 sermone
948 1681 1027 1712 tam
1048 1675 1180 1712 tritum
1201 1682 1316 1725 atque
1337 1675 1573 1713 celebratum
1593 1680 1666 1721 est,
1686 1688 1817 1725 quam,

362 1736 394 1773 si
414 1737 500 1787 quis
522 1737 738 1790 despicatui
760 1738 927 1785 ducitur,
948 1746 992 1776 ut
1012 1738 1217 1790 Mysorum
1238 1739 1396 1777 ultimus
1418 1752 1505 1776 esse
1526 1738 1678 1777 dicatur
1691 1738 1720 1775 ’ζ’

416 1802 570 1851 Lesbia,
591 1804 792 1842 obstetrix.
833 1804 868 1842 A
889 1804 1013 1842 Lesbo
1036 1804 1177 1843 insula.
1217 1803 1425 1842 Rationem
1439 1803 1561 1840 habes
1579 1801 1696 1854 paulo
1713 1808 1816 1841 ante.

517 2082 685 2124 LOCA
717 2081 1088 2132 MENANDRI,
1119 2081 1199 2123 ET
1229 2079 1664 2131 APOLLODORI,

367 2173 492 2207 QUAE
521 2171 862 2204 TERENTIUS
902 2171 1125 2203 LATINE
1163 2171 1263 2202 EST
1301 2168 1818 2202 INTERPRETATUS.

807 2301 1136 2334 SCHREVELIUS
1165 2300 1383 2333 LECTORI.

370 2380 585 2417 SUBJEcm
619 2377 778 2416 editioni
811 2377 1054 2415 Terentianae
1075 2389 1098 2414 a
1118 2389 1159 2414 se
1180 2376 1382 2414 recensitae
1405 2375 1534 2414 Nobil.
1554 2387 1600 2412 ac
1620 2373 1821 2413 celeberri-

368 2456 455 2480 mus
478 2443 581 2480 Dan.
604 2442 788 2480 Heinsius
811 2442 912 2480 Loca
932 2441 1080 2492 aliquot
1101 2440 1322 2486 Menandri,
1353 2453 1441 2490 quae
1461 2438 1664 2476 Terentius
1686 2437 1822 2476 Latine

369 2512 430 2546 est
448 2506 631 2553 imitatus,
651 2520 698 2544 ex
719 2506 949 2544 collectione
970 2505 1139 2543 Andreae
1162 2504 1284 2543 Scotti
1304 2517 1313 2541 z
1342 2515 1414 2540 nos
1446 2503 1492 2540 iis
1521 2502 1598 2540 alia
1615 2515 1663 2540 ex
1682 2501 1822 2540 eodem

370 2570 590 2608 Menandro
611 2570 871 2621 adjunximus,
907 2576 1023 2619 atque
1053 2569 1211 2620 insuper
1241 2580 1288 2605 ex
1310 2565 1563 2617 Apollodoro,
1593 2565 1702 2616 quod
1733 2565 1821 2604 illos

371 2635 470 2673 duos
488 2634 640 2685 proprie
661 2633 832 2672 imitatus
854 2634 968 2672 fuerit
987 2639 1103 2684 atque
1125 2630 1356 2682 expresserit
1375 2629 1513 2675 Poeta,
1544 2627 1650 2679 quod
1676 2641 1724 2666 ex
1745 2629 1824 2666 Co·

370 2699 597 2738 moediarum
618 2698 700 2749 ejus
718 2700 937 2749 ἐπιγραφαῖς
953 2703 1014 2735 est
1029 2697 1288 2734 manifestum.
1328 2694 1387 2731 Ea
1401 2700 1531 2731 autem
1548 2691 1659 2730 nobis
1677 2704 1821 2742 suppe-

372 2762 556 2810 ditarunt,
591 2762 730 2814 partim
764 2768 945 2813 excerpta
975 2761 1163 2800 Grotiana
1201 2773 1248 2799 ex
1282 2756 1496 2810 Tragoediis
1531 2763 1570 2796 et
1603 2755 1813 2796 Comoediis
