1903 3306
347 231 433 272 236
787 243 1039 273 RICARDUS
1075 242 1356 273 BEN'rLfflUS
1392 230 1397 233 “

347 334 527 384 singulis,
566 333 776 373 scandatur
812 335 1012 380 iambicus,
1042 343 1154 373 vetus
1192 334 1412 372 institutum
1447 335 1534 373 est!
1598 335 1648 373 Et
1677 348 1765 373 mox
1783 348 1792 373 ε

348 402 359 418 ‘
378 397 491 435 Unde
522 404 681 449 apparet
712 398 909 436 heroicum
934 398 1096 448 singulis
1118 397 1281 448 pedibus
1304 398 1440 435 scandi
1460 399 1575 436 etiarn
1595 398 1698 449 apud
1718 399 1795 435 Ve-

347 467 447 499 teres
468 462 638 508 solitum‚
662 462 838 500 lamburn
857 469 986 499 autem
1005 461 1133 499 binis!
1188 461 1337 499 Marius
1357 462 1596 508 Victorinus,
1614 476 1654 513 p.
1674 463 1794 499 2497.

349 529 358 546 ‘
377 525 450 564 Per
470 525 749 576 Monopodiam
767 525 851 563 sola
871 524 1077 576 Dactylica
1097 524 1364 569 scanduntur;
1392 538 1460 576 per
1479 525 1686 576 Dipodiam
1706 538 1796 562 vero

348 590 501 627 cetera!
558 589 733 627 Nescivit
761 589 825 627 hic
860 589 1099 627 Bacchiacos
1124 596 1163 627 et
1184 589 1371 635 Creticos,
1403 601 1501 640 quos
1522 589 1636 627 etiam
1657 588 1797 625 Mono-

347 652 465 702 podia
498 653 709 691 dimetitur.
763 652 990 699 Diomedes,
1010 664 1048 702 p.
1070 653 1160 689 503.
1191 652 1369 690 ‘Feritur
1401 652 1575 690 senarius
1608 651 1795 691 iambicus

348 715 576 754 combinatis
595 716 760 768 pedibus
780 716 864 753 ter?
918 715 1171 754 Terentianus
1193 714 1371 763 Maurus,
1389 729 1428 767 p.
1448 718 1566 754 2432.

616 792 772 828 Iambus
793 791 876 841 ipse
896 804 964 828 sex
983 790 1084 828 enim
1104 789 1199 828 locis
1220 797 1363 836 manet,

614 854 665 891 Et
683 853 773 892 inde
792 866 934 891 nornen
952 853 1116 891 inditum
1137 860 1197 890 est
1216 854 1391 891 senario:

616 918 694 956 Sed
715 925 771 956 ter
790 918 931 963 feritur,
950 917 1040 954 hinc
1059 917 1254 954 trimetrus
1275 916 1440 960 dicitur;

614 981 849 1020 Scandendo
869 981 978 1020 binos
999 981 1103 1032 quod
1123 980 1243 1031 pedes
1263 980 1549 1031 conjungimus.

350 1065 454 1103 Ictus
489 1062 696 1102 Percussio
729 1062 890 1106 dicitur;
922 1062 1015 1113 quia
1048 1063 1202 1109 tibicen,
1238 1061 1329 1099 dum
1349 1061 1569 1113 rhythmum
1589 1069 1628 1100 et
1650 1067 1799 1114 tempus

349 1128 635 1174 moderabatur,
664 1133 722 1164 ter
747 1127 785 1164 in
806 1127 1008 1171 Trimetro,
1037 1134 1173 1176 quater
1203 1126 1241 1163 in
1261 1126 1515 1171 Tetrametro‚
1545 1126 1669 1164 solum
1698 1126 1800 1177 pede

349 1193 535 1230 feriebat:
556 1191 693 1240 ’Άρσις
713 1197 841 1228 autem
863 1190 942 1227 sive
975 1189 1150 1227 Elevatio
1183 1189 1428 1240 appellatum
1459 1188 1564 1240 quod
1595 1189 1632 1226 in
1663 1189 1801 1228 iisdem

352 1255 525 1308 syllabis,
560 1254 700 1305 quibus
721 1253 861 1291 tibicen
882 1253 1021 1304 pedem
1042 1253 1375 1300 accommodabat,
1404 1260 1510 1291 actor
1529 1266 1664 1291 vocem
1686 1266 1802 1291 acue-

349 1321 419 1358 bat
438 1333 484 1357 ac
504 1319 679 1357 tollebat.
736 1318 780 1355 In
801 1317 916 1355 Thesi
936 1323 1065 1355 autem
1100 1323 1191 1354 sunt
1224 1323 1363 1354 ceterae
1399 1315 1573 1367 syllabae,
1607 1330 1695 1367 quae
1722 1317 1802 1354 ictu

350 1383 549 1421 destitutae
569 1382 694 1420 minus
714 1381 858 1419 idcirco
879 1380 1100 1418 audiuntur.
1155 1379 1240 1418 Hos
1259 1381 1358 1418 ictus
1382 1380 1462 1418 sive
1493 1382 1630 1430 ἄρσεις,
1658 1393 1801 1431 magno

352 1447 583 1485 discentium
602 1445 821 1491 commodo,
852 1457 922 1482 nos
952 1443 1062 1495 primi
1093 1443 1131 1481 in
1165 1450 1301 1481 nostra
1333 1443 1502 1481 editione
1531 1457 1598 1495 per
1618 1451 1803 1482 accentus

354 1518 489 1549 acutos
510 1509 783 1561 expressimus,
813 1516 889 1547 tres
914 1508 953 1545 in
973 1507 1183 1554 Trimetris‚
1204 1514 1369 1558 quatuor
1390 1507 1427 1544 in
1447 1507 1694 1546 Tetrametris
1712 1520 1721 1545 ε

461 1585 584 1623 Poeta
603 1598 691 1622 cum
711 1585 874 1635 primum
895 1582 1061 1621 animum
1084 1583 1133 1621 ad
1162 1581 1407 1621 scribendum
1427 1580 1589 1633 appulit,

462 1649 505 1686 ld
528 1648 599 1687 sibi
621 1648 753 1699 negoti
773 1647 938 1686 credidit
958 1647 1084 1685 solum
1105 1646 1201 1684 dari.

462 1711 679 1758 Enimvero,
702 1713 824 1758 Dave,
843 1711 897 1748 nil
916 1712 992 1750 loci
1012 1718 1071 1750 est
1091 1710 1267 1762 segnitiae
1287 1724 1413 1762 neque
1434 1709 1636 1757 socordiae,

463 1777 662 1820 Quantum
682 1774 855 1814 intellexi
876 1775 991 1814 modo
1011 1776 1114 1813 senis
1135 1774 1367 1813 sententiam
1390 1774 1438 1812 de
1458 1774 1618 1824 nuptiis.

358 1853 442 1891 Etsi
461 1865 604 1898 revera,
626 1851 732 1902 quod
754 1852 921 1889 Romani
941 1851 1159 1897 voluerunt,
1181 1849 1264 1887 seni
1284 1849 1322 1886 in
1345 1861 1500 1899 quoque
1520 1847 1708 1886 Trimetro
1728 1847 1806 1886 sint

357 1917 488 1960 Ictus;
519 1916 584 1967 qui
606 1917 659 1953 sic
680 1915 838 1966 exprimi
858 1915 1032 1966 possint:

464 1990 587 2029 Poeta
608 1991 696 2028 cum
715 1989 879 2039 primum
900 1988 1068 2027 animum
1091 1988 1141 2027 ad
1163 1987 1412 2026 scribendum
1432 1985 1594 2038 appulit,

467 2055 512 2092 Id
534 2054 605 2092 sibi
627 2052 759 2103 negoti
781 2051 946 2090 credidit
967 2053 1091 2090 solum
1113 2051 1210 2090 dari.
1589 2046 1592 2048 ’

358 2129 500 2168 Verum
520 2129 609 2180 quia
638 2129 674 2165 in
708 2128 863 2178 paribus
896 2127 1007 2173 locis,
1039 2129 1077 2165 2.
1098 2129 1136 2164 4.
1159 2127 1196 2173 6,
1217 2126 1342 2163 minus
1364 2124 1589 2175 plerumque
1609 2123 1809 2161 elevantur

359 2200 398 2231 et
419 2193 616 2237 feriuntur,
646 2204 760 2241 quam
782 2191 820 2227 in
840 2190 1065 2242 imparibus,
1089 2191 1123 2227 1.
1146 2192 1182 2227 3.
1206 2191 1243 2235 5,
1273 2188 1416 2225 idcirco
1437 2199 1504 2225 eos
1525 2199 1629 2224 more
1649 2186 1810 2224 Graeco-

359 2271 441 2294 rum
460 2256 522 2294 hic
541 2255 688 2308 placuit
709 2254 896 2292 omittere.
954 2254 1104 2291 Horum
1125 2259 1254 2290 autem
1276 2256 1506 2289 accentuum
1527 2249 1647 2287 ductu
1667 2249 1716 2299 (si
1735 2263 1810 2287 vox

360 2321 399 2357 in
436 2320 512 2358 illis
547 2319 704 2371 syllabis
745 2326 917 2364 acuatur,
956 2324 995 2355 et
1033 2330 1102 2368 par
1134 2315 1317 2367 temporis
1351 2326 1547 2360 mensura,
1578 2326 1666 2364 quae
1699 2312 1810 2363 pedis

362 2384 574 2421 Ditrochaei
603 2383 665 2420 vel
696 2384 899 2432 Ἐπιτρίτου
921 2381 1089 2431 δευτέρου
1110 2381 1236 2432 spatio
1257 2392 1406 2430 semper
1424 2377 1567 2423 finitur,
1601 2377 1701 2414 inter
1733 2377 1812 2413 sin-

363 2447 477 2498 gulos
498 2454 682 2485 accentus
704 2450 891 2493 servetur)
909 2460 1044 2484 versus
1066 2447 1268 2483 universos
1288 2442 1424 2480 eodem
1444 2440 1561 2478 modo
1579 2440 1701 2478 lector
1720 2439 1812 2477 effe-

362 2518 432 2557 ret,
462 2524 538 2561 quo
559 2511 648 2548 olim
672 2512 718 2547 ab
740 2519 869 2548 actore
890 2510 927 2547 in
950 2523 1067 2547 scena
1087 2509 1137 2546 ad
1157 2508 1290 2545 tibiam
1311 2504 1675 2556 pronuntiabantur.
1724 2502 1812 2541 Hoc

363 2587 517 2625 quoque
538 2573 730 2611 commodi
750 2574 788 2610 in
807 2573 868 2610 his
890 2573 1113 2611 accentibus
1134 2572 1256 2609 lector
1275 2568 1468 2606 inveniet:
1498 2567 1603 2618 quod
1624 2565 1754 2604 statim
1774 2572 1814 2605 et

364 2640 442 2675 ictu
463 2636 565 2675 oculi
585 2636 802 2674 trochaicos
824 2638 870 2673 ab
892 2636 1076 2681 iambicis,
1105 2634 1171 2685 qui
1191 2634 1229 2670 in
1249 2632 1385 2670 eadem
1407 2643 1521 2668 scena
1542 2628 1734 2667 interdum
1754 2628 1813 2667 lo-

364 2713 453 2738 cum
479 2700 637 2745 habent,
665 2698 790 2749 possit
808 2699 1072 2749 distinguere:
1105 2698 1137 2735 si
1158 2702 1341 2734 accentus
1362 2693 1510 2731 scilicet
1528 2693 1568 2731 in
1586 2692 1710 2746 prima
1727 2704 1813 2732 ver-

368 2777 434 2802 sus
456 2763 606 2815 syllaba
625 2769 698 2809 est,
727 2761 912 2801 trochaici
933 2769 1048 2805 sunt;
1080 2762 1137 2801 sin
1157 2760 1298 2804 minus,
1317 2756 1482 2796 iambici.
