1903 3306
571 230 778 262 ANDRiAE.
813 229 920 259 AC‘I‘.
946 229 1017 257 ΙΙΙ.
1051 229 1194 258 sc.11.
1520 219 1604 259 333

157 330 251 372 DA.
294 328 410 380 Quis
433 328 561 380 igitur
580 340 679 367 eum
701 326 757 366 ab
778 325 854 365 illa
875 324 1107 373 abstraxit,
1132 324 1219 363 nisi
1239 336 1317 376 ego
1331 324 1349 363 ’ἱ
1391 336 1491 364 nam
1513 338 1604 365 om-

325 409 407 437 nes
428 408 505 435 nos
525 394 707 448 quidem

157 464 348 514 Scimus,
380 477 514 517 quam
541 464 700 503 misere
728 462 840 502 hanc
862 461 1044 502 amarit:
1083 472 1197 500 nunc
1219 459 1302 500 sibi
1324 471 1506 499 uxorem
1529 472 1606 499 ex-

326 532 448 585 petit.
1552 528 1607 567 40

155 596 390 640 Postremo
411 598 457 639 id
475 598 577 639 mihi
598 598 654 639 da
676 595 849 650 negoti:
870 600 926 659 tg
938 602 1084 638 tamen
1106 595 1222 635 idem
1244 594 1324 635 has
1341 595 1521 648 nuptias

156 665 297 719 Perge
318 666 461 708 facere
481 667 557 715 ita,
578 670 628 706 ut
645 665 783 706 facis:
806 669 848 706 et
867 665 910 705 id
935 677 1063 717 spero
1083 663 1313 716 adjuturos
1338 663 1474 703 Deos.

156 732 224 773 S1.
257 733 400 774 Immo
423 734 495 774 abi
516 734 655 774 intro:
687 733 749 772 ibi
771 745 839 772 me
859 731 1078 786 opperire,
1099 735 1154 779 et,
1175 730 1295 783 quod
1317 735 1473 785 parato
1494 743 1607 783 opus

324 806 409 849 est,
427 813 551 854 para.

156 864 262 907 Non
279 867 454 920 impulit
473 880 557 916 me,
580 867 678 907 haec
700 879 814 906 nunc
838 866 1014 906 omnino
1033 869 1081 906 ut
1101 865 1340 905 crederem.

154 917 445 988 Atqueffffffi'd
468 935 580 985 scio,
601 948 668 983 an,
691 947 792 987 quae
816 934 944 983 dixit,
967 935 1054 973 sint
1074 946 1178 974 vera
1199 933 1360 973 omnia.
1553 933 1610 973 45

155 1000 242 1041 Sed
259 1003 385 1056 pffli
406 1002 564 1055 pendo.
627 1001 744 1059 Illud
765 1001 872 1041 mihi
893 1001 1030 1059 multo
1050 1001 1294 1040 maximum
1312 999 1381 1049 'st,

157 1066 289 1117 Quod
313 1069 418 1109 mihi
437 1057 668 1123 pollicitus*
683 1054 755 1109 vest
775 1068 900 1121 ipsus
920 1059 1091 1120 gnatus.
1151 1068 1286 1108 Nunc
1304 1067 1535 1109 Chremem

156 1135 447 1180 Conveniam:
470 1138 607 1178 orabo
629 1141 760 1190 gnato
781 1148 967 1176 uxorem
986 1149 995 1176 ε
1020 1137 1058 1176 si
1078 1137 1284 1189 impetro,

155 1202 281 1254 Quid
301 1204 412 1245 alias
432 1204 598 1254 malim,
620 1216 753 1257 quam
775 1202 908 1243 hodie
928 1204 1009 1245 has
1032 1203 1127 1244 fieri
1148 1204 1361 1256 nuptias?

155 1325 244 1356 tia-sti
254 1324 270 1356 :²
306 1326 378 1357 DA.
406 1325 484 1360 Quis
498 1325 599 1365 igitur
614 1337 683 1357 eum
697 1336 716 1357 α
733 1325 880 1366 Glycerio
894 1324 1064 1364 abstraxit,
1085 1325 1147 1356 nisi
1166 1335 1222 1364 ego
1232 1324 1248 1357 ,⁷
1271 1326 1357 1356 Nam
1378 1329 1459 1356 certe
1472 1336 1528 1357 nos
1541 1327 1609 1366 qui-

154 1369 222 1399 dem
233 1378 335 1400 omnes
348 1369 470 1405 scimus,
487 1379 578 1409 quam
589 1370 714 1409 perdite
734 1369 785 1399 ille
799 1369 877 1399 hanc
891 1368 1016 1399 amarit.
1062 1367 1097 1397 N
1099 1378 1156 1398 um:
1166 1368 1226 1399 sibi
1241 1372 1512 1409 uxoremssxoptat
1527 1371 1609 1400 duri.

155 1411 329 1450 Postremo,
344 1412 384 1442 da
399 1412 476 1442 mihi
491 1413 523 1442 id
543 1412 675 1451 negotii,
689 1415 724 1442 ut
738 1415 884 1442 caveatur
897 1421 915 1441 ιι
935 1410 1085 1450 positione
1099 1411 1188 1450 pueri
1203 1415 1274 1442 ante
1281 1411 1370 1446 sores
1395 1415 1465 1442 tuas
1477 1422 1487 1442 :
1513 1416 1547 1443 tu
1562 1415 1610 1443 ta-

155 1463 223 1484 men
235 1464 331 1494 perge
345 1463 496 1494 apparare
511 1456 613 1485 omnia
635 1456 674 1485 ad
689 1454 826 1494 nuptias,
854 1457 889 1484 ut
903 1453 988 1491 facis
999 1463 1011 1489 ,·
1033 1456 1064 1483 et
1087 1453 1121 1483 id
1141 1463 1228 1492 spero
1243 1454 1403 1491 adjuturos
1418 1455 1514 1487 Deos.
1559 1455 1610 1486 Si.

156 1496 255 1527 Immo
270 1497 322 1527 abi
336 1497 433 1527 intro.
482 1497 529 1527 Ibi
542 1507 588 1527 me
600 1500 738 1537 expecta,
751 1499 782 1527 et
799 1506 834 1527 ea
849 1505 977 1536 apparu,
991 1505 1058 1535 qua>
1072 1497 1219 1535 apparari
1234 1506 1308 1536 opus
1325 1500 1382 1528 ese.
1426 1498 1535 1528 Davus
1549 1507 1611 1527 nvn

151 1539 308 1579 persuasit
324 1540 413 1575 mihi,
429 1543 463 1569 ut
479 1549 527 1578 ea,
542 1549 610 1580 qua>
631 1540 728 1578 dixit,
755 1539 876 1569 omnino
897 1539 968 1569 huic
991 1540 1168 1569 crederem:
1191 1542 1221 1569 et
1239 1538 1378 1577 sortasse
1405 1541 1520 1579 omnia,
1542 1550 1610 1581 ‹111oe

154 1581 251 1620 dixit,
265 1585 336 1612 sunt
360 1591 452 1617 ver-eu
473 1583 528 1613 sed
546 1583 638 1621 parci
661 1583 716 1612 hoc
732 1581 832 1620 facio.
878 1581 964 1611 Illud-
986 1584 1087 1611 autem
1111 1581 1246 1612 omnium
1270 1581 1397 1621 plurimi
1410 1582 1510 1620 facio,
1532 1584 1611 1622 quod

154 1624 235 1655 mihi
252 1623 318 1665 ipse
322 1624 415 1666 filius
429 1625 585 1664 pollicitus
605 1628 662 1664 est,
676 1634 804 1655 uxorem
818 1634 851 1655 se
870 1627 1075 1664 accepturum,
1091 1633 1180 1663 quam
1194 1625 1310 1655 darem.
1356 1625 1448 1655 Nunc
1467 1626 1609 1656 Chreme-

154 1669 218 1698 tem
232 1668 428 1704 concenium;
451 1677 519 1698 eum
540 1667 631 1698 orabo
654 1671 688 1698 ut
710 1677 839 1698 uxorem
852 1667 960 1708 filiam
985 1668 1037 1697 det
1053 1666 1127 1707 filio
1151 1676 1227 1697 meo.
1272 1667 1312 1698 Id
1332 1667 1359 1697 si
1383 1667 1523 1707 impetro,
1537 1669 1611 1708 quid

154 1711 261 1740 nwlim
270 1710 332 1741 alio
343 1713 490 1750 tempore,
501 1720 593 1750 quam
607 1710 708 1749 hodie,
724 1710 779 1740 has
789 1710 869 1751 fieri
885 1709 1030 1749 nuptias?
1054 1709 1139 1740 Num
1153 1720 1214 1740 non
1229 1710 1355 1740 dubium
1375 1714 1421 1741 est
1437 1711 1523 1750 mihi,
1538 1712 1611 1750 quin

764 1798 999 1811 oetoeeeee‘eo

157 1845 242 1874 —40
264 1843 401 1875 Colloca
416 1844 521 1875 verba
533 1845 600 1876 ita:
624 1844 757 1884 Scimus,
768 1845 846 1876 hanc
860 1855 950 1885 quam
965 1845 1074 1875 misere
1089 1845 1214 1876 amarit.
1229 1844 1331 1875 Bent.
1370 1844 1428 1875 Ita
1443 1844 1504 1876 dat
1520 1844 1611 1875 Peri.

156 1880 285 1916 Misera»
299 1887 443 1918 Br.—-41
468 1887 568 1919 Bodl.
585 1898 651 1919 non
681 1888 834 1929 agnoscit
856 1888 893 1918 τὸ
919 1888 1012 1927 idem,
1036 1897 1144 1928 neque
1172 1888 1226 1918 ed.
1252 1890 1347 1918 1469.
1376 1887 1476 1918 West.
1523 1888 1611 1918 Idem

157 1928 257 1959 abest
270 1938 289 1959 a
305 1928 350 1960 G.
365 1935 400 1960 et
415 1930 496 1960 EM.
519 1931 570 1961 Id.
585 1930 619 1961 in
634 1931 720 1962 Add.
767 1931 868 1971 Lege,
893 1931 999 1961 Postr.
1014 1930 1047 1961 id
1061 1932 1102 1961 da
1114 1931 1191 1961 mihi
1202 1940 1272 1969 neg.
1295 1930 1397 1960 Bent.
1429 1930 1611 1961 Accedunt

157 1970 261 2002 Both.
276 1971 369 2003 Peri.
416 1973 550 2003 Tantum
565 1983 626 2013 pro
643 1978 746 2004 tamen
761 1974 842 2004 idem
858 1972 976 2005 Guelf.
993 1975 1112 2004 1.-42
1136 1974 1179 2005 (3.
1197 1977 1232 2003 et
1258 1972 1376 2004 Leidd.
1405 1982 1501 2012 nnus,
1523 1972 1609 2010 adju-

156 2016 249 2053 tores,
273 2014 440 2054 quomodo
457 2021 491 2045 et
507 2015 561 2046 ed.
579 2018 674 2047 1490.
693 2020 728 2046 et
742 2016 839 2048 Junt.
856 2016 1042 2054 exhibent3
1065 2015 1124 2046 sed
1141 2020 1176 2047 et
1193 2015 1287 2046 itain
1307 2016 1508 2056 quibusdam
1524 2016 1610 2046 Mss.

155 2056 332 2087 invenerat
349 2057 424 2088 Riv.
442 2067 540 2097 quam
559 2059 639 2089 lect.
657 2057 814 2089 defendit
831 2058 920 2098 Guy.
935 2062 1058 2098 utpote
1085 2060 1272 2099 antiquam,
1296 2063 1332 2089 et
1356 2068 1430 2099 quae
1457 2058 1499 2089 ab
1525 2059 1612 2088 anti-

156 2099 230 2139 qnis
244 2099 337 2130 libris
353 2102 507 2131 manarit.
554 2101 611 2131 Fa.
628 2100 661 2131 in
678 2100 773 2131 libris
790 2101 987 2131 recentibus
1004 2101 1051 2131 ita
1077 2101 1145 2141 legi
1167 2100 1332 2139 affirmat3
1357 2101 1389 2131 in
1415 2101 1612 2141 antiquiori-

156 2140 232 2180 bus,
253 2141 425 2180 adjuturos.
466 2143 524 2173 Tr.
550 2143 648 2183 legit,
669 2144 703 2174 id
727 2153 815 2183 spero
839 2143 996 2181 adjutores
1021 2143 1145 2174 habebis
1168 2145 1275 2174 Deos.-
1300 2144 1474 2184 possitque
1503 2143 1611 2175 videri

157 2183 355 2223 graecissare
374 2185 510 2223 locutio,
535 2186 690 2224 adjutores
712 2186 756 2225 id,
779 2196 852 2226 pro,
876 2186 919 2217 ad
944 2186 991 2218 id.
1021 2185 1122 2217 VVest.
1169 2187 1337 2218 Recentes
1362 2186 1483 2217 Faerni
1509 2186 1610 2218 codd.

157 2231 193 2258 et
217 2236 302 2258 unus
321 2233 453 2258 tantum
481 2238 499 2259 e
526 2229 649 2259 nostris
674 2228 805 2259 habent
833 2228 1000 2266 adjutores,
1046 2229 1149 2259 Male.
1174 2229 1270 2260 Bent.
1323 2229 1415 2260 Edit.
1431 2229 1610 2267 adjuturos.-

157 2278 233 2310 quae
251 2275 412 2312 tanquam
428 2280 510 2302 vera
525 2271 628 2302 lectio
644 2272 676 2301 in
693 2271 769 2302 cod.
785 2271 1018 2311 superscripta
1034 2276 1099 2302 est.
1121 2272 1325 2302 Erum—45
1352 2272 1451 2302 Hunc
1470 2281 1518 2302 vs.
1535 2282 1611 2303 esse

157 2312 303 2351 glossam
332 2319 451 2344 censet
479 2313 582 2345 Both.
607 2319 644 2344 et
670 2314 898 2354 respuit.-—47
922 2314 992 2344 Pro
1020 2315 1115 2354 ipsus,
1138 2314 1248 2345 edidit
1274 2314 1374 2345 Bent.
1403 2315 1478 2354 ipse.
1501 2315 1610 2346 Zeun.

155 2354 228 2394 Ipse
243 2355 325 2386 dant
342 2356 398 2387 Br.
412 2356 514 2388 Both.
561 2357 754 2387 Chremetem
770 2355 886 2388 Guelf.
901 2358 1021 2386 2.-48
1044 2356 1123 2387 Alia
1138 2357 1311 2388 distinctio
1328 2362 1380 2388 est
1404 2358 1437 2388 in
1463 2357 1537 2388 cod.
1554 2367 1610 2389 ve-

159 2402 268 2428 tusto:
296 2398 501 2430 Conveniam.-
524 2399 637 2431 orabo.-
655 2402 755 2439 gnato
769 2408 899 2430 uxorem
913 2399 942 2429 si
964 2399 1106 2439 impetro.
1150 2400 1274 2430 Placet
1301 2405 1414 2430 tamen
1443 2400 1610 2431 Prisciani

155 2439 274 2478 lectio,
295 2441 329 2471 id
342 2442 372 2471 si
386 2441 527 2481 impetro.
551 2442 654 2473 Benr.
697 2441 908 2473 Distinctnm
925 2442 1039 2482 recepi
1057 2451 1106 2472 vs.
1125 2451 1144 2471 a
1170 2442 1274 2473 Bent.
1324 2442 1399 2473 Nisi
1424 2443 1535 2473 verior
1560 2448 1612 2475 est

155 2481 333 2514 distinctio
349 2483 422 2514 haec
437 2495 445 2513 ·.
471 2485 680 2515 Conveniam.-
703 2484 816 2515 orabo.-
837 2488 934 2524 gnato
949 2494 1074 2515 uxorem
1089 2484 1117 2515 si
1132 2484 1206 2524 imp.
1253 2486 1372 2516 Lectio
1395 2485 1427 2515 id
1443 2485 1610 2516 Prisciani

156 2530 211 2556 est
226 2535 269 2557 ex
285 2531 431 2567 quatuor
445 2527 545 2557 codd.
569 2527 656 2558 Peri.
697 2527 735 2558 Id
762 2527 882 2558 inserit
904 2527 1094 2558 Rom-49
1117 2527 1208 2558 Alias
1231 2527 1340 2559 editio
1365 2528 1610 2569 Hoogstratani

331 2610 355 2627 ⁰
812 2603 951 2634 NOTAE

201 2668 240 2697 41
267 2666 305 2696 Id
328 2665 405 2696 mihi
420 2667 460 2697 da
485 2666 605 2706 negoti]
629 2666 781 2705 Scilicet,
803 2667 857 2708 (ut
911 2667 1045 2698 mihida
1059 2667 1247 2708 negotii‚ut
1261 2666 1416 2707 efficiam,
1430 2678 1496 2709 quo
1509 2667 1607 2699 Pam=

161 2716 232 2746 vult
242 2715 473 2757 Donatus‚)nt
484 2718 675 2748 caveatur'a
688 2717 855 2757 positione
913 2718 1019 2758 philus
1037 2727 1174 2749 uxorem
1191 2719 1284 2749 velit.

160 2766 258 2805 pueri
281 2772 359 2798 ante
385 2766 518 2798 ostium.
566 2765 634 2797 Alii
652 2766 789 2797 volunt:
814 2766 854 2796 Id
