1903 3306
324 219 410 261 224
814 229 1125 260 FRANcrsous
1160 229 1296 259 HARE

322 323 497 364 ostendit
525 336 613 371 vox,
642 336 828 371 cauneaS‚
862 336 952 362 cum
984 327 1080 361 sono
1114 323 1284 369 referret,
1314 334 1409 360 cave
1438 334 1486 360 ne
1507 333 1596 360 eas:
1627 321 1710 360 Cic.
1732 319 1781 360 de

326 388 456 426 Divin.
475 401 526 426 11.
542 390 608 426 40.

382 452 452 490 His
487 457 617 489 autem
651 448 848 501 principiis
883 461 931 486 ex
964 448 1292 499 pronuntiationis
1322 448 1363 485 in
1395 461 1572 486 sermone
1606 434 1784 486 familieri

325 516 480 553 usitatae
515 521 554 551 et
573 520 759 551 accentus
781 519 919 549 natura
939 511 1126 549 desumtis
1154 511 1288 558 innixi,
1318 512 1489 549 omnium
1510 512 1588 549 fere
1608 511 1784 549 licentia-

326 593 409 616 rum
430 579 568 629 quibus
598 575 747 614 Comici
768 581 917 613 veteres
945 574 1006 612 usi
1043 581 1147 620 sunt,
1180 574 1351 612 rationes
1384 574 1498 612 facile
1518 574 1784 626 expediemus.

327 643 444 686 Quod
463 642 512 680 ad
534 641 634 686 illas,
655 653 745 690 quae
777 638 936 676 alterius
971 646 1063 676 sunt
1083 638 1250 688 generis,
1284 651 1332 675 ex
1362 637 1408 675 iis
1439 637 1554 676 etiam
1585 637 1717 689 plures
1737 651 1786 675 ex

328 706 515 745 sermonis
536 711 575 743 et
591 703 775 754 colloquii
796 709 934 740 natura
954 702 1154 745 ori·untur;
1186 701 1272 739 aliae
1298 701 1466 739 libertati
1498 701 1562 738 isti
1591 701 1786 752 imputan-

327 770 388 808 dae
410 776 501 807 sunt
519 782 607 820 quae
628 767 714 805 aliis
746 766 861 804 etiam
891 765 1016 816 poetis
1053 778 1100 802 ex
1118 764 1229 803 metri
1249 764 1483 802 necessitate
1502 775 1693 801 concessa
1712 771 1786 811 est,

327 846 495 885 quaeque
515 846 561 871 ex
582 845 627 870 eo
645 831 800 883 poetica
829 829 985 868 licentia
1005 828 1160 874 dicitur,
1193 829 1233 866 in
1263 840 1341 879 qua
1371 826 1518 865 Latinis
1552 827 1788 877 praeiverunt

330 898 474 944 Graeei,
508 895 693 948 imprimis
727 906 818 932 vero
855 893 1062 931 Homerus.
1121 891 1213 938 Sed,
1251 897 1294 928 ut
1330 890 1551 930 distinctius
1586 899 1699 941 agam
1738 890 1787 928 de

327 962 492 1000 licentiis
512 961 633 1007 hisce,
654 972 742 1010 quae
763 971 810 996 ex
831 957 1016 995 diuturna
1051 955 1182 993 Plauti
1212 962 1252 993 et
1270 953 1441 992 Terentii
1470 952 1636 991 lectione
1657 954 1788 992 obser·

329 1027 429 1073 vavi,
449 1025 526 1063 huc
546 1025 625 1062 fere
651 1023 831 1061 redeunt.

381 1089 525 1136 Primo,
546 1086 815 1138 monosyllaba
836 1084 999 1135 quaevis,
1035 1096 1081 1121 ea
1109 1082 1326 1135 praesertim
1360 1095 1448 1132 quae
1484 1086 1576 1119 sunt
1607 1080 1789 1131 frequen-

331 1154 438 1193 tioris
466 1153 507 1191 vin
544 1164 721 1190 sermone
742 1162 851 1195 usuS,
886 1162 956 1200 pro
976 1149 1087 1186 libitu
1109 1147 1332 1197 corripiunt,
1365 1146 1456 1185 licet
1475 1147 1605 1184 obstet
1626 1157 1704 1182 non
1727 1157 1794 1195 po-

331 1218 417 1256 sitio
438 1216 569 1262 modo,
592 1215 661 1253 sed
682 1214 720 1251 in
738 1213 939 1252 nonnullis
962 1213 1078 1252 etiam
1098 1211 1243 1250 vocalis
1264 1212 1396 1262 longa,
1417 1209 1477 1248 vel
1511 1208 1788 1260 diphthongus.

333 1281 522 1333 Exemplo
542 1280 622 1320 sint
639 1280 725 1317 haec
743 1292 752 1317 ε

440 1380 463 1405 a
763 1369 830 1401 aut
1137 1362 1186 1399 ob
1511 1357 1617 1409 quod

439 1432 488 1468 ab
765 1427 853 1465 dein
1136 1438 1203 1475 per
1509 1422 1574 1461 hic

440 1495 508 1532 abs
765 1503 786 1527 e
1140 1486 1210 1525 sed
1509 1485 1597 1524 haec

441 1557 492 1596 ad
764 1566 812 1591 ex
1135 1551 1196 1588 vel
1507 1549 1584 1588 hoc

443 1635 492 1659 an
767 1615 872 1654 haud
1139 1623 1183 1653 ut
1510 1613 1602 1651 huic

443 1691 484 1723 at
767 1681 805 1718 in
1142 1679 1239 1730 proh
1511 1677 1621 1716 hune

444 1756 484 1787 et
768 1758 840 1782 nee
1142 1743 1208 1794 qui
1511 1740 1614 1779 hanc

443 1812 522 1863 atq'
537 1811 631 1863 (vel)
645 1822 688 1848 ac
769 1821 873 1846 nunc
1142 1805 1237 1858 quid
1515 1804 1591 1843 hoc
1609 1804 1722 1855 (abl.)

388 1889 463 1927 hac
1332 1924 1357 1944 Ο
1523 1919 1538 1951 t

392 1953 471 1990 huc
836 1959 924 1985 cum
1031 1960 1110 1984 rem
1333 1948 1358 2003 Ξ
1478 1926 1538 2015 est
1570 1977 1579 1991 ‚

392 2016 484 2053 hinc
837 2011 930 2048 dum
1036 2023 1154 2060 quum
1282 2015 1306 2063 g
1322 2002 1372 2062 ξ’
1479 1990 1520 2014 es
1542 1991 1573 2078 ΓΞ

395 2078 487 2116 mihi
503 2075 692 2127 (monos.)
836 2075 925 2112 hem
1035 2086 1149 2124 quem
1282 2067 1320 2125 Ξ,-
1336 2068 1360 2117 g
1480 2053 1551 2140 Sml]

396 2142 428 2179 is
832 2139 915 2190 jam
1038 2151 1155 2188 quam
1283 2129 1307 2169 (οἳ
1336 2122 1366 2183 Ξ
1480 2116 1529 2174 vu
1550 2110 1565 2141 t

397 2205 437 2243 id
840 2215 930 2240 nam
1337 2203 1362 2251 ξ
1481 2180 1538 2251 mes
1558 2169 1611 2217 (δ’
1626 2167 1732 2217 mlo)

398 2265 493 2306 nihil
1337 2255 1368 2292 3
1482 2243 1512 2268 η
1534 2259 1544 2270 ⁰

403 2364 480 2411 Ad,
501 2364 563 2411 ab,
585 2363 669 2410 abs,
690 2364 752 2409 ob,
777 2376 840 2409 an,
861 2364 913 2409 in,
945 2375 1033 2408 con,
1064 2363 1101 2404 in
1122 2364 1401 2413 compositione
1420 2361 1538 2401 etiam
1562 2373 1666 2412 saepe
1686 2362 1803 2400 corri-

347 2429 519 2481 piuntur,
553 2440 641 2465 cum
675 2428 800 2465 brevis
836 2427 886 2465 sit
907 2427 1078 2464 omnium
1102 2427 1263 2464 vocalis.
1319 2431 1343 2448 ‘⁴
1364 2426 1556 2464 Observat
1575 2425 1804 2475 curioseque

348 2491 620 2530 animadvertit
638 2493 698 2540 (ut
720 2491 838 2529 Gellii
857 2493 981 2530 verbis
1010 2499 1110 2537 utar,
1143 2491 1168 2527 l.
1193 2504 1242 2529 11.
1263 2504 1296 2528 c.
1318 2492 1397 2539 17.)
1426 2490 1483 2528 M.
1503 2489 1668 2535 Tullius,
1695 2489 1732 2526 in
1753 2497 1805 2536 et,

348 2568 436 2601 con,
454 2554 754 2605 praepositiones
775 2562 868 2593 tunc
889 2555 1053 2607 produci
1074 2561 1191 2605 atque
1211 2554 1406 2606 protendi,
1427 2553 1649 2592 cumliterae
1666 2565 1804 2603 seque-

349 2625 493 2664 rentur,
515 2630 603 2668 quae
623 2618 757 2668 primae
775 2625 867 2656 sunt
894 2619 947 2664 in,
978 2619 1167 2669 sapiente,
1196 2626 1326 2668 atque,
1347 2618 1480 2656 felice:
1510 2617 1549 2654 in
1571 2616 1654 2653 aliis
1675 2623 1804 2654 autem

350 2682 527 2720 omnibus
563 2687 738 2731 correpte
766 2682 1045 2731 pronuntiari.''
1102 2682 1200 2725 Quae
1234 2694 1325 2719 vero
1359 2681 1398 2718 in
1426 2692 1601 2718 sermone
1629 2687 1805 2731 correpte

350 2744 714 2798 pronuntiabantur,
735 2745 773 2782 in
795 2745 966 2784 versibus
987 2757 1141 2796 quoque
1173 2744 1322 2784 Comici
1345 2756 1415 2795 pro
1435 2742 1589 2782 arbitrio
1609 2743 1803 2795 corripue-
