<?xml version="1.0" encoding="UTF-8"?>
<!DOCTYPE html PUBLIC "-//W3C//DTD XHTML 1.0 Transitional//EN"
    "http://www.w3.org/TR/xhtml1/DTD/xhtml1-transitional.dtd">
<html xmlns="http://www.w3.org/1999/xhtml" xml:lang="en" lang="en">
 <head>
  <title>
</title>
<meta http-equiv="Content-Type" content="text/html;charset=utf-8" />
  <meta name='ocr-system' content='tesseract 3.04.00' />
  <meta name='ocr-capabilities' content='ocr_page ocr_carea ocr_par ocr_line ocrx_word'/>
</head>
<body>
  <div class='ocr_page' id='page_1' title='image "./pubterentiiafric01tereuoft/pubterentiiafric01tereuoft_0069.png"; bbox 0 0 1945 3296; ppageno 0'>
   <div class='ocr_carea' id='block_1_1' title="bbox 577 207 1583 248">
    <p class='ocr_par' dir='ltr' id='par_1_1' title="bbox 577 207 1583 248">
     <span class='ocr_line' id='line_1_1' title="bbox 577 207 1583 248; baseline 0 0"><span class='ocrx_word' id='word_1_1' title='bbox 577 218 754 248; x_wconf 69' lang='lat' dir='ltr'>v1c‘ron</span> <span class='ocrx_word' id='word_1_2' title='bbox 788 218 851 248; x_wconf 86' lang='lat' dir='ltr'>DE</span> <span class='ocrx_word' id='word_1_3' title='bbox 884 217 1137 247; x_wconf 61' lang='lat' dir='ltr'>comazon.</span> <span class='ocrx_word' id='word_1_4' title='bbox 1527 207 1583 248; x_wconf 81' lang='lat'>59</span> 
     </span>
    </p>
   </div>
   <div class='ocr_carea' id='block_1_2' title="bbox 132 308 1597 2792">
    <p class='ocr_par' dir='ltr' id='par_1_2' title="bbox 132 308 1597 2792">
     <span class='ocr_line' id='line_1_2' title="bbox 134 308 1583 363; baseline -0.003 -11"><span class='ocrx_word' id='word_1_5' title='bbox 134 313 404 363; x_wconf 86' lang='lat' dir='ltr'>undecumque</span> <span class='ocrx_word' id='word_1_6' title='bbox 424 312 495 350; x_wconf 91' lang='lat' dir='ltr'>sibi</span> <span class='ocrx_word' id='word_1_7' title='bbox 529 312 762 350; x_wconf 87' lang='lat' dir='ltr'>conveniens</span> <span class='ocrx_word' id='word_1_8' title='bbox 783 312 1037 361; x_wconf 74' lang='grc' dir='ltr'>ἀντεπίῤῥημα</span> <span class='ocrx_word' id='word_1_9' title='bbox 1057 310 1158 348; x_wconf 87' lang='lat' dir='ltr'>solet</span> <span class='ocrx_word' id='word_1_10' title='bbox 1176 309 1333 347; x_wconf 87' lang='lat' dir='ltr'>habere.</span> <span class='ocrx_word' id='word_1_11' title='bbox 1390 308 1583 351; x_wconf 84' lang='lat' dir='ltr'>Quoniam</span> 
     </span>
     <span class='ocr_line' id='line_1_3' title="bbox 133 372 1588 428; baseline -0.004 -12"><span class='ocrx_word' id='word_1_12' title='bbox 133 378 337 428; x_wconf 79' lang='lat' dir='ltr'>utrobique</span> <span class='ocrx_word' id='word_1_13' title='bbox 354 377 432 414; x_wconf 91' lang='lat' dir='ltr'>fere</span> <span class='ocrx_word' id='word_1_14' title='bbox 452 388 602 426; x_wconf 83' lang='lat' dir='ltr'>semper</span> <span class='ocrx_word' id='word_1_15' title='bbox 623 376 763 414; x_wconf 92' lang='lat' dir='ltr'>chorus</span> <span class='ocrx_word' id='word_1_16' title='bbox 784 389 832 413; x_wconf 87' lang='lat' dir='ltr'>ex</span> <span class='ocrx_word' id='word_1_17' title='bbox 851 375 988 412; x_wconf 82' lang='lat' dir='ltr'>iambis</span> <span class='ocrx_word' id='word_1_18' title='bbox 1004 380 1226 412; x_wconf 88' lang='lat' dir='ltr'>tetrametra</span> <span class='ocrx_word' id='word_1_19' title='bbox 1239 372 1435 410; x_wconf 81' lang='lat' dir='ltr'>sexdecim</span> <span class='ocrx_word' id='word_1_20' title='bbox 1451 373 1588 411; x_wconf 91' lang='lat' dir='ltr'>modu-</span> 
     </span>
     <span class='ocr_line' id='line_1_4' title="bbox 134 436 1589 492; baseline -0.004 -13"><span class='ocrx_word' id='word_1_21' title='bbox 134 442 290 487; x_wconf 88' lang='lat' dir='ltr'>laretur,</span> <span class='ocrx_word' id='word_1_22' title='bbox 309 446 434 478; x_wconf 90' lang='lat' dir='ltr'>totum</span> <span class='ocrx_word' id='word_1_23' title='bbox 453 440 528 478; x_wconf 87' lang='lat' dir='ltr'>hoc</span> <span class='ocrx_word' id='word_1_24' title='bbox 549 439 662 477; x_wconf 89' lang='lat' dir='ltr'>simul</span> <span class='ocrx_word' id='word_1_25' title='bbox 678 440 827 492; x_wconf 79' lang='grc' dir='ltr'>χορικὸν</span> <span class='ocrx_word' id='word_1_26' title='bbox 842 438 1073 490; x_wconf 90' lang='lat' dir='ltr'>appellatur,</span> <span class='ocrx_word' id='word_1_27' title='bbox 1094 437 1251 488; x_wconf 91' lang='lat' dir='ltr'>quando</span> <span class='ocrx_word' id='word_1_28' title='bbox 1269 436 1480 474; x_wconf 84' lang='lat' dir='ltr'>Comoediae</span> <span class='ocrx_word' id='word_1_29' title='bbox 1502 449 1589 486; x_wconf 90' lang='lat' dir='ltr'>par-</span> 
     </span>
     <span class='ocr_line' id='line_1_5' title="bbox 133 500 1587 555; baseline -0.005 -12"><span class='ocrx_word' id='word_1_30' title='bbox 133 512 211 543; x_wconf 89' lang='lat' dir='ltr'>tem</span> <span class='ocrx_word' id='word_1_31' title='bbox 229 505 409 543; x_wconf 91' lang='lat' dir='ltr'>volumus</span> <span class='ocrx_word' id='word_1_32' title='bbox 443 504 666 555; x_wconf 82' lang='lat' dir='ltr'>assignare3</span> <span class='ocrx_word' id='word_1_33' title='bbox 710 510 880 554; x_wconf 86' lang='lat' dir='ltr'>quatuor</span> <span class='ocrx_word' id='word_1_34' title='bbox 913 503 1015 540; x_wconf 88' lang='lat' dir='ltr'>enim</span> <span class='ocrx_word' id='word_1_35' title='bbox 1044 508 1148 546; x_wconf 86' lang='lat' dir='ltr'>sunt,</span> <span class='ocrx_word' id='word_1_36' title='bbox 1179 500 1363 537; x_wconf 87' lang='lat' dir='ltr'>videlicet</span> <span class='ocrx_word' id='word_1_37' title='bbox 1395 502 1587 548; x_wconf 80' lang='grc' dir='ltr'>πρόλογος,</span> 
     </span>
     <span class='ocr_line' id='line_1_6' title="bbox 135 564 1588 620; baseline -0.005 -13"><span class='ocrx_word' id='word_1_38' title='bbox 135 570 200 620; x_wconf 90' lang='lat' dir='ltr'>qui</span> <span class='ocrx_word' id='word_1_39' title='bbox 222 568 273 606; x_wconf 89' lang='lat' dir='ltr'>ad</span> <span class='ocrx_word' id='word_1_40' title='bbox 288 581 489 619; x_wconf 84' lang='lat' dir='ltr'>egressum</span> <span class='ocrx_word' id='word_1_41' title='bbox 506 581 630 618; x_wconf 86' lang='lat' dir='ltr'>usque</span> <span class='ocrx_word' id='word_1_42' title='bbox 652 567 758 605; x_wconf 85' lang='lat' dir='ltr'>chori</span> <span class='ocrx_word' id='word_1_43' title='bbox 775 574 1004 618; x_wconf 85' lang='lat' dir='ltr'>prorogatur</span> <span class='ocrx_word' id='word_1_44' title='bbox 1022 579 1030 604; x_wconf 74' lang='grc' dir='ltr'>ε</span> <span class='ocrx_word' id='word_1_45' title='bbox 1052 564 1195 603; x_wconf 89' lang='lat' dir='ltr'>deinde</span> <span class='ocrx_word' id='word_1_46' title='bbox 1211 565 1360 616; x_wconf 76' lang='grc' dir='ltr'>χορικὸν</span> <span class='ocrx_word' id='word_1_47' title='bbox 1377 577 1386 601; x_wconf 76' lang='lat' dir='ltr'>t</span> <span class='ocrx_word' id='word_1_48' title='bbox 1417 572 1468 609; x_wconf 89' lang='lat' dir='ltr'>et,</span> <span class='ocrx_word' id='word_1_49' title='bbox 1482 564 1588 614; x_wconf 85' lang='lat' dir='ltr'>quod</span> 
     </span>
     <span class='ocr_line' id='line_1_7' title="bbox 132 628 1590 684; baseline -0.004 -14"><span class='ocrx_word' id='word_1_50' title='bbox 132 632 386 684; x_wconf 85' lang='lat' dir='ltr'>interponitur</span> <span class='ocrx_word' id='word_1_51' title='bbox 419 631 562 677; x_wconf 85' lang='lat' dir='ltr'>choris,</span> <span class='ocrx_word' id='word_1_52' title='bbox 595 631 829 669; x_wconf 73' lang='grc' dir='ltr'>ἐπεισόδιονε</span> <span class='ocrx_word' id='word_1_53' title='bbox 872 638 1071 681; x_wconf 88' lang='lat' dir='ltr'>postremo</span> <span class='ocrx_word' id='word_1_54' title='bbox 1102 628 1236 675; x_wconf 67' lang='grc' dir='ltr'>ἔξοδος,</span> <span class='ocrx_word' id='word_1_55' title='bbox 1268 642 1356 679; x_wconf 88' lang='lat' dir='ltr'>quae</span> <span class='ocrx_word' id='word_1_56' title='bbox 1387 628 1535 665; x_wconf 82' lang='lat' dir='ltr'>scilicet.</span> <span class='ocrx_word' id='word_1_57' title='bbox 1568 640 1590 665; x_wconf 86' lang='lat' dir='ltr'>a</span> 
     </span>
     <span class='ocr_line' id='line_1_8' title="bbox 133 692 1590 747; baseline -0.004 -13"><span class='ocrx_word' id='word_1_58' title='bbox 133 697 252 736; x_wconf 88' lang='lat' dir='ltr'>choro</span> <span class='ocrx_word' id='word_1_59' title='bbox 272 696 310 734; x_wconf 89' lang='lat' dir='ltr'>in</span> <span class='ocrx_word' id='word_1_60' title='bbox 330 695 438 734; x_wconf 88' lang='lat' dir='ltr'>calce</span> <span class='ocrx_word' id='word_1_61' title='bbox 459 695 673 733; x_wconf 85' lang='lat' dir='ltr'>Comoediae</span> <span class='ocrx_word' id='word_1_62' title='bbox 692 694 977 747; x_wconf 88' lang='lat' dir='ltr'>pronuntiatur,</span> <span class='ocrx_word' id='word_1_63' title='bbox 1011 701 1054 731; x_wconf 90' lang='lat' dir='ltr'>ut</span> <span class='ocrx_word' id='word_1_64' title='bbox 1077 693 1218 731; x_wconf 83' lang='lat' dir='ltr'>Pollux</span> <span class='ocrx_word' id='word_1_65' title='bbox 1250 693 1287 728; x_wconf 90' lang='lat' dir='ltr'>in</span> <span class='ocrx_word' id='word_1_66' title='bbox 1310 698 1448 742; x_wconf 91' lang='lat' dir='ltr'>quarto</span> <span class='ocrx_word' id='word_1_67' title='bbox 1469 692 1590 743; x_wconf 87' lang='lat' dir='ltr'>scrip-</span> 
     </span>
     <span class='ocr_line' id='line_1_9' title="bbox 132 755 1588 811; baseline -0.005 -12"><span class='ocrx_word' id='word_1_68' title='bbox 132 768 216 799; x_wconf 90' lang='lat' dir='ltr'>tum</span> <span class='ocrx_word' id='word_1_69' title='bbox 245 760 415 811; x_wconf 87' lang='lat' dir='ltr'>reliquit.</span> <span class='ocrx_word' id='word_1_70' title='bbox 473 760 531 797; x_wconf 90' lang='lat' dir='ltr'>Ea</span> <span class='ocrx_word' id='word_1_71' title='bbox 560 759 676 810; x_wconf 85' lang='lat' dir='ltr'>igitur</span> <span class='ocrx_word' id='word_1_72' title='bbox 705 758 932 808; x_wconf 74' lang='grc' dir='ltr'>παράβασις,</span> <span class='ocrx_word' id='word_1_73' title='bbox 967 765 1126 795; x_wconf 87' lang='lat' dir='ltr'>auctore</span> <span class='ocrx_word' id='word_1_74' title='bbox 1162 757 1358 794; x_wconf 76' lang='lat' dir='ltr'>Demetrio</span> <span class='ocrx_word' id='word_1_75' title='bbox 1392 755 1588 799; x_wconf 83' lang='lat' dir='ltr'>Triclinio⁷</span> 
     </span>
     <span class='ocr_line' id='line_1_10' title="bbox 133 819 1588 876; baseline -0.005 -13"><span class='ocrx_word' id='word_1_76' title='bbox 133 838 222 876; x_wconf 85' lang='lat' dir='ltr'>quae</span> <span class='ocrx_word' id='word_1_77' title='bbox 241 824 369 862; x_wconf 88' lang='lat' dir='ltr'>nullas</span> <span class='ocrx_word' id='word_1_78' title='bbox 389 824 526 861; x_wconf 90' lang='lat' dir='ltr'>harum</span> <span class='ocrx_word' id='word_1_79' title='bbox 545 830 677 875; x_wconf 85' lang='lat' dir='ltr'>partes</span> <span class='ocrx_word' id='word_1_80' title='bbox 698 823 855 868; x_wconf 90' lang='lat' dir='ltr'>omittit,</span> <span class='ocrx_word' id='word_1_81' title='bbox 875 822 1051 873; x_wconf 87' lang='lat' dir='ltr'>perfecta</span> <span class='ocrx_word' id='word_1_82' title='bbox 1075 820 1173 859; x_wconf 87' lang='lat' dir='ltr'>solet</span> <span class='ocrx_word' id='word_1_83' title='bbox 1194 820 1404 871; x_wconf 88' lang='lat' dir='ltr'>appellari:</span> <span class='ocrx_word' id='word_1_84' title='bbox 1434 819 1588 869; x_wconf 87' lang='lat' dir='ltr'>qualem</span> 
     </span>
     <span class='ocr_line' id='line_1_11' title="bbox 133 883 1587 939; baseline -0.005 -12"><span class='ocrx_word' id='word_1_85' title='bbox 133 889 414 939; x_wconf 83' lang='lat' dir='ltr'>Aristophanes</span> <span class='ocrx_word' id='word_1_86' title='bbox 431 888 469 925; x_wconf 90' lang='lat' dir='ltr'>in</span> <span class='ocrx_word' id='word_1_87' title='bbox 492 888 698 938; x_wconf 84' lang='lat' dir='ltr'>Equitibus</span> <span class='ocrx_word' id='word_1_88' title='bbox 722 887 869 925; x_wconf 89' lang='lat' dir='ltr'>Fabula</span> <span class='ocrx_word' id='word_1_89' title='bbox 885 885 1147 924; x_wconf 84' lang='lat' dir='ltr'>concinnavit.</span> <span class='ocrx_word' id='word_1_90' title='bbox 1205 885 1350 921; x_wconf 88' lang='lat' dir='ltr'>Verum</span> <span class='ocrx_word' id='word_1_91' title='bbox 1367 883 1587 934; x_wconf 84' lang='lat' dir='ltr'>complures</span> 
     </span>
     <span class='ocr_line' id='line_1_12' title="bbox 133 947 1591 1003; baseline -0.005 -12"><span class='ocrx_word' id='word_1_92' title='bbox 133 953 355 1003; x_wconf 85' lang='lat' dir='ltr'>imperfecte</span> <span class='ocrx_word' id='word_1_93' title='bbox 373 965 443 1003; x_wconf 86' lang='lat' dir='ltr'>pro</span> <span class='ocrx_word' id='word_1_94' title='bbox 459 952 614 989; x_wconf 88' lang='lat' dir='ltr'>arbitrio</span> <span class='ocrx_word' id='word_1_95' title='bbox 635 954 837 1003; x_wconf 73' lang='lat' dir='ltr'>poetarum</span> <span class='ocrx_word' id='word_1_96' title='bbox 856 952 1103 988; x_wconf 88' lang='lat' dir='ltr'>inseruntur:</span> <span class='ocrx_word' id='word_1_97' title='bbox 1135 949 1174 986; x_wconf 91' lang='lat' dir='ltr'>id</span> <span class='ocrx_word' id='word_1_98' title='bbox 1195 948 1300 999; x_wconf 91' lang='lat' dir='ltr'>quod</span> <span class='ocrx_word' id='word_1_99' title='bbox 1328 947 1429 985; x_wconf 87' lang='lat' dir='ltr'>idem</span> <span class='ocrx_word' id='word_1_100' title='bbox 1450 947 1488 983; x_wconf 91' lang='lat' dir='ltr'>in</span> <span class='ocrx_word' id='word_1_101' title='bbox 1510 947 1591 984; x_wconf 87' lang='lat' dir='ltr'>Ne-</span> 
     </span>
     <span class='ocr_line' id='line_1_13' title="bbox 134 1010 1590 1066; baseline -0.005 -12"><span class='ocrx_word' id='word_1_102' title='bbox 134 1016 237 1054; x_wconf 89' lang='lat' dir='ltr'>bulis</span> <span class='ocrx_word' id='word_1_103' title='bbox 254 1015 404 1054; x_wconf 87' lang='lat' dir='ltr'>Fabula</span> <span class='ocrx_word' id='word_1_104' title='bbox 420 1015 538 1053; x_wconf 84' lang='lat' dir='ltr'>fecit:</span> <span class='ocrx_word' id='word_1_105' title='bbox 558 1015 623 1052; x_wconf 88' lang='lat' dir='ltr'>ubi</span> <span class='ocrx_word' id='word_1_106' title='bbox 645 1015 770 1053; x_wconf 87' lang='lat' dir='ltr'>solum</span> <span class='ocrx_word' id='word_1_107' title='bbox 791 1015 989 1066; x_wconf 81' lang='grc' dir='ltr'>ἐπίῤῥημα,</span> <span class='ocrx_word' id='word_1_108' title='bbox 1011 1012 1115 1064; x_wconf 89' lang='lat' dir='ltr'>quod</span> <span class='ocrx_word' id='word_1_109' title='bbox 1137 1018 1243 1050; x_wconf 89' lang='lat' dir='ltr'>esset</span> <span class='ocrx_word' id='word_1_110' title='bbox 1261 1011 1363 1049; x_wconf 86' lang='lat' dir='ltr'>vitiis</span> <span class='ocrx_word' id='word_1_111' title='bbox 1384 1010 1590 1061; x_wconf 80' lang='lat' dir='ltr'>carpendis</span> 
     </span>
     <span class='ocr_line' id='line_1_14' title="bbox 134 1074 1591 1128; baseline -0.005 -10"><span class='ocrx_word' id='word_1_112' title='bbox 134 1079 484 1125; x_wconf 82' lang='lat' dir='ltr'>accommodatum,</span> <span class='ocrx_word' id='word_1_113' title='bbox 502 1078 669 1125; x_wconf 85' lang='lat' dir='ltr'>induxit,</span> <span class='ocrx_word' id='word_1_114' title='bbox 682 1091 727 1117; x_wconf 87' lang='lat' dir='ltr'>ac</span> <span class='ocrx_word' id='word_1_115' title='bbox 746 1078 784 1115; x_wconf 87' lang='lat' dir='ltr'>in</span> <span class='ocrx_word' id='word_1_116' title='bbox 801 1078 924 1115; x_wconf 83' lang='lat' dir='ltr'>Ranis</span> <span class='ocrx_word' id='word_1_117' title='bbox 948 1084 1114 1128; x_wconf 91' lang='lat' dir='ltr'>quatuor</span> <span class='ocrx_word' id='word_1_118' title='bbox 1133 1076 1199 1113; x_wconf 84' lang='lat' dir='ltr'>illa</span> <span class='ocrx_word' id='word_1_119' title='bbox 1216 1081 1367 1112; x_wconf 86' lang='lat' dir='ltr'>tantum</span> <span class='ocrx_word' id='word_1_120' title='bbox 1384 1074 1591 1124; x_wconf 87' lang='lat' dir='ltr'>conjuncte</span> 
     </span>
     <span class='ocr_line' id='line_1_15' title="bbox 135 1139 1593 1195; baseline -0.005 -13"><span class='ocrx_word' id='word_1_121' title='bbox 135 1143 321 1195; x_wconf 89' lang='lat' dir='ltr'>reposuit.</span> <span class='ocrx_word' id='word_1_122' title='bbox 370 1142 448 1180; x_wconf 88' lang='lat' dir='ltr'>Sed</span> <span class='ocrx_word' id='word_1_123' title='bbox 469 1142 565 1180; x_wconf 91' lang='lat' dir='ltr'>illud</span> <span class='ocrx_word' id='word_1_124' title='bbox 585 1148 646 1180; x_wconf 85' lang='lat' dir='ltr'>est</span> <span class='ocrx_word' id='word_1_125' title='bbox 665 1142 1001 1180; x_wconf 86' lang='lat' dir='ltr'>animadversione</span> <span class='ocrx_word' id='word_1_126' title='bbox 1020 1141 1197 1191; x_wconf 81' lang='lat' dir='ltr'>dignum,</span> <span class='ocrx_word' id='word_1_127' title='bbox 1218 1139 1325 1190; x_wconf 91' lang='lat' dir='ltr'>quod</span> <span class='ocrx_word' id='word_1_128' title='bbox 1346 1140 1533 1189; x_wconf 81' lang='grc' dir='ltr'>ἐπίῤῥημα</span> <span class='ocrx_word' id='word_1_129' title='bbox 1554 1145 1593 1175; x_wconf 86' lang='lat' dir='ltr'>et</span> 
     </span>
     <span class='ocr_line' id='line_1_16' title="bbox 136 1204 1592 1258; baseline -0.005 -12"><span class='ocrx_word' id='word_1_130' title='bbox 136 1209 270 1258; x_wconf 87' lang='grc' dir='ltr'>στροφὴ</span> <span class='ocrx_word' id='word_1_131' title='bbox 288 1207 369 1245; x_wconf 83' lang='lat' dir='ltr'>sive</span> <span class='ocrx_word' id='word_1_132' title='bbox 387 1209 512 1257; x_wconf 83' lang='grc' dir='ltr'>μέλος,</span> <span class='ocrx_word' id='word_1_133' title='bbox 540 1207 699 1257; x_wconf 81' lang='lat' dir='ltr'>quando</span> <span class='ocrx_word' id='word_1_134' title='bbox 732 1207 880 1244; x_wconf 83' lang='lat' dir='ltr'>nullam</span> <span class='ocrx_word' id='word_1_135' title='bbox 901 1207 1219 1256; x_wconf 79' lang='grc' dir='ltr'>ἀντεπιῤῥὴματος</span> <span class='ocrx_word' id='word_1_136' title='bbox 1253 1210 1321 1241; x_wconf 80' lang='lat' dir='ltr'>aut</span> <span class='ocrx_word' id='word_1_137' title='bbox 1349 1204 1592 1254; x_wconf 73' lang='grc' dir='ltr'>ἀντιστρόφου</span> 
     </span>
     <span class='ocr_line' id='line_1_17' title="bbox 133 1268 1592 1321; baseline -0.005 -12"><span class='ocrx_word' id='word_1_138' title='bbox 133 1271 362 1310; x_wconf 86' lang='lat' dir='ltr'>reditionem</span> <span class='ocrx_word' id='word_1_139' title='bbox 382 1277 605 1321; x_wconf 82' lang='lat' dir='ltr'>expectant,</span> <span class='ocrx_word' id='word_1_140' title='bbox 637 1271 676 1308; x_wconf 89' lang='lat' dir='ltr'>in</span> <span class='ocrx_word' id='word_1_141' title='bbox 707 1271 783 1308; x_wconf 89' lang='lat' dir='ltr'>fine</span> <span class='ocrx_word' id='word_1_142' title='bbox 813 1283 965 1321; x_wconf 88' lang='lat' dir='ltr'>semper</span> <span class='ocrx_word' id='word_1_143' title='bbox 984 1269 1132 1306; x_wconf 86' lang='lat' dir='ltr'>habent</span> <span class='ocrx_word' id='word_1_144' title='bbox 1154 1268 1416 1318; x_wconf 76' lang='grc' dir='ltr'>παράγραφον,</span> <span class='ocrx_word' id='word_1_145' title='bbox 1450 1272 1494 1303; x_wconf 89' lang='lat' dir='ltr'>ut</span> <span class='ocrx_word' id='word_1_146' title='bbox 1514 1278 1592 1303; x_wconf 84' lang='lat' dir='ltr'>non</span> 
     </span>
     <span class='ocr_line' id='line_1_18' title="bbox 137 1329 1592 1387; baseline -0.004 -13"><span class='ocrx_word' id='word_1_147' title='bbox 137 1349 223 1374; x_wconf 79' lang='lat' dir='ltr'>esse</span> <span class='ocrx_word' id='word_1_148' title='bbox 244 1336 486 1387; x_wconf 78' lang='grc' dir='ltr'>κατάσχεσιν,</span> <span class='ocrx_word' id='word_1_149' title='bbox 507 1335 547 1372; x_wconf 95' lang='lat' dir='ltr'>id</span> <span class='ocrx_word' id='word_1_150' title='bbox 567 1341 641 1381; x_wconf 84' lang='lat' dir='ltr'>est,</span> <span class='ocrx_word' id='word_1_151' title='bbox 670 1334 836 1373; x_wconf 87' lang='lat' dir='ltr'>obnoxie</span> <span class='ocrx_word' id='word_1_152' title='bbox 862 1333 992 1385; x_wconf 90' lang='lat' dir='ltr'>posita</span> <span class='ocrx_word' id='word_1_153' title='bbox 1011 1332 1241 1371; x_wconf 83' lang='lat' dir='ltr'>videantur:</span> <span class='ocrx_word' id='word_1_154' title='bbox 1272 1329 1592 1382; x_wconf 89' lang='lat' dir='ltr'>quandoquidem</span> 
     </span>
     <span class='ocr_line' id='line_1_19' title="bbox 135 1394 1590 1449; baseline -0.005 -11"><span class='ocrx_word' id='word_1_155' title='bbox 135 1401 222 1439; x_wconf 86' lang='lat' dir='ltr'>haee</span> <span class='ocrx_word' id='word_1_156' title='bbox 240 1399 344 1437; x_wconf 89' lang='lat' dir='ltr'>linea</span> <span class='ocrx_word' id='word_1_157' title='bbox 362 1407 584 1436; x_wconf 83' lang='lat' dir='ltr'>transversa</span> <span class='ocrx_word' id='word_1_158' title='bbox 602 1399 843 1449; x_wconf 74' lang='grc' dir='ltr'>παράγραφος</span> <span class='ocrx_word' id='word_1_159' title='bbox 874 1397 1036 1440; x_wconf 88' lang='lat' dir='ltr'>scilicet,</span> <span class='ocrx_word' id='word_1_160' title='bbox 1068 1396 1140 1434; x_wconf 84' lang='lat' dir='ltr'>tria</span> <span class='ocrx_word' id='word_1_161' title='bbox 1171 1396 1251 1441; x_wconf 89' lang='lat' dir='ltr'>illa,</span> <span class='ocrx_word' id='word_1_162' title='bbox 1286 1408 1375 1446; x_wconf 85' lang='lat' dir='ltr'>quae</span> <span class='ocrx_word' id='word_1_163' title='bbox 1409 1394 1590 1440; x_wconf 84' lang='lat' dir='ltr'>diximus,</span> 
     </span>
     <span class='ocr_line' id='line_1_20' title="bbox 135 1459 1594 1509; baseline -0.003 -8"><span class='ocrx_word' id='word_1_164' title='bbox 135 1463 235 1501; x_wconf 90' lang='lat' dir='ltr'>inter</span> <span class='ocrx_word' id='word_1_165' title='bbox 251 1476 292 1503; x_wconf 84' lang='lat' dir='ltr'>se</span> <span class='ocrx_word' id='word_1_166' title='bbox 310 1462 478 1500; x_wconf 85' lang='lat' dir='ltr'>discreta</span> <span class='ocrx_word' id='word_1_167' title='bbox 496 1463 683 1500; x_wconf 86' lang='lat' dir='ltr'>continuo</span> <span class='ocrx_word' id='word_1_168' title='bbox 710 1461 869 1499; x_wconf 85' lang='lat' dir='ltr'>claudit.</span> <span class='ocrx_word' id='word_1_169' title='bbox 925 1461 1084 1506; x_wconf 82' lang='lat' dir='ltr'>Verum,</span> <span class='ocrx_word' id='word_1_170' title='bbox 1119 1459 1152 1497; x_wconf 88' lang='lat' dir='ltr'>si</span> <span class='ocrx_word' id='word_1_171' title='bbox 1182 1460 1350 1497; x_wconf 86' lang='lat' dir='ltr'>futuram</span> <span class='ocrx_word' id='word_1_172' title='bbox 1385 1465 1594 1509; x_wconf 83' lang='lat' dir='ltr'>expectant</span> 
     </span>
     <span class='ocr_line' id='line_1_21' title="bbox 135 1523 1592 1577; baseline -0.004 -12"><span class='ocrx_word' id='word_1_173' title='bbox 135 1526 377 1571; x_wconf 67' lang='lat' dir='ltr'>redifionem,</span> <span class='ocrx_word' id='word_1_174' title='bbox 413 1529 547 1577; x_wconf 87' lang='grc' dir='ltr'>στροφὴ</span> <span class='ocrx_word' id='word_1_175' title='bbox 579 1533 662 1563; x_wconf 90' lang='lat' dir='ltr'>tum</span> <span class='ocrx_word' id='word_1_176' title='bbox 681 1526 768 1563; x_wconf 85' lang='lat' dir='ltr'>haec</span> <span class='ocrx_word' id='word_1_177' title='bbox 798 1526 913 1571; x_wconf 88' lang='lat' dir='ltr'>linea,</span> <span class='ocrx_word' id='word_1_178' title='bbox 949 1538 1038 1562; x_wconf 88' lang='lat' dir='ltr'>cum</span> <span class='ocrx_word' id='word_1_179' title='bbox 1071 1536 1149 1561; x_wconf 89' lang='lat' dir='ltr'>non</span> <span class='ocrx_word' id='word_1_180' title='bbox 1172 1536 1284 1561; x_wconf 88' lang='lat' dir='ltr'>secus</span> <span class='ocrx_word' id='word_1_181' title='bbox 1316 1535 1361 1560; x_wconf 83' lang='lat' dir='ltr'>ac</span> <span class='ocrx_word' id='word_1_182' title='bbox 1392 1523 1592 1575; x_wconf 82' lang='grc' dir='ltr'>ἐπίῤῥημα,</span> 
     </span>
     <span class='ocr_line' id='line_1_22' title="bbox 136 1586 1591 1639; baseline -0.003 -11"><span class='ocrx_word' id='word_1_183' title='bbox 136 1591 287 1628; x_wconf 85' lang='lat' dir='ltr'>duabus</span> <span class='ocrx_word' id='word_1_184' title='bbox 308 1590 394 1628; x_wconf 89' lang='lat' dir='ltr'>aliis</span> <span class='ocrx_word' id='word_1_185' title='bbox 414 1590 654 1635; x_wconf 88' lang='lat' dir='ltr'>terminatur,</span> <span class='ocrx_word' id='word_1_186' title='bbox 675 1602 837 1639; x_wconf 87' lang='lat' dir='ltr'>quarum</span> <span class='ocrx_word' id='word_1_187' title='bbox 859 1587 1083 1626; x_wconf 73' lang='lat' dir='ltr'>coeuntium</span> <span class='ocrx_word' id='word_1_188' title='bbox 1105 1587 1273 1639; x_wconf 82' lang='lat' dir='ltr'>angulus</span> <span class='ocrx_word' id='word_1_189' title='bbox 1290 1592 1427 1636; x_wconf 83' lang='lat' dir='ltr'>vergat</span> <span class='ocrx_word' id='word_1_190' title='bbox 1453 1586 1591 1624; x_wconf 84' lang='lat' dir='ltr'>intror-</span> 
     </span>
     <span class='ocr_line' id='line_1_23' title="bbox 137 1651 1593 1705; baseline -0.003 -13"><span class='ocrx_word' id='word_1_191' title='bbox 137 1667 247 1692; x_wconf 88' lang='lat' dir='ltr'>sum:</span> <span class='ocrx_word' id='word_1_192' title='bbox 275 1661 412 1692; x_wconf 81' lang='lat' dir='ltr'>contra</span> <span class='ocrx_word' id='word_1_193' title='bbox 436 1666 524 1691; x_wconf 89' lang='lat' dir='ltr'>vero</span> <span class='ocrx_word' id='word_1_194' title='bbox 556 1655 794 1705; x_wconf 78' lang='grc' dir='ltr'>ἀντίστροφος</span> <span class='ocrx_word' id='word_1_195' title='bbox 824 1653 932 1691; x_wconf 91' lang='lat' dir='ltr'>lineis</span> <span class='ocrx_word' id='word_1_196' title='bbox 963 1652 1159 1691; x_wconf 85' lang='lat' dir='ltr'>clauditur</span> <span class='ocrx_word' id='word_1_197' title='bbox 1190 1651 1305 1698; x_wconf 89' lang='lat' dir='ltr'>binis,</span> <span class='ocrx_word' id='word_1_198' title='bbox 1339 1663 1503 1701; x_wconf 89' lang='lat' dir='ltr'>quarum</span> <span class='ocrx_word' id='word_1_199' title='bbox 1527 1663 1593 1688; x_wconf 87' lang='lat' dir='ltr'>ex-</span> 
     </span>
     <span class='ocr_line' id='line_1_24' title="bbox 137 1715 1594 1768; baseline -0.004 -12"><span class='ocrx_word' id='word_1_200' title='bbox 137 1724 302 1757; x_wconf 87' lang='lat' dir='ltr'>trorsum</span> <span class='ocrx_word' id='word_1_201' title='bbox 323 1718 475 1768; x_wconf 89' lang='lat' dir='ltr'>utrique</span> <span class='ocrx_word' id='word_1_202' title='bbox 502 1717 633 1768; x_wconf 85' lang='lat' dir='ltr'>anguli</span> <span class='ocrx_word' id='word_1_203' title='bbox 653 1724 829 1768; x_wconf 87' lang='lat' dir='ltr'>vergant,</span> <span class='ocrx_word' id='word_1_204' title='bbox 863 1717 955 1754; x_wconf 84' lang='lat' dir='ltr'>hinc</span> <span class='ocrx_word' id='word_1_205' title='bbox 986 1716 1079 1754; x_wconf 90' lang='lat' dir='ltr'>inde</span> <span class='ocrx_word' id='word_1_206' title='bbox 1109 1715 1227 1753; x_wconf 89' lang='lat' dir='ltr'>finale</span> <span class='ocrx_word' id='word_1_207' title='bbox 1256 1715 1485 1760; x_wconf 89' lang='lat' dir='ltr'>membrum,</span> <span class='ocrx_word' id='word_1_208' title='bbox 1509 1726 1594 1751; x_wconf 83' lang='lat' dir='ltr'>car·</span> 
     </span>
     <span class='ocr_line' id='line_1_25' title="bbox 134 1777 1592 1833; baseline -0.005 -12"><span class='ocrx_word' id='word_1_209' title='bbox 134 1796 224 1821; x_wconf 87' lang='lat' dir='ltr'>men</span> <span class='ocrx_word' id='word_1_210' title='bbox 245 1782 393 1820; x_wconf 86' lang='lat' dir='ltr'>scilicet</span> <span class='ocrx_word' id='word_1_211' title='bbox 411 1782 588 1820; x_wconf 85' lang='lat' dir='ltr'>ultimum</span> <span class='ocrx_word' id='word_1_212' title='bbox 622 1782 915 1833; x_wconf 87' lang='lat' dir='ltr'>amplectentes.</span> <span class='ocrx_word' id='word_1_213' title='bbox 971 1781 1118 1818; x_wconf 90' lang='lat' dir='ltr'>Verum</span> <span class='ocrx_word' id='word_1_214' title='bbox 1151 1793 1199 1817; x_wconf 86' lang='lat' dir='ltr'>ex</span> <span class='ocrx_word' id='word_1_215' title='bbox 1222 1779 1269 1816; x_wconf 90' lang='lat' dir='ltr'>iis</span> <span class='ocrx_word' id='word_1_216' title='bbox 1302 1777 1494 1815; x_wconf 83' lang='lat' dir='ltr'>duntaxat</span> <span class='ocrx_word' id='word_1_217' title='bbox 1514 1790 1592 1815; x_wconf 90' lang='lat' dir='ltr'>uno</span> 
     </span>
     <span class='ocr_line' id='line_1_26' title="bbox 137 1841 1594 1898; baseline -0.005 -13"><span class='ocrx_word' id='word_1_218' title='bbox 137 1847 239 1885; x_wconf 86' lang='lat' dir='ltr'>solet</span> <span class='ocrx_word' id='word_1_219' title='bbox 255 1849 512 1898; x_wconf 81' lang='grc' dir='ltr'>ἀντεπίρῤημα</span> <span class='ocrx_word' id='word_1_220' title='bbox 533 1846 728 1885; x_wconf 89' lang='lat' dir='ltr'>concludi.</span> <span class='ocrx_word' id='word_1_221' title='bbox 787 1847 887 1890; x_wconf 87' lang='lat' dir='ltr'>Quae</span> <span class='ocrx_word' id='word_1_222' title='bbox 907 1846 1023 1896; x_wconf 90' lang='lat' dir='ltr'>plane</span> <span class='ocrx_word' id='word_1_223' title='bbox 1056 1844 1182 1894; x_wconf 83' lang='lat' dir='ltr'>signa,</span> <span class='ocrx_word' id='word_1_224' title='bbox 1218 1848 1334 1893; x_wconf 84' lang='lat' dir='ltr'>prout</span> <span class='ocrx_word' id='word_1_225' title='bbox 1354 1841 1489 1892; x_wconf 87' lang='lat' dir='ltr'>anguli</span> <span class='ocrx_word' id='word_1_226' title='bbox 1508 1853 1594 1879; x_wconf 87' lang='lat' dir='ltr'>sese</span> 
     </span>
     <span class='ocr_line' id='line_1_27' title="bbox 136 1905 1595 1961; baseline -0.003 -12"><span class='ocrx_word' id='word_1_227' title='bbox 136 1911 295 1958; x_wconf 88' lang='lat' dir='ltr'>habent,</span> <span class='ocrx_word' id='word_1_228' title='bbox 313 1910 374 1949; x_wconf 90' lang='lat' dir='ltr'>vel</span> <span class='ocrx_word' id='word_1_229' title='bbox 394 1911 575 1957; x_wconf 85' lang='lat' dir='ltr'>futuram,</span> <span class='ocrx_word' id='word_1_230' title='bbox 608 1910 669 1947; x_wconf 89' lang='lat' dir='ltr'>vel</span> <span class='ocrx_word' id='word_1_231' title='bbox 690 1910 924 1961; x_wconf 81' lang='lat' dir='ltr'>praeteritam</span> <span class='ocrx_word' id='word_1_232' title='bbox 958 1908 1188 1947; x_wconf 88' lang='lat' dir='ltr'>reditionem</span> <span class='ocrx_word' id='word_1_233' title='bbox 1219 1905 1448 1945; x_wconf 86' lang='lat' dir='ltr'>ostendunt.</span> <span class='ocrx_word' id='word_1_234' title='bbox 1506 1905 1595 1944; x_wconf 86' lang='lat' dir='ltr'>Hoc</span> 
     </span>
     <span class='ocr_line' id='line_1_28' title="bbox 140 1969 1594 2021; baseline -0.004 -8"><span class='ocrx_word' id='word_1_235' title='bbox 140 1975 362 2013; x_wconf 88' lang='lat' dir='ltr'>Demetrius</span> <span class='ocrx_word' id='word_1_236' title='bbox 392 1974 458 2012; x_wconf 84' lang='lat' dir='ltr'>ille</span> <span class='ocrx_word' id='word_1_237' title='bbox 489 1973 694 2012; x_wconf 88' lang='lat' dir='ltr'>Triclinius</span> <span class='ocrx_word' id='word_1_238' title='bbox 730 1974 901 2011; x_wconf 86' lang='lat' dir='ltr'>scribens</span> <span class='ocrx_word' id='word_1_239' title='bbox 936 1974 975 2010; x_wconf 94' lang='lat' dir='ltr'>in</span> <span class='ocrx_word' id='word_1_240' title='bbox 1012 1970 1314 2021; x_wconf 87' lang='lat' dir='ltr'>Aristophanem</span> <span class='ocrx_word' id='word_1_241' title='bbox 1344 1969 1594 2020; x_wconf 81' lang='lat' dir='ltr'>excogitavit.</span> 
     </span>
     <span class='ocr_line' id='line_1_29' title="bbox 138 2033 1593 2089; baseline -0.003 -14"><span class='ocrx_word' id='word_1_242' title='bbox 138 2038 415 2076; x_wconf 82' lang='lat' dir='ltr'>Verumtamen</span> <span class='ocrx_word' id='word_1_243' title='bbox 445 2038 544 2075; x_wconf 89' lang='lat' dir='ltr'>inter</span> <span class='ocrx_word' id='word_1_244' title='bbox 564 2045 703 2076; x_wconf 82' lang='lat' dir='ltr'>cantus</span> <span class='ocrx_word' id='word_1_245' title='bbox 732 2039 858 2089; x_wconf 78' lang='lat' dir='ltr'>po&#39;etae</span> <span class='ocrx_word' id='word_1_246' title='bbox 889 2049 1171 2087; x_wconf 87' lang='lat' dir='ltr'>nonnunquam</span> <span class='ocrx_word' id='word_1_247' title='bbox 1206 2046 1395 2086; x_wconf 85' lang='lat' dir='ltr'>personas</span> <span class='ocrx_word' id='word_1_248' title='bbox 1427 2033 1593 2071; x_wconf 85' lang='lat' dir='ltr'>educere</span> 
     </span>
     <span class='ocr_line' id='line_1_30' title="bbox 139 2096 1593 2154; baseline -0.003 -14"><span class='ocrx_word' id='word_1_249' title='bbox 139 2103 281 2149; x_wconf 84' lang='lat' dir='ltr'>solent,</span> <span class='ocrx_word' id='word_1_250' title='bbox 318 2115 481 2154; x_wconf 86' lang='lat' dir='ltr'>quarum</span> <span class='ocrx_word' id='word_1_251' title='bbox 519 2102 741 2140; x_wconf 85' lang='lat' dir='ltr'>dissertatio</span> <span class='ocrx_word' id='word_1_252' title='bbox 780 2103 949 2149; x_wconf 78' lang='grc' dir='ltr'>σύστημα</span> <span class='ocrx_word' id='word_1_253' title='bbox 992 2104 1084 2139; x_wconf 79' lang='grc' dir='ltr'>κατὰ</span> <span class='ocrx_word' id='word_1_254' title='bbox 1117 2102 1318 2150; x_wconf 79' lang='grc' dir='ltr'>περικοπὴν</span> <span class='ocrx_word' id='word_1_255' title='bbox 1350 2096 1593 2149; x_wconf 87' lang='lat' dir='ltr'>appellatur:</span> 
     </span>
     <span class='ocr_line' id='line_1_31' title="bbox 138 2161 1595 2215; baseline -0.005 -11"><span class='ocrx_word' id='word_1_256' title='bbox 138 2165 334 2204; x_wconf 81' lang='lat' dir='ltr'>interdum</span> <span class='ocrx_word' id='word_1_257' title='bbox 356 2165 530 2203; x_wconf 87' lang='lat' dir='ltr'>versibus</span> <span class='ocrx_word' id='word_1_258' title='bbox 559 2165 715 2203; x_wconf 88' lang='lat' dir='ltr'>alternis</span> <span class='ocrx_word' id='word_1_259' title='bbox 736 2165 1019 2203; x_wconf 86' lang='lat' dir='ltr'>contendentes</span> <span class='ocrx_word' id='word_1_260' title='bbox 1046 2164 1196 2215; x_wconf 86' lang='lat' dir='ltr'>aliquot</span> <span class='ocrx_word' id='word_1_261' title='bbox 1220 2163 1420 2215; x_wconf 87' lang='lat' dir='ltr'>proferunt</span> <span class='ocrx_word' id='word_1_262' title='bbox 1438 2161 1595 2198; x_wconf 84' lang='lat' dir='ltr'>histrio-</span> 
     </span>
     <span class='ocr_line' id='line_1_32' title="bbox 141 2224 1595 2280; baseline -0.004 -13"><span class='ocrx_word' id='word_1_263' title='bbox 141 2242 226 2275; x_wconf 89' lang='lat' dir='ltr'>nes,</span> <span class='ocrx_word' id='word_1_264' title='bbox 253 2229 315 2266; x_wconf 88' lang='lat' dir='ltr'>vel</span> <span class='ocrx_word' id='word_1_265' title='bbox 344 2228 503 2266; x_wconf 91' lang='lat' dir='ltr'>chorum</span> <span class='ocrx_word' id='word_1_266' title='bbox 531 2229 647 2266; x_wconf 89' lang='lat' dir='ltr'>etiam</span> <span class='ocrx_word' id='word_1_267' title='bbox 678 2228 1004 2280; x_wconf 87' lang='lat' dir='ltr'>respondentem:</span> <span class='ocrx_word' id='word_1_268' title='bbox 1037 2228 1143 2278; x_wconf 90' lang='lat' dir='ltr'>quod</span> <span class='ocrx_word' id='word_1_269' title='bbox 1165 2226 1423 2278; x_wconf 78' lang='lat' dir='ltr'>Hephaestion</span> <span class='ocrx_word' id='word_1_270' title='bbox 1442 2224 1595 2262; x_wconf 88' lang='lat' dir='ltr'>videtur</span> 
     </span>
     <span class='ocr_line' id='line_1_33' title="bbox 141 2289 1595 2344; baseline -0.003 -14"><span class='ocrx_word' id='word_1_271' title='bbox 141 2294 433 2344; x_wconf 84' lang='grc' dir='ltr'>ἀλλοιόστροφον</span> <span class='ocrx_word' id='word_1_272' title='bbox 453 2292 661 2344; x_wconf 89' lang='lat' dir='ltr'>appellare.</span> <span class='ocrx_word' id='word_1_273' title='bbox 720 2293 863 2329; x_wconf 88' lang='lat' dir='ltr'>Verum</span> <span class='ocrx_word' id='word_1_274' title='bbox 890 2292 962 2329; x_wconf 87' lang='lat' dir='ltr'>has</span> <span class='ocrx_word' id='word_1_275' title='bbox 983 2299 1022 2330; x_wconf 91' lang='lat' dir='ltr'>et</span> <span class='ocrx_word' id='word_1_276' title='bbox 1042 2292 1137 2330; x_wconf 87' lang='lat' dir='ltr'>alias</span> <span class='ocrx_word' id='word_1_277' title='bbox 1159 2291 1340 2329; x_wconf 90' lang='lat' dir='ltr'>consulto</span> <span class='ocrx_word' id='word_1_278' title='bbox 1365 2289 1595 2341; x_wconf 83' lang='lat' dir='ltr'>praetermit·</span> 
     </span>
     <span class='ocr_line' id='line_1_34' title="bbox 141 2353 1593 2407; baseline -0.003 -13"><span class='ocrx_word' id='word_1_279' title='bbox 141 2356 280 2395; x_wconf 87' lang='lat' dir='ltr'>tendas</span> <span class='ocrx_word' id='word_1_280' title='bbox 301 2369 389 2394; x_wconf 87' lang='lat' dir='ltr'>esse</span> <span class='ocrx_word' id='word_1_281' title='bbox 409 2357 569 2394; x_wconf 88' lang='lat' dir='ltr'>arbitror</span> <span class='ocrx_word' id='word_1_282' title='bbox 590 2356 844 2407; x_wconf 81' lang='lat' dir='ltr'>quaestiones,</span> <span class='ocrx_word' id='word_1_283' title='bbox 877 2369 967 2407; x_wconf 88' lang='lat' dir='ltr'>quae</span> <span class='ocrx_word' id='word_1_284' title='bbox 997 2356 1096 2393; x_wconf 91' lang='lat' dir='ltr'>mira</span> <span class='ocrx_word' id='word_1_285' title='bbox 1114 2357 1316 2406; x_wconf 73' lang='lat' dir='ltr'>poetarum</span> <span class='ocrx_word' id='word_1_286' title='bbox 1336 2354 1491 2392; x_wconf 89' lang='lat' dir='ltr'>licentia</span> <span class='ocrx_word' id='word_1_287' title='bbox 1507 2353 1593 2403; x_wconf 84' lang='lat' dir='ltr'>gig-</span> 
     </span>
     <span class='ocr_line' id='line_1_35' title="bbox 141 2417 1596 2471; baseline -0.003 -13"><span class='ocrx_word' id='word_1_288' title='bbox 141 2427 311 2459; x_wconf 86' lang='lat' dir='ltr'>nuntur:</span> <span class='ocrx_word' id='word_1_289' title='bbox 340 2426 496 2459; x_wconf 88' lang='lat' dir='ltr'>constat</span> <span class='ocrx_word' id='word_1_290' title='bbox 514 2420 616 2458; x_wconf 88' lang='lat' dir='ltr'>enim</span> <span class='ocrx_word' id='word_1_291' title='bbox 650 2420 724 2458; x_wconf 84' lang='lat' dir='ltr'>illis</span> <span class='ocrx_word' id='word_1_292' title='bbox 759 2420 853 2457; x_wconf 88' lang='lat' dir='ltr'>nihil</span> <span class='ocrx_word' id='word_1_293' title='bbox 885 2433 1058 2471; x_wconf 90' lang='lat' dir='ltr'>unquam</span> <span class='ocrx_word' id='word_1_294' title='bbox 1092 2432 1169 2457; x_wconf 90' lang='lat' dir='ltr'>non</span> <span class='ocrx_word' id='word_1_295' title='bbox 1193 2418 1429 2457; x_wconf 88' lang='lat' dir='ltr'>audendum.</span> <span class='ocrx_word' id='word_1_296' title='bbox 1486 2417 1596 2460; x_wconf 85' lang='lat' dir='ltr'>Quo-</span> 
     </span>
     <span class='ocr_line' id='line_1_36' title="bbox 139 2481 1594 2535; baseline -0.004 -12"><span class='ocrx_word' id='word_1_297' title='bbox 139 2485 243 2523; x_wconf 88' lang='lat' dir='ltr'>circa</span> <span class='ocrx_word' id='word_1_298' title='bbox 262 2484 387 2530; x_wconf 87' lang='lat' dir='ltr'>nobis,</span> <span class='ocrx_word' id='word_1_299' title='bbox 408 2484 458 2523; x_wconf 89' lang='lat' dir='ltr'>de</span> <span class='ocrx_word' id='word_1_300' title='bbox 476 2484 593 2522; x_wconf 86' lang='lat' dir='ltr'>choro</span> <span class='ocrx_word' id='word_1_301' title='bbox 613 2486 778 2523; x_wconf 80' lang='lat' dir='ltr'>certiora</span> <span class='ocrx_word' id='word_1_302' title='bbox 797 2485 1048 2531; x_wconf 86' lang='lat' dir='ltr'>consectatis,</span> <span class='ocrx_word' id='word_1_303' title='bbox 1078 2497 1147 2535; x_wconf 90' lang='lat' dir='ltr'>pro</span> <span class='ocrx_word' id='word_1_304' title='bbox 1168 2482 1329 2521; x_wconf 87' lang='lat' dir='ltr'>materia</span> <span class='ocrx_word' id='word_1_305' title='bbox 1348 2482 1443 2519; x_wconf 87' lang='lat' dir='ltr'>satis</span> <span class='ocrx_word' id='word_1_306' title='bbox 1473 2481 1594 2518; x_wconf 88' lang='lat' dir='ltr'>abun-</span> 
     </span>
     <span class='ocr_line' id='line_1_37' title="bbox 141 2544 1597 2599; baseline -0.005 -12"><span class='ocrx_word' id='word_1_307' title='bbox 141 2549 267 2599; x_wconf 87' lang='lat' dir='ltr'>deque</span> <span class='ocrx_word' id='word_1_308' title='bbox 288 2548 434 2586; x_wconf 85' lang='lat' dir='ltr'>dietum</span> <span class='ocrx_word' id='word_1_309' title='bbox 456 2561 542 2586; x_wconf 88' lang='lat' dir='ltr'>esse</span> <span class='ocrx_word' id='word_1_310' title='bbox 557 2549 747 2595; x_wconf 81' lang='lat' dir='ltr'>videatur,</span> <span class='ocrx_word' id='word_1_311' title='bbox 763 2549 958 2599; x_wconf 92' lang='lat' dir='ltr'>quomodo</span> <span class='ocrx_word' id='word_1_312' title='bbox 975 2547 1190 2598; x_wconf 76' lang='lat' dir='ltr'>praesertim</span> <span class='ocrx_word' id='word_1_313' title='bbox 1210 2547 1248 2584; x_wconf 91' lang='lat' dir='ltr'>in</span> <span class='ocrx_word' id='word_1_314' title='bbox 1262 2547 1375 2583; x_wconf 84' lang='lat' dir='ltr'>Nova</span> <span class='ocrx_word' id='word_1_315' title='bbox 1391 2544 1597 2582; x_wconf 77' lang='lat' dir='ltr'>Comoedia</span> 
     </span>
     <span class='ocr_line' id='line_1_38' title="bbox 141 2607 1595 2663; baseline -0.004 -13"><span class='ocrx_word' id='word_1_316' title='bbox 141 2613 284 2651; x_wconf 91' lang='lat' dir='ltr'>chorus</span> <span class='ocrx_word' id='word_1_317' title='bbox 304 2612 453 2650; x_wconf 88' lang='lat' dir='ltr'>nullum</span> <span class='ocrx_word' id='word_1_318' title='bbox 471 2612 615 2650; x_wconf 89' lang='lat' dir='ltr'>habeat</span> <span class='ocrx_word' id='word_1_319' title='bbox 632 2613 693 2650; x_wconf 88' lang='lat' dir='ltr'>vel</span> <span class='ocrx_word' id='word_1_320' title='bbox 710 2613 852 2650; x_wconf 85' lang='lat' dir='ltr'>habere</span> <span class='ocrx_word' id='word_1_321' title='bbox 873 2612 1044 2663; x_wconf 86' lang='lat' dir='ltr'>potuerit</span> <span class='ocrx_word' id='word_1_322' title='bbox 1062 2611 1205 2649; x_wconf 87' lang='lat' dir='ltr'>locum.</span> <span class='ocrx_word' id='word_1_323' title='bbox 1253 2608 1452 2660; x_wconf 87' lang='lat' dir='ltr'>Siquidem</span> <span class='ocrx_word' id='word_1_324' title='bbox 1472 2607 1595 2644; x_wconf 83' lang='lat' dir='ltr'>Athe-</span> 
     </span>
     <span class='ocr_line' id='line_1_39' title="bbox 141 2672 1594 2726; baseline -0.005 -12"><span class='ocrx_word' id='word_1_325' title='bbox 141 2677 215 2722; x_wconf 90' lang='lat' dir='ltr'>nis,</span> <span class='ocrx_word' id='word_1_326' title='bbox 235 2689 323 2715; x_wconf 87' lang='lat' dir='ltr'>cum</span> <span class='ocrx_word' id='word_1_327' title='bbox 344 2676 475 2714; x_wconf 87' lang='lat' dir='ltr'>omnia</span> <span class='ocrx_word' id='word_1_328' title='bbox 493 2677 732 2726; x_wconf 87' lang='lat' dir='ltr'>potentiores</span> <span class='ocrx_word' id='word_1_329' title='bbox 754 2676 803 2713; x_wconf 92' lang='lat' dir='ltr'>ad</span> <span class='ocrx_word' id='word_1_330' title='bbox 825 2676 1021 2713; x_wconf 88' lang='lat' dir='ltr'>arbitrium</span> <span class='ocrx_word' id='word_1_331' title='bbox 1043 2687 1156 2713; x_wconf 90' lang='lat' dir='ltr'>suum</span> <span class='ocrx_word' id='word_1_332' title='bbox 1176 2685 1356 2711; x_wconf 86' lang='lat' dir='ltr'>revocare</span> <span class='ocrx_word' id='word_1_333' title='bbox 1374 2672 1594 2722; x_wconf 87' lang='lat' dir='ltr'>coepissent,</span> 
     </span>
     <span class='ocr_line' id='line_1_40' title="bbox 139 2733 1593 2792; baseline -0.004 -15"><span class='ocrx_word' id='word_1_334' title='bbox 139 2739 238 2778; x_wconf 88' lang='lat' dir='ltr'>nulli</span> <span class='ocrx_word' id='word_1_335' title='bbox 258 2740 422 2792; x_wconf 86' lang='lat' dir='ltr'>amplius</span> <span class='ocrx_word' id='word_1_336' title='bbox 444 2741 673 2779; x_wconf 83' lang='lat' dir='ltr'>creabantur</span> <span class='ocrx_word' id='word_1_337' title='bbox 695 2740 842 2779; x_wconf 84' lang='lat' dir='ltr'>AEdiles</span> <span class='ocrx_word' id='word_1_338' title='bbox 861 2753 870 2778; x_wconf 87' lang='lat'>:</span> <span class='ocrx_word' id='word_1_339' title='bbox 900 2739 1140 2791; x_wconf 86' lang='lat' dir='ltr'>perindeque</span> <span class='ocrx_word' id='word_1_340' title='bbox 1159 2737 1348 2777; x_wconf 80' lang='lat' dir='ltr'>sumtibus</span> <span class='ocrx_word' id='word_1_341' title='bbox 1364 2735 1413 2774; x_wconf 86' lang='lat' dir='ltr'>ad</span> <span class='ocrx_word' id='word_1_342' title='bbox 1430 2733 1593 2774; x_wconf 79' lang='lat' dir='ltr'>alendos</span> 
     </span>
    </p>
   </div>
  </div>
 </body>
</html>
