1976 3296
376 235 436 278 26
970 239 1242 272 PRAEFArio.

377 347 478 383 sunt
498 342 554 384 ad
575 341 790 389 locorum,
822 351 919 392 quae
951 334 1163 383 incidunt,
1194 330 1539 386 expositionem:
1570 334 1706 383 atque
1728 340 1830 382 pas-

376 412 458 453 sim
490 411 545 452 ad
579 410 785 464 prologos
819 405 1164 451 Comoediarum,
1194 407 1237 442 et
1268 399 1326 440 ad
1347 399 1606 441 Comoedias
1632 398 1759 452 ipsas
1780 397 1831 437 il-

377 478 628 521 lustrandas
649 479 859 529 excerpta
891 473 992 514 inde
1024 469 1223 525 protulit.
1281 468 1521 522 Superesse
1551 466 1727 508 codices
1746 464 1833 505 Te-

378 548 620 596 rentianos,
652 544 810 598 quibus
838 543 1001 594 glossae
1026 542 1070 580 et
1104 537 1274 579 scholia
1306 536 1478 576 diversa
1508 535 1564 575 ab
1596 533 1699 582 illis,
1731 545 1834 585 quae

379 616 462 656 sub
502 614 674 655 nomine
713 610 892 659 Donati,
935 606 1188 660 Eugraphii,
1226 603 1479 658 Calphurnii
1519 602 1636 656 typis
1667 612 1836 641 excusa

382 687 497 732 sunt,
526 681 665 723 multa
700 683 817 727 sunt,
848 690 948 730 quae
979 675 1086 716 mihi
1118 673 1314 715 suadent.
1375 670 1611 723 Catalogus
1631 668 1835 710 codicum

381 751 494 792 Mss.
518 749 710 791 Latinor.
736 745 948 787 Biblioth.
971 743 1083 796 Reg.
1105 741 1266 783 Galliae
1288 740 1341 781 Τ.
1367 750 1432 780 1v.
1462 741 1661 779 recenset
1679 739 1836 789 praeter

381 818 579 866 codices,
609 815 686 869 qui
719 811 1089 855 Commentarium
1129 809 1292 850 Donati
1331 806 1418 847 No.
1448 805 1576 847 7920.
1609 803 1723 844 Saec.
1761 813 1835 843 XI.

380 886 508 927 7921.
541 884 654 925 Saec.
690 892 774 922 xv,
809 884 854 921 et
889 877 1130 931 Eugraphii
1169 875 1254 916 No.
1291 874 1421 916 7917.
1454 871 1693 920 continent,
1721 870 1836 911 alios

383 952 461 1006 qui
481 952 594 993 inter
613 950 750 990 lineas
773 948 962 1000 glossas,
980 948 1023 984 et
1043 943 1099 984 ad
1121 942 1355 995 marginem
1379 939 1549 981 scholia
1569 939 1728 979 sistunt
1750 936 1837 978 No.

381 1020 511 1063 7900.
543 1018 658 1059 Saec.
685 1027 735 1056 x.
757 1015 883 1057 7903.
916 1014 1033 1055 Saec.
1058 1023 1130 1052 xl.
1151 1010 1278 1060 8403,
1309 1009 1445 1050 alium
1468 1019 1567 1048 cum
1590 1005 1751 1059 glossis
1773 1005 1839 1044 in-

381 1086 688 1131 terlinearibus
723 1084 855 1126 7904.
897 1082 1009 1123 Saec.
1048 1090 1142 1121 xil.
1179 1092 1279 1120 cum
1314 1077 1475 1131 glossis
1510 1074 1568 1116 ad
1602 1074 1837 1126 marginem

384 1156 514 1198 7909.
545 1155 659 1195 Saec.
693 1163 781 1192 XV.
814 1149 941 1192 7916.
973 1146 1180 1201 anonymi
1212 1144 1537 1199 expositionem
1560 1141 1689 1184 7919.
1712 1141 1840 1182 7922.

384 1223 564 1264 Talium
586 1219 792 1262 codicum
824 1217 956 1257 hodie
986 1215 1124 1256 multo
1155 1213 1298 1267 major
1318 1224 1520 1252 numerus
1541 1209 1727 1250 Parisiis
1749 1210 1842 1251 erit.

387 1292 550 1344 Neque
573 1290 616 1330 in
639 1288 740 1330 aliis
773 1284 1064 1327 Bibliothecis
1096 1282 1414 1323 desiderantur.
1473 1279 1548 1320 Jo.
1587 1276 1767 1318 Lamius
1799 1277 1842 1317 in

388 1358 532 1399 Catal.
555 1356 696 1398 Codd.
732 1354 843 1395 Mss.
880 1351 1091 1394 Biblioth.
1129 1348 1438 1391 Riccardianae
1472 1359 1574 1400 pag.
1605 1345 1704 1387 360.
1735 1345 1846 1386 citat

386 1426 637 1468 Terentium
671 1435 773 1464 cum
805 1420 984 1462 scholiis
1018 1419 1201 1460 membr.
1238 1429 1368 1470 quem
1399 1418 1411 1436 ‘
1434 1411 1685 1464 vetustum:
1714 1415 1842 1467 ‘pre-

388 1491 574 1535 tiosum’
604 1493 746 1532 vocat.
803 1487 959 1530 Codex
979 1487 1110 1541 hujus
1133 1485 1301 1539 generis
1321 1483 1424 1524 olim
1447 1480 1844 1536 deprehendebatur

388 1559 732 1614 Guelpherbyti,
763 1555 877 1598 unde
909 1568 936 1595 a
969 1553 1247 1595 serenissimo
1281 1550 1508 1591 conditore
1544 1548 1841 1589 Bibliothecae

390 1628 812 1683 Guelpherbytanae,
847 1624 973 1664 Duce
1007 1619 1326 1662 Brunovicensi
1357 1617 1578 1670 Augusto,
1608 1616 1734 1671 cujus
1765 1628 1846 1656 no—

392 1710 495 1738 men
517 1695 689 1736 interire
713 1692 858 1733 Musae
879 1704 966 1732 non
987 1690 1139 1738 sinent,
1157 1688 1212 1729 ad
1229 1685 1527 1738 Conringium,
1550 1684 1847 1725 Professorem

395 1761 808 1808 Helmstadiensem,
829 1759 1096 1806 mittebatur,
1119 1761 1171 1796 ut
1184 1754 1403 1809 judicium
1425 1752 1480 1793 de
1499 1765 1552 1792 eo
1573 1751 1716 1792 ferret.
1757 1750 1848 1791 Iste

393 1833 492 1873 haec
511 1831 552 1871 in
573 1830 712 1870 fronte
749 1827 861 1868 Msti
894 1824 1133 1878 inscripsit,
1163 1827 1276 1864 teste
1309 1821 1352 1862 J.
1389 1818 1644 1861 Burckhard
1680 1817 1849 1858 Histor.

397 1898 685 1940 Bibliothecae
729 1894 947 1947 Augustae
992 1904 1021 1934 1.
1062 1892 1160 1933 229.
1201 1889 1465 1931 ‘Terentius
1504 1886 1618 1928 Cod.
1659 1886 1850 1926 chartac.

397 1966 553 2009 Codex
575 1966 645 2006 hic
667 1963 861 2005 continet
879 1961 1048 2003 scholia
1067 1961 1110 2001 in
1129 1957 1383 2001 Comoedias
1399 1968 1550 1997 omnes
1565 1954 1850 1995 Terenti-anas

397 2048 484 2076 non
506 2030 838 2074 contemnenda.
900 2030 1013 2081 Quis
1034 2029 1109 2069 ille
1129 2027 1393 2069 scholiastes
1413 2025 1569 2077 ignoro
1588 2036 1598 2073 3
1628 2021 1713 2078 nisi
1733 2020 1850 2074 quod

399 2100 720 2156 deprehendam
743 2103 788 2139 et
810 2102 940 2140 aetate
972 2101 1015 2137 et
1050 2095 1250 2137 doctrina
1284 2094 1405 2134 illum
1428 2104 1526 2132 esse
1550 2091 1724 2131 Donato
1746 2089 1853 2129 inse-
1888 2104 1903 2121 e

400 2170 570 2210 riorem.
615 2167 719 2208 Non
737 2166 870 2207 credo
889 2165 1102 2205 hactenus
1118 2164 1379 2217 impressum
1398 2159 1617 2213 prodiisse
1634 2158 1676 2197 in
1697 2156 1853 2198 lucem.

400 2235 624 2278 Volumen
658 2234 701 2273 in
740 2232 874 2273 Italia
908 2245 1006 2272 esse
1041 2235 1286 2278 exaratum,
1318 2241 1375 2268 ex
1403 2226 1588 2280 adjectis
1612 2224 1684 2264 fini
1706 2224 1854 2277 operis

402 2301 635 2342 versiculis
662 2299 847 2348 Italicis,
880 2298 1085 2350 colligere
1108 2301 1187 2338 est.
1241 2295 1412 2345 ,Modus
1434 2291 1651 2334 scribendi
1672 2291 1854 2340 indicat,

404 2371 615 2423 scriptum
647 2380 745 2407 esse
779 2371 875 2406 ante
902 2366 982 2406 hos
1004 2369 1222 2405 trecentos
1244 2363 1313 2403 vel
1335 2361 1679 2415 quadringentos
1699 2371 1855 2406 annos,

404 2449 651 2490 quanquam
674 2435 771 2487 ipse
795 2438 948 2474 auctor
977 2433 1103 2485 longe
1139 2432 1198 2471 sit
1226 2427 1473 2482 antiquior-³
1532 2426 1737 2467 Codicem
1760 2429 1858 2466 ante

406 2503 619 2545 saeculum
644 2512 759 2541 X111.
782 2505 1013 2541 exaratum
1036 2511 1150 2548 esse,
1182 2498 1239 2538 ob
1262 2496 1485 2536 materiam
1509 2494 1580 2534 cui
1616 2494 1857 2546 inscriptus

408 2575 490 2620 est,
522 2570 712 2610 chartam
747 2568 917 2608 scilicet
952 2566 1185 2607 hodienum
1220 2565 1442 2612 usitatam,
1472 2561 1671 2602 affirmari
1699 2561 1860 2613 nequit.

410 2639 530 2680 Num
554 2637 696 2676 adhuc
720 2634 1042 2688 Guclpherbyti
1065 2638 1325 2680 asservetur,
1356 2631 1426 2671 vel
1447 2642 1534 2683 quo
1556 2634 1762 2669 terrarum
1785 2628 1860 2671 de,-

410 2705 594 2752 vencrit,
626 2702 768 2742 dicere
787 2715 874 2741 non
895 2701 1053 2741 habeo.
1112 2699 1241 2741 Certe
1262 2712 1345 2738 non
1368 2703 1437 2738 est
1457 2697 1541 2737 duo
1558 2695 1860 2747 Guclpherby-

412 2778 610 2813 tanorum
645 2783 772 2818 unus,
804 2782 916 2822 quos
953 2781 1031 2821 pro
1070 2767 1258 2809 editione
1296 2765 1517 2806 Bothiana
1556 2764 1610 2806 cl.
1648 2762 1861 2803 Gcscnius
