1903 3306
488 223 549 253 DE
582 220 766 252 MErms
798 220 1153 250 TEREN'rrANJs.
1465 211 1550 251 253

91 326 172 357 tum
202 317 240 354 in
266 316 402 354 ultima
423 316 555 362 habet,
588 323 727 368 praeter
746 316 900 354 unicam
919 315 1039 361 illam,
1060 314 1208 351 viram:
1238 312 1355 364 idque
1376 322 1477 353 recte
1499 317 1546 354 ob

92 395 259 432 sequens
281 381 502 425 enclificon,
523 394 623 431 que:
659 380 764 430 quod
795 380 855 417 hic
878 379 994 416 semel
1018 379 1176 424 dictum,
1197 378 1236 415 in
1257 378 1437 416 Terentio
1457 393 1548 430 pas-

92 446 162 484 sim
181 445 275 489 fieri,
296 444 593 482 animadvertes.
657 444 764 481 Idem
786 444 959 481 efficiunt
981 455 1055 487 ME,
1076 456 1142 487 TE,
1165 455 1211 479 SE
1229 455 1238 478 :
1272 442 1452 480 Miseram
1476 458 1549 497 me³

92 509 200 560 quod
219 509 377 547 verbum
401 507 548 545 audio?
581 507 724 557 quippe
753 506 838 543 haec
859 506 1020 550 Latinis,
1041 512 1085 542 ut
1104 505 1234 550 etiam,
1256 518 1350 551 rem,
1370 507 1550 544 enclitica

94 580 199 619 sunt,
224 582 264 610 ut
282 571 431 610 Graecis
462 572 552 616 ME,
581 571 658 609 ΣΕ.
715 570 862 607 Eadem
883 577 944 607 est
962 576 1001 607 et
1018 568 1330 619 interrogationis
1351 569 1433 613 vis3
1471 571 1549 608 sive

94 647 182 674 eum
201 648 252 673 ne
271 635 465 681 enclitico,
485 635 566 672 sive
583 635 730 684 absque
749 647 811 671 ne.
852 634 896 670 In
912 633 987 671 hac
1007 633 1123 683 igitur
1140 632 1412 670 concinnitatis
1433 634 1549 671 laude

91 699 261 750 palmam
281 699 456 736 omnibus
478 697 680 748 praeripuit
697 696 926 740 Terentius;
949 709 1110 746 eamque
1132 702 1174 733 ut
1194 697 1378 746 consequi
1400 705 1546 748 posset,

91 769 136 800 ut
153 771 192 800 et
210 762 350 800 vetitos
371 762 471 799 ictus
493 760 692 811 effugeret,
713 767 752 798 et
768 760 959 798 vocabula
975 768 1102 798 tamen
1125 760 1430 809 significantiora
1452 775 1551 798 sem-

94 838 163 876 per
183 827 256 864 sub
276 826 355 862 ictu
375 832 560 876 poneret;
597 837 674 861 non
706 824 851 860 minore
883 823 1012 861 studio
1039 823 1264 874 judicioque
1284 825 1401 861 verba
1419 824 1550 876 dispo-

95 889 186 935 suit,
215 895 254 925 et
274 901 295 925 a
314 900 440 939 prosae
461 886 646 925 orationis
666 886 802 925 ordine
822 886 1003 925 decenter
1032 887 1197 933 invertit,
1226 900 1339 938 quam
1370 888 1551 926 mirificus

95 951 133 989 in
153 951 228 989 hac
246 951 406 988 materie
425 950 563 988 artifex
581 951 664 1000 ipse
683 950 884 999 Virgilius.

146 1014 372 1053 Priscianus
393 1013 441 1052 de
460 1013 637 1051 versibus
660 1012 819 1050 comicis
842 1020 984 1059 narrat,
1006 1013 1150 1051 ‘fuisse
1171 1014 1377 1064 quosdam,
1398 1016 1463 1066 qui
1485 1016 1551 1053 ab·

97 1085 286 1129 negarent
304 1077 385 1115 ulla
404 1090 490 1115 esse
511 1076 550 1113 in
571 1076 740 1114 Terentii
763 1076 970 1114 Comoediis
993 1084 1141 1114 metra:
1171 1077 1228 1115 vel
1263 1091 1322 1124 ea,
1353 1081 1463 1129 quasi
1493 1093 1553 1117 ar-

93 1154 193 1179 cana
213 1140 394 1191 quaedam
415 1148 454 1178 et
473 1142 520 1178 ab
541 1140 717 1177 omnibus
739 1139 866 1176 doctis
888 1146 1050 1186 semota,
1081 1140 1152 1177 sibi
1173 1141 1266 1178 solis
1288 1155 1374 1179 esse
1394 1144 1553 1194 cognita

94 1204 394 1241 confirmarent!
449 1202 597 1240 Ibidem
620 1203 686 1249 ait,
721 1208 730 1223 ‘
751 1202 898 1239 Omnes
920 1203 1074 1253 quidem
1098 1203 1280 1242 Comieos
1299 1207 1441 1244 crebris
1462 1221 1554 1260 syn-

93 1266 255 1317 aloephis
277 1274 316 1304 et
335 1265 636 1318 episynaloepliis
660 1273 700 1304 et
734 1266 1000 1304 collisionibus
1022 1274 1060 1304 et
1080 1268 1361 1318 abjectionibus
1384 1272 1409 1308 S
1431 1272 1553 1310 literae

92 1331 215 1369 fuisse
249 1343 343 1368 usos
377 1329 604 1368 scandendo
637 1343 770 1367 versus
806 1343 920 1373 suos;
951 1331 1222 1369 TEREN‘HUM
1262 1345 1412 1372 AUTEM
1446 1349 1552 1375 PLUS

98 1396 325 1431 ommnus!
378 1393 522 1431 Verum
543 1393 716 1444 profecto
735 1393 810 1431 hoc
830 1400 914 1436 est;
944 1400 983 1431 et
1003 1407 1122 1432 causa
1151 1396 1279 1442 unica,
1308 1410 1377 1435 cur
1407 1401 1553 1450 magis-

93 1457 176 1495 telli
213 1457 277 1494 isti
311 1456 372 1494 vel
409 1464 598 1507 negarent
630 1463 751 1496 metra
781 1470 866 1495 esse
899 1457 1004 1508 apud
1037 1458 1236 1505 Nostrum,
1268 1461 1326 1498 vel
1348 1469 1390 1499 ut
1410 1476 1553 1502 arcana.

95 1519 277 1571 quaedam
306 1519 564 1559 venditarent.
623 1521 739 1565 Quod
761 1534 852 1559 vero
870 1521 934 1559 hic
955 1522 1125 1572 queritur
1146 1530 1184 1561 et
1204 1524 1424 1563 criminatur
1444 1540 1553 1578 mag-

93 1597 168 1622 nus
189 1584 481 1635 grammaticus,
509 1597 588 1622 non
620 1584 753 1622 vitium
787 1592 860 1632 est,
889 1585 959 1623 sed
980 1586 1101 1624 virtus
1119 1587 1287 1625 Terentii
1307 1590 1455 1641 prima:
1486 1593 1551 1642 qui

95 1646 344 1698 synaloephas
364 1647 451 1685 illas
472 1647 566 1686 data
586 1661 705 1699 opera
724 1655 973 1686 consectatus
996 1656 1080 1693 est;
1111 1663 1188 1701 quo
1211 1651 1371 1703 syllabae
1403 1653 1550 1693 ultimae

92 1710 353 1762 liquescerent
371 1713 713 1763 coalescerentque
733 1726 820 1752 curn
848 1715 1123 1764 sequentibus;
1160 1728 1283 1766 eoque
1306 1716 1409 1754 vetiti
1431 1730 1475 1756 ac
1497 1719 1552 1755 vi-

93 1774 181 1812 tiosi
201 1774 240 1812 in
263 1775 405 1814 ultimis
425 1776 524 1814 ictus
546 1775 751 1814 artificiose
771 1776 1048 1827 effugerentur.
1092 1778 1166 1815 Hae
1186 1792 1276 1817 vero
1297 1781 1550 1832 synaloephae,

95 1850 184 1888 quae
206 1840 386 1878 tenebras
411 1840 502 1877 olim
533 1840 730 1891 magistris
762 1840 997 1888 offuderunt,
1021 1841 1101 1892 jam
1137 1843 1175 1879 in
1205 1850 1338 1881 nostra
1368 1844 1551 1893 editione,

94 1903 388 1951 percussionum
407 1903 622 1942 intervallis
643 1904 843 1954 distincta,
872 1919 920 1944 ne
946 1906 1073 1956 pueris
1095 1906 1250 1957 quidem
1274 1909 1473 1959 negotium
1493 1910 1550 1947 fa-

95 1974 267 2004 cessent.

149 2029 291 2067 Totum
313 2036 440 2068 autem
455 2031 544 2077 hoc,
560 2032 666 2082 quod
686 2032 734 2070 de
755 2033 833 2071 ictu
854 2034 892 2071 in
909 2034 1054 2073 ultimis
1072 2033 1231 2086 syllabis
1252 2042 1408 2073 cautum
1429 2036 1550 2074 fuisse

95 2090 278 2138 diximus,
307 2093 355 2131 de
391 2094 564 2132 secunda
593 2102 745 2133 tantum
765 2097 926 2135 trimetri
947 2097 1096 2148 διποδίᾳ
1115 2098 1372 2149 capiendum;
1403 2113 1490 2137 nam
1512 2101 1549 2137 in

96 2155 222 2206 prima
241 2163 280 2194 et
297 2157 411 2195 tertia
431 2170 582 2208 semper
602 2158 736 2202 licuit;
768 2160 959 2210 siquidem
987 2162 1062 2199 ista
1092 2163 1173 2200 sine
1195 2163 1309 2201 venia
1329 2164 1549 2202 conclama-

95 2226 179 2256 tum
198 2228 405 2270 actumque
425 2228 508 2258 erat
527 2221 575 2259 de
590 2222 792 2260 Comoedia
810 2223 1094 2276 Tragoediaque
1116 2226 1266 2265 Latina.
1323 2227 1422 2264 Cum
1436 2228 1550 2279 igitur

95 2281 200 2321 hunc
221 2296 374 2320 versum
396 2283 617 2334 similesque
639 2285 743 2336 apud
766 2286 952 2324 Nostrum
974 2288 1114 2326 videris
1132 2303 1140 2327 :

255 2382 406 2422 Malam
426 2385 531 2436 quod
550 2385 614 2423 isti
637 2386 687 2423 Di
709 2385 882 2437 Deaeque
899 2386 1034 2425 omnes
1056 2387 1170 2425 duint
1187 2402 1195 2425 :

97 2496 191 2522 cave
212 2484 304 2523 vitio
336 2484 375 2522 id
409 2487 536 2538 po'etae
570 2487 756 2530 verteris;
788 2488 874 2534 etsi,
909 2488 1074 2535 Malum,
1101 2489 1197 2527 illud
1217 2496 1270 2537 et,
1291 2491 1438 2537 omnes,
1459 2492 1489 2529 si
1511 2492 1549 2529 in

96 2548 293 2585 communi
323 2548 408 2598 quis
430 2561 606 2587 sermone
627 2550 682 2588 sic
703 2551 887 2598 acuisset,
919 2551 1132 2590 deridiculo
1152 2553 1304 2592 fuisset.
1361 2556 1550 2593 Nimirum

97 2622 209 2648 aures
229 2611 290 2648 vel
310 2611 441 2650 invitae
467 2614 656 2663 patienter
686 2613 726 2651 id
754 2614 943 2662 ferebant,
974 2616 1053 2654 sine
1073 2629 1150 2667 quo
1171 2630 1218 2655 ne
1238 2631 1315 2655 una
1335 2618 1490 2669 quidem
1511 2619 1549 2655 in

99 2672 247 2712 Fabula
280 2688 398 2713 scena
429 2682 581 2728 poterat
609 2677 768 2715 edolari.
829 2677 932 2721 Quin
963 2685 1001 2716 et
1031 2679 1192 2718 Graecos
1212 2682 1316 2732 ipsos
1338 2681 1471 2719 eadem
1493 2689 1549 2720 te-

99 2738 184 2775 nuit
203 2740 428 2785 necessitas,
460 2740 595 2779 eadem
616 2753 734 2791 passa
753 2747 814 2780 est
833 2741 1089 2793 indulgentia.
1148 2745 1246 2782 Cum
1267 2745 1546 2796 Aristophanes

99 2798 209 2846 dixit,
