1945 3296
300 245 358 289 68
860 255 921 284 un
954 253 1207 284 er'rRo.

305 358 466 390 ornatus
486 365 494 390 :
523 365 543 390 e
576 351 717 402 quibus
739 349 893 387 innoxie
915 356 1044 399 patres
1065 348 1296 398 equitesque
1318 347 1485 385 Romani
1515 353 1762 398 prospectare

308 416 508 455 solebant:
538 413 756 466 cujusmodi
778 412 972 463 quendam
996 411 1210 449 Flaminius
1229 411 1366 448 Rornae
1386 411 1628 449 construxit:
1658 411 1765 449 unde

307 481 452 519 circum
475 478 706 516 Flaminium
738 477 918 526 legimus,
948 482 986 512 et
1007 475 1149 512 circum
1171 474 1397 518 Maximum,
1420 487 1442 511 a
1463 474 1621 511 Caesare
1642 473 1765 512 dicta-

307 553 389 583 tore
409 550 664 587 exstructum,
685 541 794 591 cujus
815 539 982 588 vestigia
1003 537 1130 574 adhuc
1151 537 1267 574 hodie
1289 538 1464 576 visuntur
1486 536 1636 581 Romae,
1651 537 1767 588 juxta

310 608 435 647 aedem
463 608 514 645 D.
549 605 779 643 Sebastiano
801 615 963 640 sacram.
1024 601 1112 638 Fuit
1133 609 1263 638 autem
1284 600 1530 651 longitudine
1553 600 1767 638 stadiorum

309 673 438 718 trium,
459 670 664 709 latitudine
681 668 810 713 unius,
827 679 914 704 cum
933 665 1108 702 aedificiis
1123 664 1303 715 jugerum
1321 670 1551 714 quaternum
1568 663 1617 701 ad
1633 664 1766 702 sedem

311 737 566 775 ducentorum
590 733 793 782 sexaginta
824 729 985 767 millium
1017 728 1230 766 hominum.
1287 728 1409 765 Erant
1439 727 1475 764 iu
1498 740 1544 765 eo
1565 734 1679 765 metae
1701 727 1770 765 de-

310 801 464 852 positae,
485 798 647 835 duarum
667 802 735 833 aut
754 794 866 832 trium
887 791 1130 844 pyramidum
1152 791 1314 828 formam
1336 791 1561 829 referentes.
1619 791 1664 828 In
1686 791 1769 842 ejus

313 864 534 902 summitate
555 873 728 899 carceres
749 865 871 901 erant,
892 870 911 893 e
933 856 1072 906 quibus
1093 855 1181 906 equi
1200 856 1374 892 curribus
1395 854 1522 905 juncti
1543 854 1592 892 ad
1613 868 1770 893 cursum

313 929 601 971 emittebantur,
622 931 673 970 et,
694 937 782 961 cum
803 922 850 960 ad
875 934 1065 959 summum
1088 919 1353 965 devenissent,
1373 919 1683 965 revolvebantur,
1704 918 1772 955 do-

313 1006 385 1031 nec
419 991 467 1029 ad
499 990 662 1042 priorem
694 994 835 1026 metam
867 985 1123 1038 pervenirent.
1179 985 1214 1021 A
1244 983 1433 1026 curribus,
1465 982 1541 1020 hoc
1563 992 1635 1029 est,
1655 983 1770 1033 bigis,

312 1056 438 1107 trigis‚
469 1063 508 1093 et
538 1052 753 1104 quadrigis,
774 1050 938 1087 Curules
967 1048 1063 1086 Ludi
1095 1047 1202 1085 dicti.
1261 1046 1374 1084 Unde
1395 1046 1511 1084 etiam
1531 1045 1658 1084 dictos
1675 1054 1771 1098 puto

316 1120 451 1159 aediles
487 1117 656 1163 curules,
689 1114 795 1166 quod
827 1113 872 1150 iis
907 1110 1229 1150 administrandis
1262 1116 1396 1148 essent
1428 1109 1601 1161 praefecti
1619 1122 1628 1147 :
1663 1117 1775 1147 erant

317 1185 419 1222 enim
439 1183 609 1221 omnium
630 1177 940 1231 praestantissimi
962 1176 1074 1214 Ludi.
1133 1176 1235 1213 Nam
1263 1177 1302 1213 in
1336 1175 1382 1212 iis
1410 1186 1452 1212 Se
1485 1174 1704 1220 exercebat,
1736 1181 1776 1212 et

316 1247 468 1299 magnis
501 1245 669 1296 praemiis
705 1240 969 1280 contendebat
1003 1239 1245 1278 nobilissima
1278 1239 1544 1276 Rornanorum
1571 1238 1773 1289 juventus,

318 1313 519 1363 aptiorque
541 1308 590 1346 ad
610 1307 756 1345 bellum
776 1304 1024 1342 reddebatur.
1083 1303 1248 1340 Fiebant
1276 1303 1439 1353 primum
1470 1301 1573 1352 apud
1595 1301 1774 1351 antiquos

318 1377 417 1414 inter
437 1386 551 1412 enses
572 1378 611 1410 et
630 1371 802 1415 flumina,
826 1375 867 1405 ut
887 1368 935 1404 ab
953 1372 1116 1417 utraque
1145 1372 1255 1417 parte
1285 1370 1390 1403 esset
1415 1364 1581 1416 ignaviae
1601 1377 1775 1416 praesens

318 1439 546 1491 periculum.

375 1504 596 1553 Agitatores
619 1499 712 1536 dicti
733 1504 824 1536 sunt
843 1497 988 1546 aurigae
1009 1495 1046 1532 in
1069 1495 1204 1532 Curuli
1224 1493 1444 1531 Certamine
1473 1499 1513 1530 et
1542 1491 1662 1530 Ludis
1694 1493 1779 1531 Cir·

321 1568 515 1611 censibus,
546 1577 708 1616 quorum
744 1562 933 1599 factiones
965 1566 1076 1597 erant
1103 1571 1127 1596 a
1156 1558 1372 1595 tunicarum
1402 1556 1622 1594 coloribus:
1653 1563 1695 1594 ut
1716 1556 1779 1593 alii

324 1634 544 1671 dicerentur
572 1628 747 1672 Russati,
781 1625 926 1670 Albati,
956 1623 1122 1669 Prasini,
1144 1622 1312 1664 Veneti3
1344 1628 1461 1671 atque
1482 1620 1536 1657 ita
1554 1619 1779 1658 insistentes

323 1696 497 1736 curribus
523 1694 702 1745 juvenes,
734 1690 939 1728 velocitate
969 1701 1170 1739 equorum,
1200 1692 1267 1723 aut
1295 1685 1529 1736 agitatorum
1551 1689 1632 1722 arte
1651 1684 1780 1722 trahe-

322 1762 478 1799 bantur.

379 1825 499 1862 Erant
520 1829 557 1861 et
579 1821 810 1863 desultores,
840 1817 907 1868 qui
928 1817 1027 1854 duos
1049 1828 1169 1866 equos
1192 1816 1339 1864 absque
1360 1811 1551 1864 ephippiis
1572 1810 1781 1861 agitantes,

326 1903 372 1928 ex
393 1889 514 1926 altero
535 1888 571 1924 in
595 1886 756 1923 alterum
779 1882 943 1920 subinde
964 1880 1058 1918 mira
1077 1878 1307 1931 pernicitate
1329 1876 1581 1915 desiliebant:
1604 1875 1780 1926 amphip-

325 1966 396 2004 pos
419 1951 547 1989 Graeci
569 1955 724 1987 vocant.
783 1947 888 1984 Hinc
910 1943 1123 1982 desultoria
1155 1942 1294 1980 levitas
1325 1940 1362 1977 in
1398 1938 1640 1991 proverbium
1661 1937 1780 1976 abiit:

327 2024 366 2055 et
384 2017 472 2067 equi
494 2013 695 2052 desultorii
716 2011 822 2055 dicti,
845 2010 894 2047 ad
915 2008 952 2046 id
973 2014 1166 2045 certamen
1190 2003 1486 2043 accommodati.

381 2080 537 2118 Celetes
557 2084 595 2116 et
613 2076 878 2119 celetizontes,
904 2071 1055 2122 equites
1076 2076 1186 2108 erant
1220 2070 1258 2106 in
1289 2067 1508 2105 Certamine
1537 2066 1672 2104 Curuli
1704 2079 1782 2104 non

326 2145 428 2196 bigis
449 2149 515 2181 aut
534 2140 733 2192 quadrigis
756 2144 924 2182 utentes,
961 2134 1030 2173 sed
1062 2147 1163 2185 equo
1184 2146 1261 2171 uno
1292 2131 1506 2170 insidentes
1526 2143 1535 2168 z
1564 2129 1785 2181 cujusmodi

327 2217 522 2248 certarnen
542 2205 658 2243 hodie
678 2216 833 2254 quoque
854 2199 1051 2239 nonnullis
1071 2199 1109 2236 in
1129 2198 1226 2236 locis
1244 2197 1474 2235 celebratur.

384 2272 481 2310 Ludi
501 2269 718 2322 gladiatorii
739 2268 964 2318 plerumque
986 2270 1077 2315 post
1097 2262 1282 2300 Scenicos
1302 2261 1462 2298 fiebant.
1520 2259 1565 2297 In
1585 2258 1631 2296 iis
1652 2257 1784 2298 decer-

331 2338 465 2376 tabant
496 2333 652 2386 gladiis,
679 2330 946 2383 populumque
976 2326 1091 2365 eeleri
1121 2325 1333 2376 agitatione
1363 2322 1581 2374 gladiorum
1611 2321 1784 2359 oblecta-

329 2403 438 2439 bant.
494 2397 765 2435 Gladiatorum
801 2400 929 2431 autem
963 2403 1118 2442 genera,
1155 2389 1326 2441 Retiarii‚
1363 2389 1584 2433 secutores,
1620 2384 1785 2422 Mirmil-

330 2465 455 2509 lones,
477 2459 750 2512 Hoplomachi,
771 2458 966 2495 Thraces:
997 2466 1159 2505 quorum
1180 2451 1357 2502 exempla
1378 2449 1483 2502 apud
1505 2455 1682 2487 auctores
1703 2460 1786 2486 cre-

330 2530 400 2566 bra
432 2532 534 2565 sunt.
602 2523 752 2561 Horum
783 2521 1024 2558 institutores
1059 2531 1104 2555 ac
1135 2516 1308 2567 magistri
1342 2515 1497 2552 lanistae
1532 2513 1784 2551 vocabantur.

333 2593 420 2629 Non
443 2589 541 2628 enirn
576 2587 700 2637 ignari
735 2584 973 2636 gladiatoriae
1005 2583 1097 2620 artis
1128 2580 1336 2632 prodibant
1355 2580 1394 2616 in
1417 2577 1609 2628 publicum
1632 2581 1787 2626 specta-

332 2655 475 2704 culum,
507 2652 555 2689 ad
590 2650 749 2701 praemia
769 2646 1059 2697 consequenda.
1121 2646 1259 2695 Itaque
1281 2642 1385 2693 apud
1407 2641 1571 2679 lanistas
1591 2640 1698 2690 prius
1719 2651 1786 2676 ex-

333 2719 563 2756 ercebantur
582 2716 618 2752 in
641 2712 907 2750 umbratilibus
938 2710 1096 2760 pugnis,
1127 2721 1224 2758 quas
1246 2705 1500 2745 sciamachias
1522 2702 1651 2741 Graeci
1670 2714 1788 2741 voca-

335 2790 441 2820 runt:
464 2779 566 2831 quod
590 2775 811 2827 hujusmodi
832 2787 975 2826 pugnae
998 2772 1204 2810 simulacra
1225 2772 1295 2821 sub
1311 2776 1413 2808 tecto
1429 2768 1510 2807 fieri
1531 2767 1643 2805 solita
1664 2773 1786 2813 erant,
