1903 3306
304 221 390 263 484
799 234 839 263 P.
871 233 1112 265 TERENTII
1147 235 1263 266 Arm

303 324 393 375 PH.
427 324 630 367 Concede
660 325 779 368 istuc
808 326 1070 380 paululum:
1108 328 1287 371 audin’?
1320 330 1574 374 etiamnunc
1605 334 1761 389 paulu-

477 393 591 436 lum:
613 400 684 435 sat
706 398 786 436 est.

304 462 498 504 Dicdum
512 462 594 504 hoc
606 475 803 505 rursum:
828 463 1011 506 Chaerea
1027 468 1147 507 tuam
1165 470 1333 508 vestem
1348 466 1542 510 detraxit
1557 469 1670 514 tibi?
1705 470 1762 513 40

303 532 397 574 Do.
430 531 631 572 Factum.
678 531 768 572 PH.
805 531 864 572 Et
881 545 934 572 ea
947 539 1014 574 est
1032 533 1243 575 indutus?
1299 535 1387 576 Do.
1420 536 1618 578 Factum.
1667 538 1762 580 Pu.

473 598 531 640 Et
552 612 634 653 pro
656 604 698 640 te
717 600 802 641 huc
823 600 1037 642 deductus
1059 602 1161 643 est‘l
1224 602 1314 643 Do.
1346 603 1431 645 Ita.

302 665 394 707 PH.
423 665 603 721 Jupiter
624 680 782 720 magne
800 668 810 709 ἒ
831 681 858 709 o
884 668 1115 710 scelestum
1134 672 1266 724 atque
1283 669 1498 712 audacem
1516 670 1760 714 hominem!

476 735 567 775 PY.
607 735 691 776 Vae
712 735 842 777 mihi!

301 801 563 843 Etiamnunc
584 816 670 844 non
693 804 850 853 credis,
874 804 1066 856 indignis
1086 817 1167 845 nos
1190 817 1287 845 esse
1306 805 1457 847 irrisas
1478 807 1652 850 modis'?

302 869 392 910 PH.
426 870 588 911 Mirum
610 872 654 913 ni
676 876 723 912 tu
746 872 908 923 credis,
931 873 1051 926 quod
1067 873 1152 914 iste
1169 872 1302 914 dicit:
1327 874 1436 927 quid
1453 886 1579 927 agam
1595 876 1760 918 nescio.

302 938 432 980 Heus
452 939 460 980 !
482 943 642 992 negato
663 953 848 981 rursum.
909 940 1162 982 Possumne
1193 954 1272 994 ego
1291 941 1422 983 hodie
1443 954 1502 983 ex
1523 946 1565 984 te
1584 945 1763 986 exscul-

474 1021 578 1060 pere
1704 1013 1763 1053 45

304 1121 402 1159 Dore,
415 1122 519 1153 secede
532 1122 589 1152 huc
602 1122 771 1162 paululum.
803 1122 963 1154 Audisne?
986 1123 1081 1154 Nunc
1093 1124 1187 1155 etium
1201 1124 1370 1164 paululum.
1409 1123 1496 1155 Satis
1509 1126 1566 1155 est.
1599 1123 1762 1164 Responde

301 1164 379 1194 mihi
396 1164 518 1196 iterum.
567 1166 737 1197 Chaereane
753 1169 838 1196 tuam
859 1169 974 1197 restem
994 1167 1133 1198 detraxit
1150 1166 1207 1198 tibi
1222 1165 1237 1199 Z?
1280 1167 1352 1198 Do.
1376 1167 1508 1198 Factum
1525 1170 1570 1198 est
1584 1166 1642 1198 itu.
1686 1166 1760 1197 Pu.

302 1207 348 1237 Et
364 1217 429 1238 eum
444 1207 572 1240 induit?
617 1209 685 1240 Do.
712 1209 856 1248 factum,
871 1210 1007 1249 inquam.
1053 1210 1120 1242 PA.
1146 1210 1189 1240 Et
1204 1220 1258 1250 pro
1272 1213 1302 1240 te
1318 1211 1357 1240 ud
1371 1210 1518 1241 Thaidem
1532 1210 1680 1241 deductus
1695 1213 1761 1241 est?

301 1249 374 1282 Do.
399 1250 517 1282 Etiam.
563 1252 632 1283 ΡΗ.
657 1252 743 1282 Proh
758 1253 894 1283 maxime
917 1252 1054 1283 Deorum
1080 1252 1229 1292 Jupiter!
1270 1253 1299 1283 0
1324 1252 1480 1291 nefarium
1500 1256 1530 1284 et
1553 1252 1761 1293 impudentem

302 1292 477 1324 hominem!
521 1294 591 1325 ΡΥ.
622 1294 651 1326 V
651 1305 678 1324 ce
693 1295 769 1326 mihi
787 1295 919 1326 mis-erce.
968 1296 1075 1330 Quid?
1096 1296 1229 1327 etiamne
1243 1305 1325 1326 nunc
1338 1297 1461 1327 credere
1476 1305 1537 1327 non
1552 1295 1602 1326 vis
1620 1296 1762 1334 indignis

301 1345 357 1366 nos
373 1345 437 1366 esse
451 1337 572 1367 delusas
587 1338 686 1368 dolis?
730 1338 801 1369 Pu.
825 1338 1008 1369 Mirandum
1020 1341 1111 1377 esset,
1135 1338 1162 1369 εἰ
1184 1349 1243 1369 uon
1260 1342 1294 1370 tu
1308 1348 1395 1369 servu
1408 1349 1496 1369 servo
1508 1338 1609 1380 fidem
1623 1338 1760 1369 haberes.

304 1378 390 1415 Quid
405 1389 496 1418 agam
509 1380 645 1412 incertus
658 1389 738 1412 sum.
783 1382 834 1413 Αη
849 1391 907 1412 non
927 1391 1048 1421 possum
1064 1381 1153 1413 hodie
1167 1392 1207 1414 ex
1221 1385 1252 1413 te
1270 1392 1375 1413 verum
1391 1383 1582 1422 exprimere?
1606 1381 1695 1413 Heus
1712 1384 1759 1421 tu,

912 1493 1147 1505 “eene-meu&

301 1559 379 1600 lum]
405 1560 462 1592 Fa.
478 1564 513 1592 et
530 1559 638 1592 Codd.
651 1569 767 1591 omnes
779 1560 938 1601 paululum
954 1573 964 1592 :
988 1561 1045 1592 sed
1059 1561 1170 1592 versui
1187 1560 1319 1602 syllaba
1335 1564 1505 1601 superest.
1547 1561 1613 1592 Vir
1634 1559 1758 1592 doctus

300 1603 483 1634 intextum
501 1604 635 1644 recepit
647 1604 783 1643 paulum.
831 1604 906 1635 Hoc
935 1605 1055 1645 probe.
1095 1605 1192 1636 Bent.
1224 1605 1361 1635 Paulum
1388 1604 1492 1635 Both.
1537 1604 1648 1635 Etiam
1675 1603 1755 1644 Bip.

302 1647 515 1686 Deum—40
531 1646 700 1686 Choerean]
725 1647 770 1678 Et
787 1647 821 1677 in
834 1647 933 1678 Bem.
950 1653 986 1679 et
1003 1648 1035 1678 in
1053 1647 1127 1678 aliis
1145 1647 1292 1687 antiquis
1310 1651 1362 1677 est
1380 1646 1522 1678 Chcerea.
1542 1647 1601 1678 Fa.
1635 1645 1755 1678 Nostri

302 1699 436 1731 quoque
461 1699 573 1720 omncs
589 1689 730 1722 Chaerea.
754 1691 858 1721 Beut.
893 1690 957 1721 Dic
971 1690 1058 1731 dum]
1080 1691 1144 1722 Dic
1159 1693 1194 1721 tu
1211 1690 1248 1722 C.
1265 1690 1294 1722 1.
1323 1690 1362 1731 [i.
1383 1699 1414 1720 e.
1439 1689 1698 1729 cod.Jenensis,
1723 1696 1760 1721 ut

301 1732 465 1773 videtur]
492 1733 578 1763 Perl-
613 1733 737 1763 Rursus
752 1733 854 1764 Both.
870 1737 905 1764 et
924 1733 1182 1764 Chaerean’.—-41
1209 1733 1293 1764 Mss.
1308 1732 1454 1773 plusculi
1471 1737 1505 1763 et
1524 1732 1602 1763 edd.
1624 1742 1692 1763 eam
1712 1736 1757 1764 est

299 1776 447 1807 indutus?
471 1775 567 1806 Leid.
588 1785 687 1814 ulum,
705 1786 772 1806 eam
798 1779 843 1807 est
853 1776 1018 1807 inductus?
1040 1777 1147 1807 West.
1172 1777 1215 1806 Et
1228 1786 1285 1815 pro
1301 1779 1331 1806 te
1346 1775 1403 1806 huc
1417 1776 1566 1806 deductus
1580 1774 1642 1814 est]
1670 1774 1759 1805 Exa-

301 1819 388 1858 gitat
403 1828 533 1856 omnes,
546 1818 603 1859 qui
619 1819 667 1849 ita
682 1819 812 1859 legunt,
830 1824 988 1860 tanquam
1005 1823 1169 1854 amentes,
1193 1819 1395 1849 Palmerius.
1430 1818 1569 1849 Scilicet
1583 1818 1760 1849 existimat

301 1862 375 1893 haec
398 1862 431 1892 in
449 1861 577 1892 aedibus
599 1861 667 1892 suis
681 1861 807 1892 dixisse
824 1861 1019 1893 Phaedriam
1036 1873 1045 1900 3
1071 1861 1160 1893 unde
1176 1871 1242 1892 non
1260 1860 1366 1892 fuerit
1382 1861 1579 1899 dicendum,
1601 1861 1670 1899 huc,
1696 1860 1757 1891 sed

300 1904 381 1935 hinc.
429 1904 657 1945 Legitigitur‚
678 1914 735 1945 pro
752 1905 902 1936 teductus
914 1909 986 1936 est?
1008 1906 1136 1936 Veruui
1155 1905 1237 1935 illud
1266 1904 1309 1934 de
1333 1903 1464 1934 aedibus
1487 1905 1595 1942 gratis
1621 1902 1758 1934 dicitur.

302 1948 346 1979 Et
362 1947 414 1988 eu]
437 1948 496 1979 Pr.
512 1957 543 1988 p.
570 1950 663 1979 1185.
686 1950 694 1965 ‘
710 1947 856 1978 Indutus
874 1953 1004 1979 vestem
1022 1954 1056 1979 et
1082 1953 1177 1978 veste
1191 1947 1212 1978 :'
1230 1946 1417 1978 accusativi
1432 1946 1591 1986 exempla
1614 1955 1657 1977 ex
1681 1946 1759 1976 Vir-

301 1990 380 2029 gilio
394 1991 501 2031 pelit3
529 1990 667 2021 ablativi
685 2000 726 2022 ex
739 1991 902 2029 hocloco,
927 1992 968 2022 Ee
985 2001 1021 2022 ea
1037 1995 1082 2022 est
1098 1991 1238 2022 indutus.
1284 1990 1377 2030 Lego
1394 1993 1509 2020 tamen
1526 1999 1602 2020 cum
1618 1989 1758 2026 nostris,

301 2043 367 2063 uno
384 2034 512 2072 deuito,
528 2033 697 2070 omnibus,
712 2038 746 2064 et
763 2043 839 2064 cum
857 2034 945 2065 Edd.
962 2039 1048 2065 vett.
1072 2035 1115 2064 Ec
1131 2043 1208 2064 eam.
1233 2033 1337 2063 Bent.
1361 2042 1460 2073 quein
1486 2032 1640 2074 sequitur
1653 2032 1756 2064 Both.

301 2076 357 2117 qui
375 2081 521 2108 testatur
537 2077 584 2107 ita
601 2076 726 2107 habere
741 2086 817 2107 suos
834 2076 933 2109 codd.
952 2080 987 2108 et
1003 2079 1049 2108 sic
1061 2080 1194 2108 monet:
1220 2076 1228 2092 ‘
1243 2076 1349 2106 Recte
1364 2076 1420 2106 hic
1435 2075 1565 2115 legitur
1579 2075 1758 2113 deduc-lust,

301 2118 323 2149 i.
341 2128 371 2150 e.
395 2120 559 2150 deductus
576 2124 641 2159 esl‚
662 2119 736 2160 ipso
751 2128 851 2150 versu
868 2120 900 2151 id
917 2118 1105 2160 flagitante.
1150 2119 1274 2158 Neque
1299 2128 1362 2158 ego
1388 2119 1473 2149 tales
1499 2118 1756 2149 contractiones

301 2162 436 2193 omuino
452 2163 632 2202 improbo:
656 2163 715 2193 sed
734 2163 879 2194 rariores
896 2172 971 2194 esse
995 2163 1092 2194 dico:
1118 2162 1303 2201 scripturas
1328 2165 1440 2192 alitem
1467 2161 1525 2192 lias
1556 2165 1592 2192 et
1618 2160 1759 2200 similes,

301 2205 454 2245 meritu's,
470 2205 592 2245 sorti‘s,
615 2215 688 2245 pro,
712 2206 854 2237 meritus
880 2215 926 2245 es,
948 2205 1045 2237 fortis
1072 2215 1121 2244 es,
1143 2215 1227 2246 quas
1253 2205 1353 2236 Bent.
1377 2204 1524 2244 induxit,
1548 2204 1757 2235 auctoritate

301 2257 419 2279 carere
436 2258 571 2279 censeo.
595 2248 693 2278 Both.
731 2249 906 2280 Deductust
926 2249 1029 2280 Bent.
1055 2247 1211 2279 Deductu’
1235 2251 1280 2278 est
1297 2247 1373 2287 Bip.
1391 2247 1519 2288 Delph.
1556 2245 1757 2278 Deductus’st

302 2290 428 2323 Z.—43
454 2292 546 2322 Cave
570 2290 676 2322 facias
704 2301 779 2322 cum
806 2292 878 2323 viro
906 2291 1044 2323 erudito
1070 2291 1214 2332 primam
1241 2290 1274 2320 in
1301 2289 1493 2330 ‘indignis’
1522 2289 1671 2320 brevem.
1716 2289 1756 2320 In

301 2333 432 2365 duobus
450 2335 573 2365 nostris
588 2334 686 2365 deest
701 2345 793 2373 nunc,
815 2335 849 2365 in
874 2344 940 2365 uno
955 2345 1026 2365 non.
1072 2335 1228 2375 Repone,
1251 2333 1359 2363 Etiam
1382 2343 1461 2364 nunc
1482 2334 1586 2363 credes
1604 2331 1757 2371 indignis.

302 2376 406 2409 Beut.
453 2378 562 2408 Etiam
577 2377 792 2417 noninclignis
805 2378 908 2409 credis
924 2387 977 2408 nos
1000 2377 1101 2408 Both.
1147 2377 1225 2407 Esse
1250 2376 1380 2407 omittit
1405 2376 1569 2416 Elin-44
1593 2374 1650 2406 Ita
1665 2374 1758 2414 dedi,

300 2426 436 2451 secutus
454 2420 694 2452 auctoritatem
710 2420 852 2461 Guyeti.
895 2420 972 2452 Nec
988 2418 1063 2450 fere
1088 2419 1233 2450 ‘mirum
1258 2418 1312 2449 nI'
1340 2418 1480 2457 dicitur,
1502 2418 1565 2449 nisi
1592 2423 1758 2459 sequente

300 2462 500 2494 indicativo.
548 2464 618 2494 ΕΡ.
642 2463 763 2494 Mirum
777 2464 817 2495 si.
840 2464 949 2495 West.
995 2463 1116 2494 Mirum
1129 2463 1162 2493 ni
1178 2466 1211 2493 tu
1225 2462 1330 2492 credas
1351 2463 1431 2502 quod
1454 2461 1513 2492 iste
1535 2459 1637 2500 dicat]
1659 2460 1756 2492 Bem.

300 2505 333 2535 iu
351 2511 513 2537 contextu
530 2506 715 2537 nonhabet
732 2516 917 2546 pronomen
934 2510 981 2545 lu,
1003 2515 1066 2537 nec
1088 2506 1143 2536 liic
1168 2514 1230 2536 uec
1258 2505 1290 2534 in
1314 2505 1471 2545 sequenti
1496 2513 1608 2543 versu,
1629 2503 1662 2534 in
1689 2513 1756 2545 quo

300 2548 434 2589 quidem
454 2559 550 2579 versu
567 2558 631 2579 nec
648 2549 706 2580 ulli
723 2549 778 2580 alii
803 2548 920 2590 scripti
944 2558 1018 2579 eam
1046 2558 1164 2580 vocem
1191 2547 1330 2587 liabent,
1351 2546 1408 2577 sed
1438 2551 1515 2588 post
1530 2548 1540 2564 ‘
1554 2555 1735 2587 possumne
1749 2546 1756 2559 ’

301 2592 457 2631 sequitui·
474 2592 505 2622 iu
524 2591 678 2623 omnibus
694 2601 760 2630 ego.
784 2592 843 2623 Fa.
888 2592 979 2632 Lege
1002 2601 1045 2623 ex
1074 2591 1204 2622 duobus
1233 2590 1356 2621 nostris
1387 2594 1422 2621 et
1449 2599 1515 2621 uno
1532 2589 1576 2621 G.
1593 2589 1755 2626 Fabricii,

301 2635 422 2665 Mirum
438 2635 471 2664 ni
497 2638 531 2665 tu
554 2635 666 2665 credis.
711 2635 768 2665 Ita
794 2636 922 2666 Noster
948 2645 1023 2665 cum
1050 2633 1242 2665 Indieativo
1272 2642 1415 2674 semper.
1438 2633 1535 2664 Bent.
1582 2632 1699 2662 credas
1715 2631 1755 2662 Z.

301 2677 398 2707 Dicat
416 2677 456 2707 Z.
474 2678 576 2708 Beut.
592 2678 670 2717 Bip.
714 2678 753 2708 Si
771 2687 831 2717 pro
847 2678 880 2708 ni
896 2677 1011 2709 Guelf.
1028 2680 1060 2708 2.
1108 2677 1193 2712 Quid
1212 2685 1341 2715 agamus
1354 2675 1416 2706 scio
1433 2675 1591 2707 luz—45
1614 2674 1655 2705 In
1672 2673 1755 2705 duo-

301 2719 514 2758 busnostris,
539 2725 575 2751 et
603 2720 692 2752 Edd.
720 2725 805 2752 vett.
830 2720 928 2751 deest
952 2730 1021 2760 ego.
1068 2720 1159 2760 Lege
1185 2724 1310 2759 tamen,
1334 2718 1508 2749 Possumne
1520 2716 1608 2747 hodie
1619 2726 1697 2756 ego:
1721 2722 1757 2748 et

301 2772 409 2793 rursus
433 2764 534 2802 malo,
556 2772 656 2804 quarn
682 2773 816 2794 rursum.
839 2764 942 2794 Bent.
988 2763 1136 2794 Omnino
1163 2762 1317 2803 sequitur
1345 2760 1447 2791 Both.
1491 2759 1582 2791 Heus
1609 2763 1644 2791 tu.
1674 2759 1754 2800 Bip.

303 2805 404 2846 Heus,
425 2809 557 2845 ueguto‚·
584 2815 708 2838 rursus:
728 2816 889 2846 possumne
900 2806 997 2837 Peri.
1014 2807 1070 2847 qui
1089 2810 1186 2836 notat
1210 2808 1244 2835 iu
1268 2813 1340 2843 neg.
1364 2803 1489 2834 hebere
1507 2801 1623 2834 Guelf.
1637 2804 1754 2834 2.-46
