<?xml version="1.0" encoding="UTF-8"?>
<!DOCTYPE html PUBLIC "-//W3C//DTD XHTML 1.0 Transitional//EN"
    "http://www.w3.org/TR/xhtml1/DTD/xhtml1-transitional.dtd">
<html xmlns="http://www.w3.org/1999/xhtml" xml:lang="en" lang="en">
 <head>
  <title>
</title>
<meta http-equiv="Content-Type" content="text/html;charset=utf-8" />
  <meta name='ocr-system' content='tesseract 3.04.00' />
  <meta name='ocr-capabilities' content='ocr_page ocr_carea ocr_par ocr_line ocrx_word'/>
</head>
<body>
  <div class='ocr_page' id='page_1' title='image "./pubterentiiafric01tereuoft/pubterentiiafric01tereuoft_0424.png"; bbox 0 0 1903 3306; ppageno 0'>
   <div class='ocr_carea' id='block_1_1' title="bbox 340 210 1294 251">
    <p class='ocr_par' dir='ltr' id='par_1_1' title="bbox 340 210 1294 251">
     <span class='ocr_line' id='line_1_1' title="bbox 340 210 1294 251; baseline -0.001 -1"><span class='ocrx_word' id='word_1_1' title='bbox 340 210 426 251; x_wconf 92' lang='grc'>414</span> <span class='ocrx_word' id='word_1_2' title='bbox 831 221 871 251; x_wconf 83' lang='lat' dir='ltr'>P.</span> <span class='ocrx_word' id='word_1_3' title='bbox 904 219 1143 250; x_wconf 77' lang='lat' dir='ltr'>TERENTH</span> <span class='ocrx_word' id='word_1_4' title='bbox 1178 219 1294 250; x_wconf 52' lang='grc' dir='ltr'>ΑΒΜ</span> 
     </span>
    </p>
   </div>
   <div class='ocr_carea' id='block_1_2' title="bbox 341 313 1803 1249">
    <p class='ocr_par' dir='ltr' id='par_1_2' title="bbox 341 313 1217 363">
     <span class='ocr_line' id='line_1_2' title="bbox 341 313 1217 363; baseline -0.001 -9"><span class='ocrx_word' id='word_1_5' title='bbox 341 313 631 363; x_wconf 84' lang='lat' dir='ltr'><strong>Ancillulam,</strong></span> <span class='ocrx_word' id='word_1_6' title='bbox 649 313 817 355; x_wconf 87' lang='lat' dir='ltr'>relictis</span> <span class='ocrx_word' id='word_1_7' title='bbox 838 313 973 354; x_wconf 86' lang='lat' dir='ltr'>rebus</span> <span class='ocrx_word' id='word_1_8' title='bbox 996 314 1217 363; x_wconf 85' lang='lat' dir='ltr'>omnibus,</span> 
     </span>
    </p>

    <p class='ocr_par' dir='ltr' id='par_1_3' title="bbox 343 381 1366 435">
     <span class='ocr_line' id='line_1_3' title="bbox 343 381 1366 435; baseline -0.002 -12"><span class='ocrx_word' id='word_1_9' title='bbox 343 382 579 432; x_wconf 69' lang='lat' dir='ltr'>Quaesivi?</span> <span class='ocrx_word' id='word_1_10' title='bbox 602 394 731 435; x_wconf 89' lang='lat' dir='ltr'>porro</span> <span class='ocrx_word' id='word_1_11' title='bbox 756 382 1015 422; x_wconf 87' lang='lat' dir='ltr'><strong>Eunuchum</strong></span> <span class='ocrx_word' id='word_1_12' title='bbox 1037 381 1151 422; x_wconf 82' lang='lat' dir='ltr'>dixti</span> <span class='ocrx_word' id='word_1_13' title='bbox 1173 381 1284 421; x_wconf 87' lang='lat' dir='ltr'>velle</span> <span class='ocrx_word' id='word_1_14' title='bbox 1306 384 1366 431; x_wconf 90' lang='lat' dir='ltr'>te,</span> 
     </span>
    </p>

    <p class='ocr_par' dir='ltr' id='par_1_4' title="bbox 344 449 1272 501">
     <span class='ocr_line' id='line_1_4' title="bbox 344 449 1272 501; baseline -0.002 -11"><span class='ocrx_word' id='word_1_15' title='bbox 344 450 466 500; x_wconf 98' lang='lat' dir='ltr'>Quia</span> <span class='ocrx_word' id='word_1_16' title='bbox 487 449 600 490; x_wconf 81' lang='lat' dir='ltr'>solae</span> <span class='ocrx_word' id='word_1_17' title='bbox 623 453 797 490; x_wconf 88' lang='lat' dir='ltr'>utuntur</span> <span class='ocrx_word' id='word_1_18' title='bbox 815 450 884 489; x_wconf 83' lang='lat' dir='ltr'>his</span> <span class='ocrx_word' id='word_1_19' title='bbox 905 449 1095 501; x_wconf 82' lang='lat' dir='ltr'>reginae3</span> <span class='ocrx_word' id='word_1_20' title='bbox 1118 449 1272 501; x_wconf 91' lang='lat' dir='ltr'>reperi.</span> 
     </span>
    </p>

    <p class='ocr_par' dir='ltr' id='par_1_5' title="bbox 345 515 1275 570">
     <span class='ocr_line' id='line_1_5' title="bbox 345 515 1275 570; baseline -0.004 -12"><span class='ocrx_word' id='word_1_21' title='bbox 345 517 458 558; x_wconf 86' lang='lat' dir='ltr'>Heri</span> <span class='ocrx_word' id='word_1_22' title='bbox 477 517 622 558; x_wconf 87' lang='lat' dir='ltr'>minas</span> <span class='ocrx_word' id='word_1_23' title='bbox 643 517 797 570; x_wconf 82' lang='lat' dir='ltr'>viginti</span> <span class='ocrx_word' id='word_1_24' title='bbox 817 529 896 570; x_wconf 90' lang='lat' dir='ltr'>pro</span> <span class='ocrx_word' id='word_1_25' title='bbox 918 517 1134 557; x_wconf 88' lang='lat' dir='ltr'>ambobus</span> <span class='ocrx_word' id='word_1_26' title='bbox 1158 515 1275 556; x_wconf 89' lang='lat' dir='ltr'>dedi.</span> 
     </span>
    </p>

    <p class='ocr_par' dir='ltr' id='par_1_6' title="bbox 342 580 1799 775">
     <span class='ocr_line' id='line_1_6' title="bbox 342 580 1799 626; baseline -0.001 -1"><span class='ocrx_word' id='word_1_27' title='bbox 342 585 511 626; x_wconf 84' lang='lat' dir='ltr'>Tamen</span> <span class='ocrx_word' id='word_1_28' title='bbox 531 588 781 626; x_wconf 84' lang='lat' dir='ltr'>contemtus</span> <span class='ocrx_word' id='word_1_29' title='bbox 804 585 885 625; x_wconf 91' lang='lat' dir='ltr'>abs</span> <span class='ocrx_word' id='word_1_30' title='bbox 907 587 972 624; x_wconf 82' lang='lat' dir='ltr'>te:</span> <span class='ocrx_word' id='word_1_31' title='bbox 1005 583 1102 624; x_wconf 82' lang='lat' dir='ltr'>haec</span> <span class='ocrx_word' id='word_1_32' title='bbox 1122 582 1257 623; x_wconf 87' lang='lat' dir='ltr'>habui</span> <span class='ocrx_word' id='word_1_33' title='bbox 1277 582 1323 622; x_wconf 89' lang='lat' dir='ltr'>in</span> <span class='ocrx_word' id='word_1_34' title='bbox 1343 580 1568 622; x_wconf 84' lang='lat' dir='ltr'>memoria.</span> <span class='ocrx_word' id='word_1_35' title='bbox 1742 581 1799 623; x_wconf 88' lang='grc'>90</span> 
     </span>
     <span class='ocr_line' id='line_1_7' title="bbox 345 648 1770 705; baseline -0.003 -13"><span class='ocrx_word' id='word_1_36' title='bbox 345 652 416 693; x_wconf 92' lang='lat' dir='ltr'>Ob</span> <span class='ocrx_word' id='word_1_37' title='bbox 438 653 533 694; x_wconf 81' lang='lat' dir='ltr'>haec</span> <span class='ocrx_word' id='word_1_38' title='bbox 549 653 671 693; x_wconf 86' lang='lat' dir='ltr'>facta</span> <span class='ocrx_word' id='word_1_39' title='bbox 692 653 771 692; x_wconf 86' lang='lat' dir='ltr'>abs</span> <span class='ocrx_word' id='word_1_40' title='bbox 792 660 835 692; x_wconf 89' lang='lat' dir='ltr'>te</span> <span class='ocrx_word' id='word_1_41' title='bbox 858 664 1057 705; x_wconf 88' lang='lat' dir='ltr'>spernor.</span> <span class='ocrx_word' id='word_1_42' title='bbox 1117 650 1207 691; x_wconf 88' lang='grc' dir='ltr'>ΤΗ.</span> <span class='ocrx_word' id='word_1_43' title='bbox 1241 649 1364 700; x_wconf 84' lang='lat' dir='ltr'>Quid</span> <span class='ocrx_word' id='word_1_44' title='bbox 1385 649 1502 698; x_wconf 89' lang='lat' dir='ltr'>istic,</span> <span class='ocrx_word' id='word_1_45' title='bbox 1528 648 1770 690; x_wconf 71' lang='lat' dir='ltr'>Phaedria?</span> 
     </span>
     <span class='ocr_line' id='line_1_8' title="bbox 344 716 1705 775; baseline -0.004 -13"><span class='ocrx_word' id='word_1_46' title='bbox 344 720 612 775; x_wconf 82' lang='lat' dir='ltr'>Quanquam</span> <span class='ocrx_word' id='word_1_47' title='bbox 631 721 755 760; x_wconf 88' lang='lat' dir='ltr'>illam</span> <span class='ocrx_word' id='word_1_48' title='bbox 780 720 913 773; x_wconf 90' lang='lat' dir='ltr'>cupio</span> <span class='ocrx_word' id='word_1_49' title='bbox 936 718 1169 767; x_wconf 90' lang='lat' dir='ltr'>abducere,</span> <span class='ocrx_word' id='word_1_50' title='bbox 1190 721 1324 771; x_wconf 89' lang='lat' dir='ltr'>atque</span> <span class='ocrx_word' id='word_1_51' title='bbox 1344 717 1430 758; x_wconf 90' lang='lat' dir='ltr'>hac</span> <span class='ocrx_word' id='word_1_52' title='bbox 1450 729 1497 757; x_wconf 88' lang='lat' dir='ltr'>re</span> <span class='ocrx_word' id='word_1_53' title='bbox 1517 716 1705 757; x_wconf 81' lang='lat' dir='ltr'>arbitror</span> 
     </span>
    </p>

    <p class='ocr_par' dir='ltr' id='par_1_7' title="bbox 346 787 1248 842">
     <span class='ocr_line' id='line_1_9' title="bbox 346 787 1248 842; baseline -0.007 -12"><span class='ocrx_word' id='word_1_54' title='bbox 346 789 402 830; x_wconf 89' lang='lat' dir='ltr'>Id</span> <span class='ocrx_word' id='word_1_55' title='bbox 422 789 514 829; x_wconf 91' lang='lat' dir='ltr'>fieri</span> <span class='ocrx_word' id='word_1_56' title='bbox 533 800 664 842; x_wconf 80' lang='lat' dir='ltr'>posse</span> <span class='ocrx_word' id='word_1_57' title='bbox 686 787 903 828; x_wconf 83' lang='lat' dir='ltr'>maxime:</span> <span class='ocrx_word' id='word_1_58' title='bbox 928 790 1248 834; x_wconf 81' lang='lat' dir='ltr'>verumtamen,</span> 
     </span>
    </p>

    <p class='ocr_par' dir='ltr' id='par_1_8' title="bbox 345 851 1656 909">
     <span class='ocr_line' id='line_1_10' title="bbox 345 851 1656 909; baseline -0.005 -11"><span class='ocrx_word' id='word_1_59' title='bbox 345 857 501 898; x_wconf 86' lang='lat' dir='ltr'>Potius</span> <span class='ocrx_word' id='word_1_60' title='bbox 522 869 652 909; x_wconf 90' lang='lat' dir='ltr'>quam</span> <span class='ocrx_word' id='word_1_61' title='bbox 674 859 717 896; x_wconf 88' lang='lat' dir='ltr'>te</span> <span class='ocrx_word' id='word_1_62' title='bbox 739 855 964 895; x_wconf 90' lang='lat' dir='ltr'>inimicum</span> <span class='ocrx_word' id='word_1_63' title='bbox 984 854 1186 902; x_wconf 82' lang='lat' dir='ltr'>habeam,</span> <span class='ocrx_word' id='word_1_64' title='bbox 1208 852 1368 893; x_wconf 85' lang='lat' dir='ltr'>faciam</span> <span class='ocrx_word' id='word_1_65' title='bbox 1389 855 1438 892; x_wconf 84' lang='lat' dir='ltr'>ut</span> <span class='ocrx_word' id='word_1_66' title='bbox 1453 851 1656 905; x_wconf 85' lang='lat' dir='ltr'>jusseris.</span> 
     </span>
    </p>

    <p class='ocr_par' dir='ltr' id='par_1_9' title="bbox 345 917 1803 1112">
     <span class='ocr_line' id='line_1_11' title="bbox 345 917 1803 968; baseline -0.005 -3"><span class='ocrx_word' id='word_1_67' title='bbox 345 925 436 966; x_wconf 84' lang='lat' dir='ltr'>PH.</span> <span class='ocrx_word' id='word_1_68' title='bbox 469 923 652 965; x_wconf 87' lang='lat' dir='ltr'>Utinam</span> <span class='ocrx_word' id='word_1_69' title='bbox 674 923 791 963; x_wconf 87' lang='lat' dir='ltr'>istuc</span> <span class='ocrx_word' id='word_1_70' title='bbox 811 923 992 964; x_wconf 87' lang='lat' dir='ltr'>verbum</span> <span class='ocrx_word' id='word_1_71' title='bbox 1013 934 1073 961; x_wconf 81' lang='lat' dir='ltr'>ex</span> <span class='ocrx_word' id='word_1_72' title='bbox 1094 922 1242 961; x_wconf 90' lang='lat' dir='ltr'>animo</span> <span class='ocrx_word' id='word_1_73' title='bbox 1264 933 1317 961; x_wconf 88' lang='lat' dir='ltr'>ac</span> <span class='ocrx_word' id='word_1_74' title='bbox 1336 932 1437 960; x_wconf 91' lang='lat' dir='ltr'>vere</span> <span class='ocrx_word' id='word_1_75' title='bbox 1457 918 1645 968; x_wconf 88' lang='lat' dir='ltr'>diceres,</span> <span class='ocrx_word' id='word_1_76' title='bbox 1745 917 1803 958; x_wconf 81' lang='lat'>95</span> 
     </span>
     <span class='ocr_line' id='line_1_12' title="bbox 346 986 1668 1047; baseline -0.005 -14"><span class='ocrx_word' id='word_1_77' title='bbox 346 992 510 1033; x_wconf 89' lang='lat' dir='ltr'>Potius</span> <span class='ocrx_word' id='word_1_78' title='bbox 532 1004 664 1047; x_wconf 87' lang='lat' dir='ltr'>quam</span> <span class='ocrx_word' id='word_1_79' title='bbox 685 995 729 1031; x_wconf 90' lang='lat' dir='ltr'>te</span> <span class='ocrx_word' id='word_1_80' title='bbox 749 990 975 1031; x_wconf 90' lang='lat' dir='ltr'>inimicum</span> <span class='ocrx_word' id='word_1_81' title='bbox 994 989 1183 1030; x_wconf 88' lang='lat' dir='ltr'>habeam</span> <span class='ocrx_word' id='word_1_82' title='bbox 1202 1001 1214 1030; x_wconf 75' lang='lat'>2</span> <span class='ocrx_word' id='word_1_83' title='bbox 1245 988 1283 1029; x_wconf 90' lang='lat' dir='ltr'>si</span> <span class='ocrx_word' id='word_1_84' title='bbox 1301 988 1422 1028; x_wconf 89' lang='lat' dir='ltr'>istuc</span> <span class='ocrx_word' id='word_1_85' title='bbox 1443 986 1668 1028; x_wconf 86' lang='lat' dir='ltr'>crederem</span> 
     </span>
     <span class='ocr_line' id='line_1_13' title="bbox 347 1056 1264 1112; baseline -0.003 -11"><span class='ocrx_word' id='word_1_86' title='bbox 347 1061 525 1101; x_wconf 89' lang='lat' dir='ltr'>Sincere</span> <span class='ocrx_word' id='word_1_87' title='bbox 547 1060 651 1109; x_wconf 91' lang='lat' dir='ltr'>dici,</span> <span class='ocrx_word' id='word_1_88' title='bbox 673 1058 851 1112; x_wconf 88' lang='lat' dir='ltr'>quidvis</span> <span class='ocrx_word' id='word_1_89' title='bbox 871 1071 1055 1112; x_wconf 82' lang='lat' dir='ltr'>possem</span> <span class='ocrx_word' id='word_1_90' title='bbox 1075 1056 1264 1111; x_wconf 88' lang='lat' dir='ltr'>perpeti.</span> 
     </span>
    </p>

    <p class='ocr_par' dir='ltr' id='par_1_10' title="bbox 347 1123 1460 1178">
     <span class='ocr_line' id='line_1_14' title="bbox 347 1123 1460 1178; baseline -0.005 -9"><span class='ocrx_word' id='word_1_91' title='bbox 347 1129 437 1169; x_wconf 85' lang='lat' dir='ltr'>PA.</span> <span class='ocrx_word' id='word_1_92' title='bbox 469 1127 695 1176; x_wconf 87' lang='lat' dir='ltr'>Labascit,</span> <span class='ocrx_word' id='word_1_93' title='bbox 717 1126 863 1167; x_wconf 88' lang='lat' dir='ltr'>victus</span> <span class='ocrx_word' id='word_1_94' title='bbox 883 1138 971 1166; x_wconf 91' lang='lat' dir='ltr'>uno</span> <span class='ocrx_word' id='word_1_95' title='bbox 994 1125 1155 1166; x_wconf 88' lang='lat' dir='ltr'>verbo:</span> <span class='ocrx_word' id='word_1_96' title='bbox 1186 1137 1321 1178; x_wconf 91' lang='lat' dir='ltr'>quam</span> <span class='ocrx_word' id='word_1_97' title='bbox 1343 1123 1430 1164; x_wconf 86' lang='lat' dir='ltr'>cito</span> <span class='ocrx_word' id='word_1_98' title='bbox 1448 1123 1460 1163; x_wconf 88' lang='lat'>!</span> 
     </span>
    </p>

    <p class='ocr_par' dir='ltr' id='par_1_11' title="bbox 346 1188 1542 1249">
     <span class='ocr_line' id='line_1_15' title="bbox 346 1188 1542 1249; baseline -0.006 -12"><span class='ocrx_word' id='word_1_99' title='bbox 346 1197 437 1237; x_wconf 80' lang='grc' dir='ltr'>ΤΗ.</span> <span class='ocrx_word' id='word_1_100' title='bbox 471 1196 564 1249; x_wconf 83' lang='lat' dir='ltr'>Ego</span> <span class='ocrx_word' id='word_1_101' title='bbox 584 1208 669 1236; x_wconf 92' lang='lat' dir='ltr'>non</span> <span class='ocrx_word' id='word_1_102' title='bbox 689 1207 746 1236; x_wconf 87' lang='lat' dir='ltr'>ex</span> <span class='ocrx_word' id='word_1_103' title='bbox 766 1193 913 1235; x_wconf 90' lang='lat' dir='ltr'>animo</span> <span class='ocrx_word' id='word_1_104' title='bbox 931 1193 1094 1234; x_wconf 86' lang='lat' dir='ltr'>misera</span> <span class='ocrx_word' id='word_1_105' title='bbox 1113 1191 1249 1233; x_wconf 68' lang='lat' dir='ltr'>dico?</span> <span class='ocrx_word' id='word_1_106' title='bbox 1281 1203 1416 1245; x_wconf 88' lang='lat' dir='ltr'>quam</span> <span class='ocrx_word' id='word_1_107' title='bbox 1431 1188 1542 1243; x_wconf 85' lang='lat' dir='ltr'>joco</span> 
     </span>
    </p>
   </div>
   <div class='ocr_carea' id='block_1_3' title="bbox 344 1317 1808 1795">
    <p class='ocr_par' dir='ltr' id='par_1_12' title="bbox 344 1317 1808 1795">
     <span class='ocr_line' id='line_1_16' title="bbox 348 1317 1803 1367; baseline -0.005 -11"><span class='ocrx_word' id='word_1_108' title='bbox 348 1326 539 1366; x_wconf 78' lang='lat' dir='ltr'>AEthiopem,</span> <span class='ocrx_word' id='word_1_109' title='bbox 552 1325 739 1367; x_wconf 78' lang='lat' dir='ltr'>posthabitis</span> <span class='ocrx_word' id='word_1_110' title='bbox 760 1323 850 1355; x_wconf 85' lang='lat' dir='ltr'>rebus</span> <span class='ocrx_word' id='word_1_111' title='bbox 865 1322 960 1353; x_wconf 80' lang='lat' dir='ltr'>etiam</span> <span class='ocrx_word' id='word_1_112' title='bbox 974 1319 1155 1352; x_wconf 75' lang='lat' dir='ltr'>necessariis</span> <span class='ocrx_word' id='word_1_113' title='bbox 1169 1321 1325 1351; x_wconf 82' lang='lat' dir='ltr'>emendam</span> <span class='ocrx_word' id='word_1_114' title='bbox 1347 1317 1503 1360; x_wconf 79' lang='lat' dir='ltr'>quoesivi?</span> <span class='ocrx_word' id='word_1_115' title='bbox 1525 1318 1709 1350; x_wconf 80' lang='lat' dir='ltr'>Eunuchum</span> <span class='ocrx_word' id='word_1_116' title='bbox 1722 1327 1803 1358; x_wconf 69' lang='grc' dir='ltr'>μνω-</span> 
     </span>
     <span class='ocr_line' id='line_1_17' title="bbox 348 1361 1805 1409; baseline -0.006 -10"><span class='ocrx_word' id='word_1_117' title='bbox 348 1372 445 1406; x_wconf 68' lang='grc' dir='ltr'>ίενθα,</span> <span class='ocrx_word' id='word_1_118' title='bbox 462 1379 549 1409; x_wconf 82' lang='lat' dir='ltr'>quem</span> <span class='ocrx_word' id='word_1_119' title='bbox 563 1368 675 1399; x_wconf 78' lang='lat' dir='ltr'>dixisti</span> <span class='ocrx_word' id='word_1_120' title='bbox 700 1372 730 1399; x_wconf 86' lang='lat' dir='ltr'>te</span> <span class='ocrx_word' id='word_1_121' title='bbox 752 1368 839 1405; x_wconf 85' lang='lat' dir='ltr'>velle,</span> <span class='ocrx_word' id='word_1_122' title='bbox 863 1365 936 1405; x_wconf 79' lang='lat' dir='ltr'>quia</span> <span class='ocrx_word' id='word_1_123' title='bbox 961 1364 1069 1394; x_wconf 87' lang='lat' dir='ltr'>horum</span> <span class='ocrx_word' id='word_1_124' title='bbox 1091 1372 1184 1403; x_wconf 83' lang='lat' dir='ltr'>opera</span> <span class='ocrx_word' id='word_1_125' title='bbox 1207 1363 1327 1402; x_wconf 83' lang='lat' dir='ltr'>reginae</span> <span class='ocrx_word' id='word_1_126' title='bbox 1351 1364 1425 1394; x_wconf 83' lang='lat' dir='ltr'>solae</span> <span class='ocrx_word' id='word_1_127' title='bbox 1449 1366 1594 1402; x_wconf 81' lang='lat' dir='ltr'>utuntur,</span> <span class='ocrx_word' id='word_1_128' title='bbox 1619 1361 1805 1402; x_wconf 78' lang='lat' dir='ltr'>comparavi.</span> 
     </span>
     <span class='ocr_line' id='line_1_18' title="bbox 349 1403 1805 1451; baseline -0.006 -9"><span class='ocrx_word' id='word_1_129' title='bbox 349 1411 434 1442; x_wconf 81' lang='lat' dir='ltr'>Heri</span> <span class='ocrx_word' id='word_1_130' title='bbox 448 1412 562 1450; x_wconf 78' lang='lat' dir='ltr'>viginti</span> <span class='ocrx_word' id='word_1_131' title='bbox 578 1412 677 1442; x_wconf 84' lang='lat' dir='ltr'>minas</span> <span class='ocrx_word' id='word_1_132' title='bbox 692 1421 746 1451; x_wconf 81' lang='lat' dir='ltr'>pro</span> <span class='ocrx_word' id='word_1_133' title='bbox 762 1411 917 1440; x_wconf 76' lang='lat' dir='ltr'>amborum</span> <span class='ocrx_word' id='word_1_134' title='bbox 932 1406 1032 1447; x_wconf 84' lang='lat' dir='ltr'>pretio</span> <span class='ocrx_word' id='word_1_135' title='bbox 1043 1406 1178 1446; x_wconf 81' lang='lat' dir='ltr'>persolvi</span> <span class='ocrx_word' id='word_1_136' title='bbox 1192 1416 1203 1442; x_wconf 89' lang='lat'><em>;</em></span> <span class='ocrx_word' id='word_1_137' title='bbox 1226 1410 1341 1445; x_wconf 82' lang='lat' dir='ltr'>tumen,</span> <span class='ocrx_word' id='word_1_138' title='bbox 1353 1406 1424 1436; x_wconf 82' lang='lat' dir='ltr'>licet</span> <span class='ocrx_word' id='word_1_139' title='bbox 1439 1409 1561 1446; x_wconf 78' lang='lat' dir='ltr'>spretus</span> <span class='ocrx_word' id='word_1_140' title='bbox 1576 1415 1595 1436; x_wconf 82' lang='lat' dir='ltr'>a</span> <span class='ocrx_word' id='word_1_141' title='bbox 1609 1408 1652 1444; x_wconf 84' lang='lat' dir='ltr'>te,</span> <span class='ocrx_word' id='word_1_142' title='bbox 1665 1405 1730 1435; x_wconf 84' lang='lat' dir='ltr'>hoec</span> <span class='ocrx_word' id='word_1_143' title='bbox 1745 1403 1805 1434; x_wconf 84' lang='lat' dir='ltr'>tibi</span> 
     </span>
     <span class='ocr_line' id='line_1_19' title="bbox 344 1445 1804 1492; baseline -0.005 -9"><span class='ocrx_word' id='word_1_144' title='bbox 344 1458 441 1492; x_wconf 75' lang='lat' dir='ltr'>gratu</span> <span class='ocrx_word' id='word_1_145' title='bbox 468 1459 501 1485; x_wconf 84' lang='lat' dir='ltr'>ut</span> <span class='ocrx_word' id='word_1_146' title='bbox 523 1465 654 1485; x_wconf 81' lang='lat' dir='ltr'>emerem</span> <span class='ocrx_word' id='word_1_147' title='bbox 679 1454 712 1484; x_wconf 82' lang='lat' dir='ltr'>in</span> <span class='ocrx_word' id='word_1_148' title='bbox 735 1452 879 1483; x_wconf 79' lang='lat' dir='ltr'>memoria</span> <span class='ocrx_word' id='word_1_149' title='bbox 900 1449 1006 1481; x_wconf 86' lang='lat' dir='ltr'>habui.</span> <span class='ocrx_word' id='word_1_150' title='bbox 1054 1449 1119 1479; x_wconf 86' lang='lat' dir='ltr'>Pro</span> <span class='ocrx_word' id='word_1_151' title='bbox 1146 1448 1195 1479; x_wconf 87' lang='lat' dir='ltr'>his</span> <span class='ocrx_word' id='word_1_152' title='bbox 1215 1449 1248 1479; x_wconf 82' lang='lat' dir='ltr'>in</span> <span class='ocrx_word' id='word_1_153' title='bbox 1269 1452 1300 1479; x_wconf 83' lang='lat' dir='ltr'>te</span> <span class='ocrx_word' id='word_1_154' title='bbox 1326 1448 1457 1486; x_wconf 66' lang='lat' dir='ltr'>viceritis,</span> <span class='ocrx_word' id='word_1_155' title='bbox 1481 1450 1638 1489; x_wconf 71' lang='lat' dir='ltr'>despectus</span> <span class='ocrx_word' id='word_1_156' title='bbox 1653 1457 1719 1477; x_wconf 79' lang='lat' dir='ltr'>sum</span> <span class='ocrx_word' id='word_1_157' title='bbox 1734 1445 1804 1477; x_wconf 78' lang='lat' dir='ltr'>tibi.</span> 
     </span>
     <span class='ocr_line' id='line_1_20' title="bbox 348 1488 1805 1536; baseline -0.007 -8"><span class='ocrx_word' id='word_1_158' title='bbox 348 1498 416 1528; x_wconf 80' lang='grc' dir='ltr'>ΤΠ.</span> <span class='ocrx_word' id='word_1_159' title='bbox 443 1498 594 1532; x_wconf 61' lang='lat' dir='ltr'>Quaenam</span> <span class='ocrx_word' id='word_1_160' title='bbox 610 1501 681 1528; x_wconf 77' lang='lat' dir='ltr'>sunt</span> <span class='ocrx_word' id='word_1_161' title='bbox 698 1497 774 1534; x_wconf 81' lang='lat' dir='ltr'>ista,</span> <span class='ocrx_word' id='word_1_162' title='bbox 790 1505 857 1536; x_wconf 80' lang='lat' dir='ltr'>quae</span> <span class='ocrx_word' id='word_1_163' title='bbox 879 1493 969 1531; x_wconf 74' lang='lat' dir='ltr'>dicis,</span> <span class='ocrx_word' id='word_1_164' title='bbox 984 1489 1162 1523; x_wconf 57' lang='lat' dir='ltr'>Phaedria?</span> <span class='ocrx_word' id='word_1_165' title='bbox 1187 1492 1336 1526; x_wconf 77' lang='lat' dir='ltr'>Quamvis</span> <span class='ocrx_word' id='word_1_166' title='bbox 1350 1492 1428 1522; x_wconf 80' lang='lat' dir='ltr'>hanc</span> <span class='ocrx_word' id='word_1_167' title='bbox 1444 1491 1641 1530; x_wconf 81' lang='lat' dir='ltr'>Pamphilam</span> <span class='ocrx_word' id='word_1_168' title='bbox 1662 1489 1750 1530; x_wconf 81' lang='lat' dir='ltr'>cupio</span> <span class='ocrx_word' id='word_1_169' title='bbox 1767 1488 1805 1519; x_wconf 85' lang='lat' dir='ltr'>ab</span> 
     </span>
     <span class='ocr_line' id='line_1_21' title="bbox 348 1532 1806 1580; baseline -0.006 -10"><span class='ocrx_word' id='word_1_170' title='bbox 348 1540 401 1570; x_wconf 81' lang='lat' dir='ltr'>illo</span> <span class='ocrx_word' id='word_1_171' title='bbox 419 1540 517 1571; x_wconf 82' lang='lat' dir='ltr'>milite</span> <span class='ocrx_word' id='word_1_172' title='bbox 532 1541 667 1580; x_wconf 83' lang='lat' dir='ltr'>recipere</span> <span class='ocrx_word' id='word_1_173' title='bbox 681 1550 692 1575; x_wconf 87' lang='lat'>;</span> <span class='ocrx_word' id='word_1_174' title='bbox 715 1543 805 1579; x_wconf 75' lang='lat' dir='ltr'>atque</span> <span class='ocrx_word' id='word_1_175' title='bbox 820 1538 876 1568; x_wconf 83' lang='lat' dir='ltr'>hac</span> <span class='ocrx_word' id='word_1_176' title='bbox 889 1537 1020 1569; x_wconf 81' lang='lat' dir='ltr'>ratione,</span> <span class='ocrx_word' id='word_1_177' title='bbox 1046 1535 1074 1565; x_wconf 84' lang='lat' dir='ltr'>si</span> <span class='ocrx_word' id='word_1_178' title='bbox 1090 1537 1125 1565; x_wconf 90' lang='lat' dir='ltr'>tu</span> <span class='ocrx_word' id='word_1_179' title='bbox 1140 1535 1287 1565; x_wconf 73' lang='lat' dir='ltr'>concedas</span> <span class='ocrx_word' id='word_1_180' title='bbox 1302 1534 1427 1564; x_wconf 80' lang='lat' dir='ltr'>biduum</span> <span class='ocrx_word' id='word_1_181' title='bbox 1441 1534 1548 1568; x_wconf 75' lang='lat' dir='ltr'>militi,</span> <span class='ocrx_word' id='word_1_182' title='bbox 1575 1542 1678 1564; x_wconf 82' lang='lat' dir='ltr'>censeo</span> <span class='ocrx_word' id='word_1_183' title='bbox 1693 1532 1727 1562; x_wconf 86' lang='lat' dir='ltr'>id</span> <span class='ocrx_word' id='word_1_184' title='bbox 1750 1541 1806 1572; x_wconf 79' lang='lat' dir='ltr'>po-</span> 
     </span>
     <span class='ocr_line' id='line_1_22' title="bbox 347 1575 1807 1624; baseline -0.006 -12"><span class='ocrx_word' id='word_1_185' title='bbox 347 1583 503 1614; x_wconf 70' lang='lat' dir='ltr'>tissimum</span> <span class='ocrx_word' id='word_1_186' title='bbox 510 1583 587 1624; x_wconf 84' lang='lat' dir='ltr'>fieri</span> <span class='ocrx_word' id='word_1_187' title='bbox 602 1592 690 1622; x_wconf 80' lang='lat' dir='ltr'>posse</span> <span class='ocrx_word' id='word_1_188' title='bbox 705 1593 715 1618; x_wconf 83' lang='lat'>,·</span> <span class='ocrx_word' id='word_1_189' title='bbox 737 1586 886 1618; x_wconf 80' lang='lat' dir='ltr'>attamen,</span> <span class='ocrx_word' id='word_1_190' title='bbox 906 1580 1013 1619; x_wconf 80' lang='lat' dir='ltr'>potius</span> <span class='ocrx_word' id='word_1_191' title='bbox 1027 1587 1118 1616; x_wconf 81' lang='lat' dir='ltr'>quam</span> <span class='ocrx_word' id='word_1_192' title='bbox 1132 1577 1332 1608; x_wconf 78' lang='lat' dir='ltr'>inimicitiam</span> <span class='ocrx_word' id='word_1_193' title='bbox 1351 1581 1438 1608; x_wconf 83' lang='lat' dir='ltr'>tuam</span> <span class='ocrx_word' id='word_1_194' title='bbox 1458 1576 1637 1616; x_wconf 79' lang='lat' dir='ltr'>suscipiam,</span> <span class='ocrx_word' id='word_1_195' title='bbox 1660 1575 1807 1614; x_wconf 81' lang='lat' dir='ltr'>obsequar</span> 
     </span>
     <span class='ocr_line' id='line_1_23' title="bbox 350 1619 1807 1666; baseline -0.006 -10"><span class='ocrx_word' id='word_1_196' title='bbox 350 1626 585 1666; x_wconf 76' lang='lat' dir='ltr'>quibuscumque</span> <span class='ocrx_word' id='word_1_197' title='bbox 593 1626 694 1664; x_wconf 80' lang='lat' dir='ltr'>jussis</span> <span class='ocrx_word' id='word_1_198' title='bbox 709 1625 782 1655; x_wconf 79' lang='lat' dir='ltr'>tuis.</span> <span class='ocrx_word' id='word_1_199' title='bbox 829 1624 900 1654; x_wconf 83' lang='grc' dir='ltr'>ΡΗ.</span> <span class='ocrx_word' id='word_1_200' title='bbox 932 1621 1060 1652; x_wconf 82' lang='lat' dir='ltr'>Utinam</span> <span class='ocrx_word' id='word_1_201' title='bbox 1076 1629 1115 1650; x_wconf 79' lang='lat' dir='ltr'>ex</span> <span class='ocrx_word' id='word_1_202' title='bbox 1129 1620 1227 1650; x_wconf 79' lang='lat' dir='ltr'>animi</span> <span class='ocrx_word' id='word_1_203' title='bbox 1242 1620 1398 1650; x_wconf 78' lang='lat' dir='ltr'>sententia</span> <span class='ocrx_word' id='word_1_204' title='bbox 1413 1622 1442 1649; x_wconf 78' lang='lat' dir='ltr'>et</span> <span class='ocrx_word' id='word_1_205' title='bbox 1458 1619 1576 1649; x_wconf 82' lang='lat' dir='ltr'>sincere</span> <span class='ocrx_word' id='word_1_206' title='bbox 1589 1619 1807 1658; x_wconf 67' lang='lat' dir='ltr'>pronuntians</span> 
     </span>
     <span class='ocr_line' id='line_1_24' title="bbox 349 1661 1807 1708; baseline -0.005 -10"><span class='ocrx_word' id='word_1_207' title='bbox 349 1670 411 1698; x_wconf 82' lang='lat' dir='ltr'>ista</span> <span class='ocrx_word' id='word_1_208' title='bbox 427 1669 518 1699; x_wconf 79' lang='lat' dir='ltr'>verba</span> <span class='ocrx_word' id='word_1_209' title='bbox 542 1669 667 1708; x_wconf 81' lang='lat' dir='ltr'>(potius</span> <span class='ocrx_word' id='word_1_210' title='bbox 682 1678 773 1708; x_wconf 83' lang='lat' dir='ltr'>quam</span> <span class='ocrx_word' id='word_1_211' title='bbox 798 1670 882 1697; x_wconf 80' lang='lat' dir='ltr'>tuam</span> <span class='ocrx_word' id='word_1_212' title='bbox 897 1663 1095 1695; x_wconf 79' lang='lat' dir='ltr'>inimicitiam</span> <span class='ocrx_word' id='word_1_213' title='bbox 1108 1661 1299 1702; x_wconf 77' lang='lat' dir='ltr'>suscipiam)</span> <span class='ocrx_word' id='word_1_214' title='bbox 1310 1673 1320 1693; x_wconf 91' lang='lat'>.·</span> <span class='ocrx_word' id='word_1_215' title='bbox 1347 1663 1375 1693; x_wconf 94' lang='lat' dir='ltr'>si</span> <span class='ocrx_word' id='word_1_216' title='bbox 1388 1662 1473 1693; x_wconf 83' lang='lat' dir='ltr'>istud</span> <span class='ocrx_word' id='word_1_217' title='bbox 1488 1663 1641 1693; x_wconf 72' lang='lat' dir='ltr'>crederem</span> <span class='ocrx_word' id='word_1_218' title='bbox 1657 1669 1727 1691; x_wconf 77' lang='lat' dir='ltr'>vere</span> <span class='ocrx_word' id='word_1_219' title='bbox 1741 1669 1761 1690; x_wconf 80' lang='grc' dir='ltr'><em>α</em></span> <span class='ocrx_word' id='word_1_220' title='bbox 1775 1662 1807 1689; x_wconf 84' lang='lat' dir='ltr'>te</span> 
     </span>
     <span class='ocr_line' id='line_1_25' title="bbox 351 1703 1807 1748; baseline -0.007 -7"><span class='ocrx_word' id='word_1_221' title='bbox 351 1712 425 1746; x_wconf 83' lang='lat' dir='ltr'>dici,</span> <span class='ocrx_word' id='word_1_222' title='bbox 441 1712 520 1742; x_wconf 81' lang='lat' dir='ltr'>nihil</span> <span class='ocrx_word' id='word_1_223' title='bbox 537 1715 599 1742; x_wconf 75' lang='lat' dir='ltr'>tam</span> <span class='ocrx_word' id='word_1_224' title='bbox 612 1712 771 1741; x_wconf 79' lang='lat' dir='ltr'>molestum</span> <span class='ocrx_word' id='word_1_225' title='bbox 785 1712 829 1740; x_wconf 87' lang='lat' dir='ltr'>est</span> <span class='ocrx_word' id='word_1_226' title='bbox 845 1709 922 1748; x_wconf 83' lang='lat' dir='ltr'>quod</span> <span class='ocrx_word' id='word_1_227' title='bbox 938 1717 997 1736; x_wconf 86' lang='lat' dir='ltr'>non</span> <span class='ocrx_word' id='word_1_228' title='bbox 1012 1715 1126 1745; x_wconf 82' lang='lat' dir='ltr'>possem</span> <span class='ocrx_word' id='word_1_229' title='bbox 1139 1704 1291 1746; x_wconf 65' lang='lat' dir='ltr'>perferre.</span> <span class='ocrx_word' id='word_1_230' title='bbox 1323 1706 1390 1736; x_wconf 85' lang='grc' dir='ltr'>ΡΑ.</span> <span class='ocrx_word' id='word_1_231' title='bbox 1412 1705 1512 1736; x_wconf 77' lang='lat' dir='ltr'>Nutat</span> <span class='ocrx_word' id='word_1_232' title='bbox 1528 1703 1733 1742; x_wconf 76' lang='lat' dir='ltr'>corruiturus,</span> <span class='ocrx_word' id='word_1_233' title='bbox 1749 1711 1807 1732; x_wconf 74' lang='lat' dir='ltr'>uno</span> 
     </span>
     <span class='ocr_line' id='line_1_26' title="bbox 352 1745 1808 1795; baseline -0.007 -11"><span class='ocrx_word' id='word_1_234' title='bbox 352 1755 441 1786; x_wconf 78' lang='lat' dir='ltr'>verbo</span> <span class='ocrx_word' id='word_1_235' title='bbox 453 1756 601 1795; x_wconf 75' lang='lat' dir='ltr'>impulsus</span> <span class='ocrx_word' id='word_1_236' title='bbox 613 1755 706 1786; x_wconf 78' lang='lat' dir='ltr'>illico.</span> <span class='ocrx_word' id='word_1_237' title='bbox 742 1753 811 1784; x_wconf 80' lang='grc' dir='ltr'>ΤΗ.</span> <span class='ocrx_word' id='word_1_238' title='bbox 834 1752 889 1782; x_wconf 86' lang='lat' dir='ltr'>Me</span> <span class='ocrx_word' id='word_1_239' title='bbox 905 1747 1071 1781; x_wconf 81' lang='lat' dir='ltr'>miseram!</span> <span class='ocrx_word' id='word_1_240' title='bbox 1094 1757 1134 1778; x_wconf 80' lang='lat' dir='ltr'>an</span> <span class='ocrx_word' id='word_1_241' title='bbox 1146 1758 1207 1778; x_wconf 86' lang='lat' dir='ltr'>non</span> <span class='ocrx_word' id='word_1_242' title='bbox 1220 1757 1275 1788; x_wconf 82' lang='lat' dir='ltr'>ego</span> <span class='ocrx_word' id='word_1_243' title='bbox 1289 1749 1344 1780; x_wconf 86' lang='lat' dir='ltr'>hoc</span> <span class='ocrx_word' id='word_1_244' title='bbox 1360 1758 1399 1780; x_wconf 80' lang='lat' dir='ltr'>ex</span> <span class='ocrx_word' id='word_1_245' title='bbox 1410 1748 1508 1779; x_wconf 81' lang='lat' dir='ltr'>animi</span> <span class='ocrx_word' id='word_1_246' title='bbox 1518 1747 1673 1778; x_wconf 79' lang='lat' dir='ltr'>sententia</span> <span class='ocrx_word' id='word_1_247' title='bbox 1688 1749 1717 1776; x_wconf 85' lang='lat' dir='ltr'>et</span> <span class='ocrx_word' id='word_1_248' title='bbox 1729 1745 1808 1776; x_wconf 82' lang='lat' dir='ltr'>serio</span> 
     </span>
    </p>
   </div>
   <div class='ocr_carea' id='block_1_4' title="bbox 961 1855 1200 1868">
    <p class='ocr_par' dir='ltr' id='par_1_13' title="bbox 961 1855 1200 1868">
     <span class='ocr_line' id='line_1_27' title="bbox 961 1855 1200 1868; baseline 0.004 -1"><span class='ocrx_word' id='word_1_249' title='bbox 961 1855 1200 1868; x_wconf 67' lang='lat' dir='ltr'>eeeeeeeeeeee</span> 
     </span>
    </p>
   </div>
   <div class='ocr_carea' id='block_1_5' title="bbox 347 1925 1812 2324">
    <p class='ocr_par' dir='ltr' id='par_1_14' title="bbox 347 1925 1812 2324">
     <span class='ocr_line' id='line_1_28' title="bbox 354 1925 1809 1977; baseline -0.01 -8"><span class='ocrx_word' id='word_1_250' title='bbox 354 1939 456 1977; x_wconf 80' lang='lat' dir='ltr'>Vulg.</span> <span class='ocrx_word' id='word_1_251' title='bbox 479 1937 658 1968; x_wconf 81' lang='lat' dir='ltr'>Eunuchum</span> <span class='ocrx_word' id='word_1_252' title='bbox 671 1936 862 1976; x_wconf 69' lang='lat' dir='ltr'>porra—88</span> <span class='ocrx_word' id='word_1_253' title='bbox 886 1934 944 1963; x_wconf 69' lang='grc' dir='ltr'>ΒΓ.</span> <span class='ocrx_word' id='word_1_254' title='bbox 968 1933 1094 1963; x_wconf 88' lang='lat' dir='ltr'>nullam</span> <span class='ocrx_word' id='word_1_255' title='bbox 1119 1930 1372 1962; x_wconf 84' lang='lat' dir='ltr'>distinctionem</span> <span class='ocrx_word' id='word_1_256' title='bbox 1400 1929 1497 1969; x_wconf 83' lang='lat' dir='ltr'>ponit</span> <span class='ocrx_word' id='word_1_257' title='bbox 1514 1931 1592 1968; x_wconf 75' lang='lat' dir='ltr'>post</span> <span class='ocrx_word' id='word_1_258' title='bbox 1606 1925 1809 1967; x_wconf 80' lang='lat' dir='ltr'>reperi.—89</span> 
     </span>
     <span class='ocr_line' id='line_1_29' title="bbox 352 1968 1809 2021; baseline -0.01 -9"><span class='ocrx_word' id='word_1_259' title='bbox 352 1983 466 2021; x_wconf 78' lang='lat' dir='ltr'>Magis</span> <span class='ocrx_word' id='word_1_260' title='bbox 489 1979 707 2020; x_wconf 81' lang='lat' dir='ltr'>magnificum</span> <span class='ocrx_word' id='word_1_261' title='bbox 731 1982 841 2015; x_wconf 85' lang='lat' dir='ltr'>sonat,</span> <span class='ocrx_word' id='word_1_262' title='bbox 876 1975 967 2016; x_wconf 87' lang='lat' dir='ltr'>quod</span> <span class='ocrx_word' id='word_1_263' title='bbox 992 1976 1091 2006; x_wconf 86' lang='lat' dir='ltr'><strong>CCC.</strong></span> <span class='ocrx_word' id='word_1_264' title='bbox 1115 1975 1227 2009; x_wconf 82' lang='lat' dir='ltr'>habet,</span> <span class='ocrx_word' id='word_1_265' title='bbox 1253 1973 1300 2004; x_wconf 91' lang='lat' dir='ltr'>H.</span> <span class='ocrx_word' id='word_1_266' title='bbox 1325 1972 1424 2003; x_wconf 81' lang='lat' dir='ltr'>minas</span> <span class='ocrx_word' id='word_1_267' title='bbox 1445 1981 1500 2012; x_wconf 82' lang='lat' dir='ltr'>pro</span> <span class='ocrx_word' id='word_1_268' title='bbox 1523 1970 1665 2001; x_wconf 77' lang='lat' dir='ltr'>ambobus</span> <span class='ocrx_word' id='word_1_269' title='bbox 1694 1968 1809 2008; x_wconf 77' lang='lat' dir='ltr'>viginti</span> 
     </span>
     <span class='ocr_line' id='line_1_30' title="bbox 352 2013 1809 2059; baseline -0.01 -4"><span class='ocrx_word' id='word_1_270' title='bbox 352 2026 444 2055; x_wconf 80' lang='lat' dir='ltr'>dedi.-</span> <span class='ocrx_word' id='word_1_271' title='bbox 468 2027 502 2053; x_wconf 83' lang='lat' dir='ltr'>et</span> <span class='ocrx_word' id='word_1_272' title='bbox 514 2027 605 2053; x_wconf 86' lang='lat' dir='ltr'>amat</span> <span class='ocrx_word' id='word_1_273' title='bbox 622 2022 804 2052; x_wconf 81' lang='lat' dir='ltr'>Terentius</span> <span class='ocrx_word' id='word_1_274' title='bbox 820 2020 853 2050; x_wconf 90' lang='lat' dir='ltr'>in</span> <span class='ocrx_word' id='word_1_275' title='bbox 868 2019 949 2049; x_wconf 86' lang='lat' dir='ltr'>sede</span> <span class='ocrx_word' id='word_1_276' title='bbox 963 2018 1083 2059; x_wconf 87' lang='lat' dir='ltr'>quinta</span> <span class='ocrx_word' id='word_1_277' title='bbox 1093 2018 1154 2048; x_wconf 91' lang='lat' dir='ltr'>hoc</span> <span class='ocrx_word' id='word_1_278' title='bbox 1171 2016 1287 2056; x_wconf 81' lang='lat' dir='ltr'>viginti</span> <span class='ocrx_word' id='word_1_279' title='bbox 1301 2024 1440 2055; x_wconf 84' lang='lat' dir='ltr'>ponere.</span> <span class='ocrx_word' id='word_1_280' title='bbox 1465 2014 1561 2045; x_wconf 79' lang='lat' dir='ltr'>Bent.</span> <span class='ocrx_word' id='word_1_281' title='bbox 1607 2013 1662 2044; x_wconf 83' lang='lat' dir='ltr'>Ita</span> <span class='ocrx_word' id='word_1_282' title='bbox 1677 2020 1809 2053; x_wconf 86' lang='lat' dir='ltr'>quoque</span> 
     </span>
     <span class='ocr_line' id='line_1_31' title="bbox 352 2053 1811 2107; baseline -0.01 -9"><span class='ocrx_word' id='word_1_283' title='bbox 352 2068 437 2107; x_wconf 80' lang='lat' dir='ltr'>legit</span> <span class='ocrx_word' id='word_1_284' title='bbox 462 2067 644 2097; x_wconf 83' lang='lat' dir='ltr'>Perl.-—90</span> <span class='ocrx_word' id='word_1_285' title='bbox 670 2064 807 2095; x_wconf 85' lang='lat' dir='ltr'>Nullam</span> <span class='ocrx_word' id='word_1_286' title='bbox 833 2062 1089 2093; x_wconf 82' lang='lat' dir='ltr'>distinctionem</span> <span class='ocrx_word' id='word_1_287' title='bbox 1114 2060 1242 2091; x_wconf 86' lang='lat' dir='ltr'>habent</span> <span class='ocrx_word' id='word_1_288' title='bbox 1259 2063 1336 2099; x_wconf 87' lang='lat' dir='ltr'>post</span> <span class='ocrx_word' id='word_1_289' title='bbox 1363 2061 1393 2088; x_wconf 87' lang='lat' dir='ltr'>te</span> <span class='ocrx_word' id='word_1_290' title='bbox 1416 2057 1478 2088; x_wconf 88' lang='lat' dir='ltr'>Br.</span> <span class='ocrx_word' id='word_1_291' title='bbox 1494 2057 1596 2087; x_wconf 63' lang='lat' dir='ltr'>Bent.&gt;</span> <span class='ocrx_word' id='word_1_292' title='bbox 1614 2056 1653 2086; x_wconf 89' lang='lat' dir='ltr'>Z.</span> <span class='ocrx_word' id='word_1_293' title='bbox 1682 2059 1716 2084; x_wconf 85' lang='lat' dir='ltr'>at</span> <span class='ocrx_word' id='word_1_294' title='bbox 1732 2053 1811 2094; x_wconf 88' lang='lat' dir='ltr'>Bip.</span> 
     </span>
     <span class='ocr_line' id='line_1_32' title="bbox 353 2097 1811 2147; baseline -0.01 -7"><span class='ocrx_word' id='word_1_295' title='bbox 353 2111 530 2140; x_wconf 81' lang='lat' dir='ltr'>minorem.</span> <span class='ocrx_word' id='word_1_296' title='bbox 559 2108 662 2139; x_wconf 81' lang='lat' dir='ltr'>Both.</span> <span class='ocrx_word' id='word_1_297' title='bbox 679 2107 775 2147; x_wconf 83' lang='lat' dir='ltr'>legit,</span> <span class='ocrx_word' id='word_1_298' title='bbox 793 2106 973 2136; x_wconf 79' lang='lat' dir='ltr'>contemtus</span> <span class='ocrx_word' id='word_1_299' title='bbox 988 2104 1100 2142; x_wconf 80' lang='lat' dir='ltr'>abste,</span> <span class='ocrx_word' id='word_1_300' title='bbox 1117 2107 1219 2134; x_wconf 78' lang='lat' dir='ltr'>tmnen</span> <span class='ocrx_word' id='word_1_301' title='bbox 1243 2101 1272 2133; x_wconf 82' lang='lat' dir='ltr'>h.</span> <span class='ocrx_word' id='word_1_302' title='bbox 1289 2102 1319 2132; x_wconf 84' lang='lat' dir='ltr'>h.</span> <span class='ocrx_word' id='word_1_303' title='bbox 1339 2102 1363 2132; x_wconf 79' lang='lat' dir='ltr'>i.</span> <span class='ocrx_word' id='word_1_304' title='bbox 1390 2102 1516 2131; x_wconf 62' lang='grc' dir='ltr'>ττι-91</span> <span class='ocrx_word' id='word_1_305' title='bbox 1535 2098 1624 2129; x_wconf 84' lang='lat' dir='ltr'>Bene</span> <span class='ocrx_word' id='word_1_306' title='bbox 1647 2101 1723 2137; x_wconf 82' lang='lat' dir='ltr'>post</span> <span class='ocrx_word' id='word_1_307' title='bbox 1745 2097 1811 2126; x_wconf 84' lang='lat' dir='ltr'>hoec</span> 
     </span>
     <span class='ocr_line' id='line_1_33' title="bbox 355 2139 1810 2184; baseline -0.01 0"><span class='ocrx_word' id='word_1_308' title='bbox 355 2152 473 2184; x_wconf 89' lang='lat' dir='ltr'>Guelf.</span> <span class='ocrx_word' id='word_1_309' title='bbox 489 2155 520 2183; x_wconf 82' lang='lat'>3.</span> <span class='ocrx_word' id='word_1_310' title='bbox 538 2152 598 2182; x_wconf 63' lang='grc' dir='ltr'>ΒΓ.</span> <span class='ocrx_word' id='word_1_311' title='bbox 620 2151 798 2181; x_wconf 62' lang='lat' dir='ltr'>istria—93</span> <span class='ocrx_word' id='word_1_312' title='bbox 823 2148 964 2178; x_wconf 81' lang='lat' dir='ltr'>Suavius</span> <span class='ocrx_word' id='word_1_313' title='bbox 980 2147 1043 2177; x_wconf 90' lang='lat' dir='ltr'>hoc</span> <span class='ocrx_word' id='word_1_314' title='bbox 1071 2146 1182 2184; x_wconf 85' lang='lat' dir='ltr'>modo,</span> <span class='ocrx_word' id='word_1_315' title='bbox 1199 2145 1238 2175; x_wconf 82' lang='lat' dir='ltr'>Id</span> <span class='ocrx_word' id='word_1_316' title='bbox 1253 2153 1343 2184; x_wconf 83' lang='lat' dir='ltr'>posse</span> <span class='ocrx_word' id='word_1_317' title='bbox 1361 2144 1393 2182; x_wconf 91' lang='lat' dir='ltr'>f.</span> <span class='ocrx_word' id='word_1_318' title='bbox 1418 2143 1522 2173; x_wconf 88' lang='lat' dir='ltr'>Bent.</span> <span class='ocrx_word' id='word_1_319' title='bbox 1567 2141 1700 2172; x_wconf 83' lang='lat' dir='ltr'>Probat</span> <span class='ocrx_word' id='word_1_320' title='bbox 1716 2139 1810 2170; x_wconf 85' lang='lat' dir='ltr'>Perl.</span> 
     </span>
     <span class='ocr_line' id='line_1_34' title="bbox 354 2182 1812 2233; baseline -0.01 -7"><span class='ocrx_word' id='word_1_321' title='bbox 354 2198 438 2226; x_wconf 75' lang='lat'>—98</span> <span class='ocrx_word' id='word_1_322' title='bbox 463 2195 603 2233; x_wconf 75' lang='lat' dir='ltr'>Melius,</span> <span class='ocrx_word' id='word_1_323' title='bbox 619 2194 752 2233; x_wconf 82' lang='lat' dir='ltr'>opinor,</span> <span class='ocrx_word' id='word_1_324' title='bbox 769 2191 930 2230; x_wconf 82' lang='lat' dir='ltr'>Labascit,</span> <span class='ocrx_word' id='word_1_325' title='bbox 945 2190 1071 2228; x_wconf 77' lang='lat' dir='ltr'>victust,</span> <span class='ocrx_word' id='word_1_326' title='bbox 1084 2198 1144 2220; x_wconf 84' lang='lat' dir='ltr'>uno</span> <span class='ocrx_word' id='word_1_327' title='bbox 1159 2188 1261 2226; x_wconf 79' lang='lat' dir='ltr'>verbo,</span> <span class='ocrx_word' id='word_1_328' title='bbox 1287 2196 1378 2226; x_wconf 83' lang='lat' dir='ltr'>quam</span> <span class='ocrx_word' id='word_1_329' title='bbox 1400 2186 1471 2216; x_wconf 83' lang='lat' dir='ltr'>cito.</span> <span class='ocrx_word' id='word_1_330' title='bbox 1494 2185 1684 2215; x_wconf 82' lang='lat' dir='ltr'>Bent.—99</span> <span class='ocrx_word' id='word_1_331' title='bbox 1709 2182 1812 2217; x_wconf 81' lang='lat' dir='ltr'>Quam</span> 
     </span>
     <span class='ocr_line' id='line_1_35' title="bbox 347 2224 1811 2278; baseline -0.01 -10"><span class='ocrx_word' id='word_1_332' title='bbox 347 2237 462 2278; x_wconf 69' lang='lat' dir='ltr'>joc-02²]</span> <span class='ocrx_word' id='word_1_333' title='bbox 486 2239 707 2276; x_wconf 71' lang='lat' dir='ltr'>Pi-aepostere</span> <span class='ocrx_word' id='word_1_334' title='bbox 734 2236 863 2274; x_wconf 85' lang='lat' dir='ltr'>signum</span> <span class='ocrx_word' id='word_1_335' title='bbox 880 2232 1113 2272; x_wconf 74' lang='lat' dir='ltr'>interrogandi</span> <span class='ocrx_word' id='word_1_336' title='bbox 1139 2231 1194 2262; x_wconf 86' lang='lat' dir='ltr'>hic</span> <span class='ocrx_word' id='word_1_337' title='bbox 1223 2233 1276 2261; x_wconf 91' lang='lat' dir='ltr'>est</span> <span class='ocrx_word' id='word_1_338' title='bbox 1303 2229 1471 2269; x_wconf 85' lang='lat' dir='ltr'>positum:</span> <span class='ocrx_word' id='word_1_339' title='bbox 1497 2227 1604 2258; x_wconf 80' lang='lat' dir='ltr'>multo</span> <span class='ocrx_word' id='word_1_340' title='bbox 1627 2225 1754 2256; x_wconf 79' lang='lat' dir='ltr'>rectius</span> <span class='ocrx_word' id='word_1_341' title='bbox 1777 2224 1811 2254; x_wconf 90' lang='lat' dir='ltr'>in</span> 
     </span>
     <span class='ocr_line' id='line_1_36' title="bbox 357 2266 1811 2324; baseline -0.011 -11"><span class='ocrx_word' id='word_1_342' title='bbox 357 2282 457 2313; x_wconf 78' lang='lat' dir='ltr'>editis</span> <span class='ocrx_word' id='word_1_343' title='bbox 475 2286 553 2323; x_wconf 84' lang='lat' dir='ltr'>post</span> <span class='ocrx_word' id='word_1_344' title='bbox 565 2280 644 2319; x_wconf 84' lang='lat' dir='ltr'>dico,</span> <span class='ocrx_word' id='word_1_345' title='bbox 661 2284 696 2310; x_wconf 92' lang='lat' dir='ltr'>et</span> <span class='ocrx_word' id='word_1_346' title='bbox 713 2278 828 2309; x_wconf 85' lang='lat' dir='ltr'>deleta</span> <span class='ocrx_word' id='word_1_347' title='bbox 843 2276 1067 2308; x_wconf 82' lang='lat' dir='ltr'>distinetione</span> <span class='ocrx_word' id='word_1_348' title='bbox 1083 2274 1249 2316; x_wconf 76' lang='lat' dir='ltr'>postJ&#39;OCO.</span> <span class='ocrx_word' id='word_1_349' title='bbox 1273 2273 1398 2304; x_wconf 87' lang='lat' dir='ltr'>Bruns.</span> <span class='ocrx_word' id='word_1_350' title='bbox 1444 2271 1498 2301; x_wconf 80' lang='lat' dir='ltr'>Ex</span> <span class='ocrx_word' id='word_1_351' title='bbox 1515 2268 1588 2309; x_wconf 76' lang='lat' dir='ltr'>joco</span> <span class='ocrx_word' id='word_1_352' title='bbox 1604 2266 1721 2324; x_wconf 72' lang='lat' dir='ltr'>Guelf.</span> <span class='ocrx_word' id='word_1_353' title='bbox 1736 2269 1811 2298; x_wconf 81' lang='lat'>3.—</span> 
     </span>
    </p>
   </div>
   <div class='ocr_carea' id='block_1_6' title="bbox 1013 2387 1158 2420">
    <p class='ocr_par' dir='ltr' id='par_1_15' title="bbox 1013 2387 1158 2420">
     <span class='ocr_line' id='line_1_37' title="bbox 1013 2387 1158 2420; baseline -0.014 0"><span class='ocrx_word' id='word_1_354' title='bbox 1013 2387 1158 2420; x_wconf 86' lang='lat' dir='ltr'>NOTAE</span> 
     </span>
    </p>
   </div>
   <div class='ocr_carea' id='block_1_7' title="bbox 357 2455 1812 2809">
    <p class='ocr_par' dir='ltr' id='par_1_16' title="bbox 357 2455 1810 2508">
     <span class='ocr_line' id='line_1_38' title="bbox 357 2455 1810 2508; baseline -0.011 -9"><span class='ocrx_word' id='word_1_355' title='bbox 357 2478 474 2500; x_wconf 74' lang='lat' dir='ltr'>versus</span> <span class='ocrx_word' id='word_1_356' title='bbox 499 2472 680 2508; x_wconf 82' lang='lat' dir='ltr'>utrumque</span> <span class='ocrx_word' id='word_1_357' title='bbox 707 2466 821 2505; x_wconf 76' lang='lat' dir='ltr'>Mare,</span> <span class='ocrx_word' id='word_1_358' title='bbox 843 2464 1056 2496; x_wconf 82' lang='lat' dir='ltr'>Atlanticum</span> <span class='ocrx_word' id='word_1_359' title='bbox 1112 2469 1163 2495; x_wconf 85' lang='lat' dir='ltr'>tes</span> <span class='ocrx_word' id='word_1_360' title='bbox 1192 2463 1300 2494; x_wconf 82' lang='lat' dir='ltr'>honos</span> <span class='ocrx_word' id='word_1_361' title='bbox 1326 2459 1414 2492; x_wconf 84' lang='lat' dir='ltr'>fuit:</span> <span class='ocrx_word' id='word_1_362' title='bbox 1439 2463 1478 2490; x_wconf 89' lang='lat' dir='ltr'>ut</span> <span class='ocrx_word' id='word_1_363' title='bbox 1502 2458 1640 2497; x_wconf 85' lang='lat' dir='ltr'>Bagous</span> <span class='ocrx_word' id='word_1_364' title='bbox 1665 2455 1810 2486; x_wconf 84' lang='lat' dir='ltr'>Alexan-</span> 
     </span>
    </p>

    <p class='ocr_par' dir='ltr' id='par_1_17' title="bbox 358 2504 1812 2559">
     <span class='ocr_line' id='line_1_39' title="bbox 358 2504 1812 2559; baseline -0.011 -10"><span class='ocrx_word' id='word_1_365' title='bbox 358 2519 591 2559; x_wconf 82' lang='lat' dir='ltr'>Rubrumque,</span> <span class='ocrx_word' id='word_1_366' title='bbox 605 2517 782 2557; x_wconf 84' lang='lat' dir='ltr'>AEthiopes</span> <span class='ocrx_word' id='word_1_367' title='bbox 799 2516 876 2547; x_wconf 88' lang='lat' dir='ltr'>olim</span> <span class='ocrx_word' id='word_1_368' title='bbox 891 2516 922 2545; x_wconf 89' lang='lat' dir='ltr'>in</span> <span class='ocrx_word' id='word_1_369' title='bbox 941 2514 1058 2546; x_wconf 83' lang='lat' dir='ltr'>Africa</span> <span class='ocrx_word' id='word_1_370' title='bbox 1112 2514 1162 2545; x_wconf 85' lang='lat' dir='ltr'>dri</span> <span class='ocrx_word' id='word_1_371' title='bbox 1180 2512 1298 2553; x_wconf 86' lang='lat' dir='ltr'>Magni</span> <span class='ocrx_word' id='word_1_372' title='bbox 1313 2510 1509 2548; x_wconf 86' lang='lat' dir='ltr'>Eunuchus,</span> <span class='ocrx_word' id='word_1_373' title='bbox 1533 2506 1701 2547; x_wconf 87' lang='lat' dir='ltr'>Putiphar</span> <span class='ocrx_word' id='word_1_374' title='bbox 1724 2504 1812 2534; x_wconf 83' lang='lat' dir='ltr'>Pha-</span> 
     </span>
    </p>

    <p class='ocr_par' dir='ltr' id='par_1_18' title="bbox 360 2553 1811 2608">
     <span class='ocr_line' id='line_1_40' title="bbox 360 2553 1811 2608; baseline -0.012 -7"><span class='ocrx_word' id='word_1_375' title='bbox 360 2575 525 2607; x_wconf 76' lang='lat' dir='ltr'>tenuere3</span> <span class='ocrx_word' id='word_1_376' title='bbox 553 2578 633 2608; x_wconf 81' lang='lat' dir='ltr'>gens</span> <span class='ocrx_word' id='word_1_377' title='bbox 664 2568 812 2599; x_wconf 88' lang='lat' dir='ltr'>omnium</span> <span class='ocrx_word' id='word_1_378' title='bbox 840 2566 966 2598; x_wconf 83' lang='lat' dir='ltr'>Africae</span> <span class='ocrx_word' id='word_1_379' title='bbox 991 2569 1058 2596; x_wconf 82' lang='lat' dir='ltr'>ter·</span> <span class='ocrx_word' id='word_1_380' title='bbox 1113 2563 1224 2595; x_wconf 86' lang='lat' dir='ltr'>raonis</span> <span class='ocrx_word' id='word_1_381' title='bbox 1241 2561 1381 2602; x_wconf 85' lang='lat' dir='ltr'>AEgypti</span> <span class='ocrx_word' id='word_1_382' title='bbox 1402 2560 1517 2600; x_wconf 75' lang='lat' dir='ltr'>Regis,</span> <span class='ocrx_word' id='word_1_383' title='bbox 1543 2562 1579 2588; x_wconf 87' lang='lat' dir='ltr'>et</span> <span class='ocrx_word' id='word_1_384' title='bbox 1599 2556 1655 2587; x_wconf 82' lang='lat' dir='ltr'>ille</span> <span class='ocrx_word' id='word_1_385' title='bbox 1678 2553 1811 2585; x_wconf 85' lang='lat' dir='ltr'>Canda-</span> 
     </span>
    </p>

    <p class='ocr_par' dir='ltr' id='par_1_19' title="bbox 359 2602 1811 2659">
     <span class='ocr_line' id='line_1_41' title="bbox 359 2602 1811 2659; baseline -0.012 -8"><span class='ocrx_word' id='word_1_386' title='bbox 359 2631 472 2651; x_wconf 84' lang='lat' dir='ltr'>rarum</span> <span class='ocrx_word' id='word_1_387' title='bbox 506 2620 727 2659; x_wconf 83' lang='lat' dir='ltr'>amplissima3</span> <span class='ocrx_word' id='word_1_388' title='bbox 765 2619 860 2649; x_wconf 84' lang='lat' dir='ltr'>dicta</span> <span class='ocrx_word' id='word_1_389' title='bbox 896 2618 938 2648; x_wconf 84' lang='lat' dir='ltr'>ab</span> <span class='ocrx_word' id='word_1_390' title='bbox 972 2616 1057 2655; x_wconf 75' lang='grc' dir='ltr'><strong>αἵθω,</strong></span> <span class='ocrx_word' id='word_1_391' title='bbox 1113 2623 1170 2645; x_wconf 85' lang='lat' dir='ltr'>ces</span> <span class='ocrx_word' id='word_1_392' title='bbox 1187 2611 1340 2652; x_wconf 83' lang='lat' dir='ltr'>Reginae,</span> <span class='ocrx_word' id='word_1_393' title='bbox 1357 2610 1400 2641; x_wconf 88' lang='lat' dir='ltr'>de</span> <span class='ocrx_word' id='word_1_394' title='bbox 1416 2618 1481 2650; x_wconf 90' lang='lat' dir='ltr'>quo</span> <span class='ocrx_word' id='word_1_395' title='bbox 1504 2609 1550 2639; x_wconf 91' lang='lat' dir='ltr'>D.</span> <span class='ocrx_word' id='word_1_396' title='bbox 1571 2607 1678 2638; x_wconf 86' lang='lat' dir='ltr'>Lucas</span> <span class='ocrx_word' id='word_1_397' title='bbox 1694 2605 1726 2635; x_wconf 91' lang='lat' dir='ltr'>in</span> <span class='ocrx_word' id='word_1_398' title='bbox 1744 2602 1811 2634; x_wconf 85' lang='lat' dir='ltr'>Ac-</span> 
     </span>
    </p>

    <p class='ocr_par' dir='ltr' id='par_1_20' title="bbox 359 2656 1812 2756">
     <span class='ocr_line' id='line_1_42' title="bbox 359 2656 1812 2710; baseline -0.01 -8"><span class='ocrx_word' id='word_1_399' title='bbox 359 2682 432 2710; x_wconf 77' lang='lat' dir='ltr'>uro,</span> <span class='ocrx_word' id='word_1_400' title='bbox 451 2676 483 2701; x_wconf 81' lang='lat' dir='ltr'>et</span> <span class='ocrx_word' id='word_1_401' title='bbox 501 2670 556 2710; x_wconf 77' lang='grc' dir='ltr'>ὢψ,</span> <span class='ocrx_word' id='word_1_402' title='bbox 573 2670 604 2700; x_wconf 90' lang='lat' dir='ltr'>id</span> <span class='ocrx_word' id='word_1_403' title='bbox 622 2674 686 2708; x_wconf 84' lang='lat' dir='ltr'>est,</span> <span class='ocrx_word' id='word_1_404' title='bbox 704 2673 873 2708; x_wconf 79' lang='lat' dir='ltr'>aspectus,</span> <span class='ocrx_word' id='word_1_405' title='bbox 891 2669 1015 2700; x_wconf 84' lang='lat' dir='ltr'>vultus.</span> <span class='ocrx_word' id='word_1_406' title='bbox 1113 2665 1154 2696; x_wconf 85' lang='lat' dir='ltr'>tis</span> <span class='ocrx_word' id='word_1_407' title='bbox 1171 2663 1414 2703; x_wconf 88' lang='lat' dir='ltr'>Apostolorum</span> <span class='ocrx_word' id='word_1_408' title='bbox 1431 2671 1437 2690; x_wconf 91' lang='lat'>:</span> <span class='ocrx_word' id='word_1_409' title='bbox 1462 2663 1498 2691; x_wconf 86' lang='lat' dir='ltr'>et</span> <span class='ocrx_word' id='word_1_410' title='bbox 1514 2657 1591 2690; x_wconf 83' lang='lat' dir='ltr'>libri</span> <span class='ocrx_word' id='word_1_411' title='bbox 1607 2665 1656 2688; x_wconf 80' lang='lat' dir='ltr'>iv.</span> <span class='ocrx_word' id='word_1_412' title='bbox 1681 2656 1812 2696; x_wconf 84' lang='lat' dir='ltr'>Regum</span> 
     </span>
     <span class='ocr_line' id='line_1_43' title="bbox 403 2715 1236 2756; baseline -0.006 -6"><span class='ocrx_word' id='word_1_413' title='bbox 403 2726 443 2751; x_wconf 63' lang='grc' dir='ltr'><strong><em>ὃὸ</em></strong></span> <span class='ocrx_word' id='word_1_414' title='bbox 469 2720 552 2755; x_wconf 71' lang='lat' dir='ltr'>Quia</span> <span class='ocrx_word' id='word_1_415' title='bbox 582 2720 654 2749; x_wconf 76' lang='lat' dir='ltr'>soloe</span> <span class='ocrx_word' id='word_1_416' title='bbox 682 2721 813 2748; x_wconf 76' lang='lat' dir='ltr'>utuntur</span> <span class='ocrx_word' id='word_1_417' title='bbox 840 2718 888 2748; x_wconf 84' lang='lat' dir='ltr'>his</span> <span class='ocrx_word' id='word_1_418' title='bbox 923 2715 1058 2756; x_wconf 81' lang='lat' dir='ltr'>reginae]</span> <span class='ocrx_word' id='word_1_419' title='bbox 1113 2724 1188 2756; x_wconf 83' lang='lat' dir='ltr'>cap.</span> <span class='ocrx_word' id='word_1_420' title='bbox 1205 2718 1236 2745; x_wconf 87' lang='lat'>8.</span> 
     </span>
    </p>

    <p class='ocr_par' dir='ltr' id='par_1_21' title="bbox 360 2766 1058 2809">
     <span class='ocr_line' id='line_1_44' title="bbox 360 2766 1058 2809; baseline -0.009 -7"><span class='ocrx_word' id='word_1_421' title='bbox 360 2771 532 2802; x_wconf 79' lang='lat' dir='ltr'>Euuucliis</span> <span class='ocrx_word' id='word_1_422' title='bbox 544 2779 686 2809; x_wconf 84' lang='lat' dir='ltr'>magnus</span> <span class='ocrx_word' id='word_1_423' title='bbox 702 2768 790 2809; x_wconf 80' lang='lat' dir='ltr'>apud</span> <span class='ocrx_word' id='word_1_424' title='bbox 809 2777 907 2807; x_wconf 83' lang='lat' dir='ltr'>reges</span> <span class='ocrx_word' id='word_1_425' title='bbox 925 2771 959 2798; x_wconf 91' lang='lat' dir='ltr'>et</span> <span class='ocrx_word' id='word_1_426' title='bbox 976 2766 1058 2797; x_wconf 84' lang='lat' dir='ltr'>divi·</span> 
     </span>
    </p>
   </div>
  </div>
 </body>
</html>
