1903 3306
492 243 698 274 ANnmAE
734 244 840 274 Acr.
872 245 939 274 iv.
977 245 1043 275 sc.
1079 246 1129 275 11.
1471 240 1556 281 355

100 333 175 375 Ad
209 335 450 388 agendum:
494 350 547 378 ne
581 350 769 379 vacuum
804 352 902 380 esse
939 352 1008 380 me
1043 353 1157 381 nunc
1196 342 1253 382 ad
1291 345 1554 385 narrandum

272 403 439 443 credas.

100 467 293 510 Proinde
314 471 414 512 hinc
434 484 517 512 vos
540 474 805 514 amolimini:
835 486 934 514 nam
956 474 1062 514 mihi
1086 475 1402 542 impedimento
1433 481 1558 521 estis.

101 534 188 575 ΡΑ.
219 537 314 589 Ego
346 538 459 580 hanc
483 541 637 581 visam.
698 541 792 581 DA.
824 540 947 591 Quid
980 543 1056 583 tu?
1089 555 1176 596 quo
1206 544 1306 584 hinc
1341 549 1384 585 te
1423 547 1551 599 agis?

271 604 359 645 CH.
381 605 545 647 Verum
566 608 635 648 vis
658 608 802 648 dicam
817 609 836 648 Ἰ
898 609 991 648 DA.
1023 609 1165 650 Immo
1187 611 1335 652 etiam.
1501 614 1557 654 :25

100 669 381 712 Narrationis
402 673 558 726 incipit
578 674 683 714 mihi
704 675 893 715 initium.
955 675 1043 716 CH.
1077 675 1197 726 Quid
1218 691 1287 717 me
1307 677 1411 718 fiet?

100 737 193 779 DA.
225 738 323 779 Eho
344 744 392 779 tu
412 740 661 814 iQudfns,
683 755 769 782 non
791 743 897 783 satis
918 743 1067 793 habes,
1090 744 1206 797 quod
1228 744 1309 785 tibi
1332 745 1555 787 dieculam

275 806 409 855 addo,

101 869 327 920 Quantum
361 874 460 914 huic
495 887 732 927 promoveo
768 876 978 929 nuptias?
1040 877 1126 918 CH.
1168 878 1313 928 Dave,
1349 883 1555 923 attamen.

272 939 364 981 DA.
397 939 517 990 Quid
540 944 677 995 ergo?

101 1003 187 1048 CH.
211 1006 273 1047 Ut
293 1006 464 1049 ducam.
528 1009 620 1050 DA.
643 1010 914 1053 Ridiculum.
976 1011 1063 1052 CH.
1094 1012 1197 1053 Huc
1219 1012 1316 1053 face
1339 1013 1394 1054 ad
1417 1027 1485 1055 me
1507 1018 1556 1056 ut

272 1075 441 1124 venias,
465 1076 504 1115 si
525 1076 631 1129 quid
655 1078 837 1130 poteris,

97 1183 177 1222 quod
191 1183 369 1221 deliberavi,
382 1192 420 1214 ne
435 1192 482 1213 me
496 1183 591 1213 otiam
607 1183 718 1214 habere
732 1185 839 1215 credas
853 1184 892 1214 acl
913 1186 1102 1216 narrandum
1117 1186 1187 1221 tibi,
1213 1189 1293 1227 quod
1308 1198 1375 1219 sum
1392 1188 1552 1225 facturus.

98 1225 238 1256 Proinde
260 1234 313 1256 vos
335 1225 407 1256 hinc
430 1229 578 1264 amovete,
603 1236 676 1256 nam
705 1227 782 1256 mihi
806 1227 1020 1266 impedimento
1044 1229 1130 1260 estis.
1175 1229 1242 1260 ΡΑ.
1272 1231 1342 1269 Ego
1373 1232 1555 1271 Glycerium

95 1267 239 1299 invisam.
282 1268 355 1298 DA.
381 1268 467 1302 Quia*
482 1271 528 1307 tu,
555 1266 716 1299 Charine?
749 1279 806 1308 quo
829 1268 954 1300 tendis?
999 1270 1066 1301 CH.
1095 1271 1152 1301 Vis
1176 1272 1278 1302 dicam
1302 1272 1434 1305 rerum?
1479 1275 1552 1306 DA.

98 1309 165 1339 Hic
182 1310 339 1340 Charinus
360 1320 421 1341 non
437 1310 578 1340 abiturus
592 1314 649 1348 est,
660 1314 761 1350 puto;
795 1311 887 1341 immo
902 1312 996 1342 etiam
1021 1313 1102 1343 velat
1125 1315 1317 1345 narrationis
1330 1317 1461 1355 alicujus
1476 1317 1554 1348 mihi

95 1351 208 1391 incipit
234 1352 374 1382 initium.
419 1352 487 1383 CH.
523 1353 607 1387 Quid
629 1354 667 1382 de
694 1363 742 1383 me
758 1351 846 1393 fiet?
883 1363 929 1383 me
956 1354 1127 1386 miseram!
1179 1357 1246 1387 DA.
1272 1358 1354 1397 Eho,
1379 1359 1553 1398 impudens.

95 1393 209 1424 Nonne
222 1394 300 1425 satis
310 1394 414 1433 habes,
429 1395 508 1434 quod
517 1395 575 1425 tibi
590 1395 671 1425 diem
686 1397 817 1429 addam:
840 1406 897 1435 qao
909 1398 1053 1436 temporis
1066 1398 1165 1436 spatio
1178 1400 1301 1438 profero
1317 1402 1442 1441 nuptias
1454 1402 1551 1432 Pam-

92 1436 196 1476 phil&
225 1440 261 1467 tu
287 1446 356 1467 vero
380 1437 480 1476 possis
501 1437 628 1476 ambire,
655 1446 744 1467 orare
773 1438 980 1476 Chremetem,
1006 1443 1098 1479 atque
1113 1441 1175 1478 eJ'us
1200 1442 1323 1474 amicos.
1369 1444 1437 1475 CH.
1467 1444 1554 1474 Dave

96 1482 247 1510 attamen.
292 1480 363 1510 DA.
391 1479 476 1515 Quid
499 1489 573 1518 ergo
595 1478 667 1510 esi?
712 1480 780 1510 CH.
806 1480 872 1510 Fac
887 1484 921 1510 ut
934 1482 1043 1512 ducam
1058 1482 1286 1515 Philumenam.
1331 1485 1399 1516 DA.
1430 1487 1458 1516 0
1474 1487 1552 1518 ridi-

95 1521 196 1552 culum
211 1521 374 1553 hominem.
421 1522 521 1557 Quasi
544 1523 598 1553 illa
613 1522 702 1552 sitin
725 1532 793 1554 mea
814 1525 979 1562 potestate.
1025 1524 1095 1556 CH.
1118 1526 1196 1565 Fac,
1212 1530 1248 1557 ut
1270 1528 1372 1559 adme
1386 1529 1503 1569 venias,
1526 1529 1554 1559 si

708 1614 946 1627 eeeeeeeeeeee

97 1679 331 1711 Metricausa.
354 1679 453 1711 Bent.
498 1679 645 1712 Accedit
659 1682 753 1714 Pei-l.
790 1683 869 1714 Dies
882 1684 961 1714 satis
975 1684 1018 1714 sit
1033 1693 1141 1714 vereor
1157 1685 1239 1725 legit
1251 1686 1353 1718 Both.
1376 1693 1411 1719 et
1437 1693 1555 1721 censet

97 1722 162 1752 alia
177 1731 251 1753 esse
266 1722 476 1762 interpretis.
519 1723 598 1754 Dies
611 1724 660 1754 hic
674 1725 751 1755 mihi
763 1728 798 1756 ut
820 1727 899 1756 satis
913 1727 956 1756 sit
971 1736 1077 1757 vereor
1091 1727 1149 1757 dat
1166 1728 1224 1758 Br.
1273 1729 1317 1759 Ut
1331 1739 1367 1760 ne
1385 1730 1502 1762 Guelf.
1520 1735 1553 1763 2.

96 1767 180 1795 —23
206 1765 303 1795 Pales
325 1764 372 1795 id.
415 1765 471 1795 Me
499 1765 626 1797 omittit
652 1767 711 1797 ΒΓ.
735 1767 824 1808 quod
854 1768 970 1799 abesse
997 1778 1096 1808 posse
1122 1774 1238 1801 censet
1263 1771 1387 1804 Brnns.
1430 1773 1555 1805 Glossa

95 1807 243 1848 ejusdem
257 1808 325 1838 Ms.
340 1811 439 1838 notat
452 1811 487 1838 et
503 1813 581 1847 post
597 1809 606 1825 ‘
620 1810 757 1840 credas’
776 1815 810 1841 et
823 1816 900 1850 post
914 1812 923 1828 ‘
936 1811 1104 1850 agendum
1117 1810 1126 1824 '
1142 1812 1266 1853 in‚seq.
1281 1823 1405 1846 versu:
1423 1815 1433 1832 ‘
1447 1816 1512 1847 Vel
1528 1815 1554 1848 2²

95 1852 180 1880 —25
207 1849 276 1885 Quo
291 1849 363 1880 hinc
378 1852 408 1880 te
423 1848 521 1888 agis?
564 1852 660 1882 Lect.
676 1852 775 1891 hanc,
792 1854 970 1894 ipsamque
987 1853 1071 1884 adeo
1089 1854 1296 1886 locutionem
1313 1857 1462 1889 vindicat
1475 1859 1555 1889 Βοη-

96 1892 221 1931 clerus,
244 1891 494 1923 chrestomath.
513 1902 543 1924 v.
560 1894 569 1910 ‘
582 1893 721 1934 Agere.’
774 1895 871 1926 Immo
887 1897 990 1927 etiam.
1033 1896 1238 1928 Narrationis
1260 1898 1371 1939 incipit
1394 1901 1472 1932 mihi
1492 1901 1555 1932 ini-

94 1934 186 1964 tium.
232 1934 337 1965 Varie
351 1934 427 1965 haec
442 1935 634 1975 expediunt
658 1936 886 1977 Interpretes.
931 1938 1085 1977 Mallem,
1110 1939 1136 1969 si
1166 1949 1225 1979 per
1253 1940 1395 1973 Codices
1422 1943 1555 1984 liceret,

95 1977 266 2016 integrum
282 1977 394 2007 locum
411 1977 458 2008 ita
474 1978 590 2018 legere
606 1983 642 2010 et
659 1978 871 2018 distinguere
885 1992 892 2012 z
918 1980 987 2012 DA.
1003 1981 1102 2011 Immo
1118 1982 1212 2013 etiam
1225 1983 1429 2016 Narrationis
1442 1986 1556 2027 incipis

96 2019 176 2049 mihi
189 2017 340 2050 initium?
385 2019 490 2050 Certe
506 2021 642 2060 quidem
669 2021 703 2052 in
731 2026 875 2061 quatuor
901 2023 1000 2053 editis
1027 2024 1139 2063 incipis
1162 2025 1302 2065 legitur,
1325 2037 1464 2067 quorum
1489 2029 1555 2060 duo

95 2061 233 2101 Veneti,
255 2070 420 2092 annorum
435 2064 581 2093 1490.et
595 2066 690 2094 1512.
720 2064 786 2094 duo
811 2066 1070 2104 Lugdunenses,
1094 2076 1257 2098 annorum
1282 2072 1377 2100 1511.
1405 2074 1441 2101 et
1457 2074 1554 2103 1520.

101 2103 197 2134 West.
244 2103 414 2134 Punctum
445 2109 522 2144 post
545 2106 554 2121 ‘
572 2105 695 2136 etiam'
727 2116 792 2137 non
817 2108 978 2138 exhibent
1004 2109 1106 2138 Beni.
1136 2110 1231 2141 Perl.
1260 2111 1446 2144 Rom—26
1469 2114 1555 2144 Mss.

97 2146 244 2185 quidam,
267 2150 302 2176 et
319 2146 486 2186 impressi,
508 2157 589 2188 quos
606 2147 753 2187 laudavi,
778 2150 862 2184 Quid
876 2152 913 2180 cle
928 2149 1070 2191 mefiet?
1095 2151 1203 2183 West.
1251 2153 1308 2184 Sic
1331 2154 1449 2187 Guelf.
1471 2159 1502 2187 2.
1521 2159 1552 2188 3.

97 2191 181 2219 —27
205 2188 374 2219 Priscian.
390 2189 449 2220 lib.
467 2199 503 2221 v.
525 2190 590 2221 Eho
606 2190 777 2230 impudens,
800 2202 860 2223 non
881 2196 929 2223 sat
958 2193 1062 2224 habes.
1111 2194 1282 2226 Charisius
1309 2196 1395 2228 libro
1418 2207 1442 2228 1.
1470 2199 1555 2234 Quid

96 2229 126 2260 si
139 2229 199 2261 tibi
213 2232 292 2262 addo
308 2230 484 2263 dieculam?
508 2232 608 2263 Lind.
654 2233 764 2264 Abest
781 2237 815 2264 tn
831 2245 850 2264 a
867 2234 982 2266 Guelf.
999 2238 1030 2266 2.
1077 2236 1086 2253 ‘
1102 2237 1192 2267 Edit.
1221 2238 1299 2269 add.
1327 2243 1374 2278 tu,
1398 2241 1486 2280 quod
1510 2251 1553 2272 ex

97 2273 166 2303 Ms.
181 2282 312 2304 erasum
329 2283 405 2305 esse
420 2273 578 2306 videtur.'
606 2275 810 2307 Bruns.—·28
839 2278 905 2316 Ego
931 2287 992 2317 pro
1016 2287 1088 2317 ergo
1106 2279 1223 2311 Guelf.
1240 2284 1358 2312 l.—29
1382 2283 1457 2314 Huc
1478 2283 1554 2320 face

96 2316 249 2347 admeut
269 2317 384 2357 venias,
406 2316 435 2347 si
457 2317 533 2357 quid
557 2318 684 2358 poteris.
729 2318 785 2349 Ita
813 2329 928 2350 omnes
951 2321 1069 2359 legunt
1091 2326 1125 2352 et
1150 2322 1377 2363 distinguunt.
1422 2326 1490 2356 Sed
1517 2332 1553 2358 et

97 2357 178 2388 inde
195 2358 362 2390 incertum
379 2364 506 2397 manet,
528 2360 608 2400 quid
627 2361 690 2391 sibi
706 2361 779 2391 haec
793 2363 910 2400 velint,
930 2363 958 2393 si
972 2363 1045 2402 quid
1055 2364 1191 2403 poterim
1215 2376 1268 2404 an,
1285 2366 1311 2396 si
1328 2367 1407 2407 quid
1425 2370 1555 2408 poteris

99 2401 238 2439 venire;
263 2409 317 2441 an,
339 2401 463 2442 siquid
480 2403 608 2441 poteris
624 2404 788 2434 invenire.
835 2405 951 2435 Malim
970 2410 1080 2436 autem
1097 2407 1167 2437 ita:
1192 2408 1266 2439 Huc
1283 2409 1358 2446 face
1382 2411 1422 2440 ad
1446 2421 1494 2442 me
1518 2416 1551 2443 ut

97 2442 220 2478 venian
241 2443 270 2473 si
284 2444 369 2483 quid,
389 2445 528 2483 poteris:
551 2455 691 2486 quorum
710 2446 890 2476 verborum
908 2447 990 2478 ordo
1007 2453 1042 2479 et
1070 2458 1186 2479 sensus
1212 2455 1283 2481 est:
1314 2452 1404 2482 Face
1431 2453 1472 2483 ad
1499 2463 1554 2485 me

98 2490 137 2516 ut
152 2485 290 2523 venias3
315 2487 456 2526 poteris,
478 2487 506 2517 si
533 2488 612 2527 quid
641 2488 742 2518 habes
769 2489 910 2519 consilii.
958 2490 1089 2521 Blande
1116 2492 1203 2522 enim
1232 2494 1383 2532 rogantis
1407 2494 1554 2528 formula

98 2532 164 2566 est,
187 2527 345 2558 Ciceroni
362 2529 485 2568 saepius
504 2530 639 2568 usitata,
662 2531 671 2547 ‘
687 2531 823 2561 Poteris
845 2536 880 2562 et
904 2530 1034 2563 facies!
1063 2534 1162 2565 IVest.
1207 2535 1284 2565 Duo
1308 2546 1326 2566 e
1347 2538 1472 2569 nostris
1496 2549 1553 2569 ve-

100 2569 288 2611 iustissimi,
310 2571 351 2602 ad
366 2580 414 2602 me
434 2571 550 2612 venias,
573 2573 696 2604 omisso
720 2577 776 2610 ut;
799 2574 1007 2606 concinnius,
1031 2576 1126 2606 Bcnt.
1176 2577 1220 2608 Ut
1238 2578 1339 2611 Bent.
1365 2580 1552 2621 elegantius

755 2659 894 2692 NOTAE

139 2721 183 2753 26
207 2719 411 2751 Narrationis
421 2720 534 2761 incipit
555 2721 632 2752 mihi
654 2722 796 2765 initium]
851 2724 943 2756 velut
960 2725 1156 2766 prooemium
1174 2727 1355 2762 narraturi.

100 2767 189 2802 Quia
209 2769 285 2810 hoc,
311 2770 320 2787 ‘
341 2770 470 2802 Verum
497 2771 545 2801 vis
573 2771 722 2803 dicam?'
743 2777 797 2805 est
