<?xml version="1.0" encoding="UTF-8"?>
<!DOCTYPE html PUBLIC "-//W3C//DTD XHTML 1.0 Transitional//EN"
    "http://www.w3.org/TR/xhtml1/DTD/xhtml1-transitional.dtd">
<html xmlns="http://www.w3.org/1999/xhtml" xml:lang="en" lang="en">
 <head>
  <title>
</title>
<meta http-equiv="Content-Type" content="text/html;charset=utf-8" />
  <meta name='ocr-system' content='tesseract 3.04.00' />
  <meta name='ocr-capabilities' content='ocr_page ocr_carea ocr_par ocr_line ocrx_word'/>
</head>
<body>
  <div class='ocr_page' id='page_1' title='image "./pubterentiiafric01tereuoft/pubterentiiafric01tereuoft_0212.png"; bbox 0 0 1903 3306; ppageno 0'>
   <div class='ocr_carea' id='block_1_1' title="bbox 332 240 1289 288">
    <p class='ocr_par' dir='ltr' id='par_1_1' title="bbox 332 240 1289 288">
     <span class='ocr_line' id='line_1_1' title="bbox 332 240 1289 288; baseline 0.007 -7"><span class='ocrx_word' id='word_1_1' title='bbox 332 240 418 282; x_wconf 73' lang='lat'><strong>202</strong></span> <span class='ocrx_word' id='word_1_2' title='bbox 815 255 1120 288; x_wconf 76' lang='lat' dir='ltr'><strong>FRANCiscus</strong></span> <span class='ocrx_word' id='word_1_3' title='bbox 1153 257 1289 288; x_wconf 83' lang='lat' dir='ltr'><strong>HARE</strong></span> 
     </span>
    </p>
   </div>
   <div class='ocr_carea' id='block_1_2' title="bbox 330 346 1784 656">
    <p class='ocr_par' dir='ltr' id='par_1_2' title="bbox 330 346 1784 585">
     <span class='ocr_line' id='line_1_2' title="bbox 333 346 1784 407; baseline 0.008 -24"><span class='ocrx_word' id='word_1_4' title='bbox 333 346 446 384; x_wconf 89' lang='lat' dir='ltr'><strong>simul</strong></span> <span class='ocrx_word' id='word_1_5' title='bbox 470 352 650 385; x_wconf 82' lang='lat' dir='ltr'>constare</span> <span class='ocrx_word' id='word_1_6' title='bbox 670 349 781 386; x_wconf 89' lang='lat' dir='ltr'><strong>metri</strong></span> <span class='ocrx_word' id='word_1_7' title='bbox 810 349 908 387; x_wconf 80' lang='lat' dir='ltr'><strong>ratio</strong></span> <span class='ocrx_word' id='word_1_8' title='bbox 928 352 1064 398; x_wconf 88' lang='lat' dir='ltr'><strong>vetat,)</strong></span> <span class='ocrx_word' id='word_1_9' title='bbox 1094 351 1166 388; x_wconf 91' lang='lat' dir='ltr'><strong>utri</strong></span> <span class='ocrx_word' id='word_1_10' title='bbox 1195 359 1282 389; x_wconf 88' lang='lat' dir='ltr'><strong>utra</strong></span> <span class='ocrx_word' id='word_1_11' title='bbox 1301 351 1426 390; x_wconf 89' lang='lat' dir='ltr'><strong>locum</strong></span> <span class='ocrx_word' id='word_1_12' title='bbox 1450 352 1580 400; x_wconf 86' lang='lat' dir='ltr'><strong>cedat,</strong></span> <span class='ocrx_word' id='word_1_13' title='bbox 1608 355 1784 407; x_wconf 82' lang='lat' dir='ltr'><strong>ambiga-</strong></span> 
     </span>
     <span class='ocr_line' id='line_1_3' title="bbox 332 412 1783 467; baseline 0.007 -19"><span class='ocrx_word' id='word_1_14' title='bbox 332 417 419 455; x_wconf 85' lang='lat' dir='ltr'><strong>tur;</strong></span> <span class='ocrx_word' id='word_1_15' title='bbox 450 412 656 458; x_wconf 88' lang='lat' dir='ltr'><strong>interdum,</strong></span> <span class='ocrx_word' id='word_1_16' title='bbox 677 413 900 463; x_wconf 87' lang='lat' dir='ltr'><strong>posthabita</strong></span> <span class='ocrx_word' id='word_1_17' title='bbox 920 415 1029 451; x_wconf 90' lang='lat' dir='ltr'><strong>metri</strong></span> <span class='ocrx_word' id='word_1_18' title='bbox 1043 415 1204 462; x_wconf 88' lang='lat' dir='ltr'><strong>ratione,</strong></span> <span class='ocrx_word' id='word_1_19' title='bbox 1222 423 1426 467; x_wconf 87' lang='lat' dir='ltr'><strong>utramque</strong></span> <span class='ocrx_word' id='word_1_20' title='bbox 1443 418 1634 463; x_wconf 90' lang='lat' dir='ltr'><strong>admittit;</strong></span> <span class='ocrx_word' id='word_1_21' title='bbox 1665 420 1783 458; x_wconf 85' lang='lat' dir='ltr'><strong>intet-</strong></span> 
     </span>
     <span class='ocr_line' id='line_1_4' title="bbox 332 474 1782 529; baseline 0.007 -17"><span class='ocrx_word' id='word_1_22' title='bbox 332 474 424 512; x_wconf 92' lang='lat' dir='ltr'><strong>dum</strong></span> <span class='ocrx_word' id='word_1_23' title='bbox 443 482 591 522; x_wconf 88' lang='lat' dir='ltr'><strong>contra,</strong></span> <span class='ocrx_word' id='word_1_24' title='bbox 611 476 835 527; x_wconf 84' lang='lat' dir='ltr'><strong>irreptitiarn</strong></span> <span class='ocrx_word' id='word_1_25' title='bbox 864 477 977 514; x_wconf 87' lang='lat' dir='ltr'><strong>simul</strong></span> <span class='ocrx_word' id='word_1_26' title='bbox 998 490 1086 515; x_wconf 90' lang='lat' dir='ltr'><strong>cum</strong></span> <span class='ocrx_word' id='word_1_27' title='bbox 1106 478 1277 529; x_wconf 87' lang='lat' dir='ltr'><strong>genuina</strong></span> <span class='ocrx_word' id='word_1_28' title='bbox 1308 479 1427 518; x_wconf 90' lang='lat' dir='ltr'><strong>delet.</strong></span> <span class='ocrx_word' id='word_1_29' title='bbox 1483 481 1547 519; x_wconf 90' lang='lat' dir='ltr'><strong>Sic</strong></span> <span class='ocrx_word' id='word_1_30' title='bbox 1579 494 1667 520; x_wconf 88' lang='lat' dir='ltr'><strong>cum</strong></span> <span class='ocrx_word' id='word_1_31' title='bbox 1693 483 1782 522; x_wconf 88' lang='lat' dir='ltr'><strong>huic</strong></span> 
     </span>
     <span class='ocr_line' id='line_1_5' title="bbox 330 539 583 585; baseline 0.004 -9"><span class='ocrx_word' id='word_1_32' title='bbox 330 539 458 576; x_wconf 89' lang='lat' dir='ltr'><strong>versui</strong></span> <span class='ocrx_word' id='word_1_33' title='bbox 480 539 583 585; x_wconf 90' lang='lat' dir='ltr'><strong>olim,</strong></span> 
     </span>
    </p>

    <p class='ocr_par' dir='ltr' id='par_1_3' title="bbox 491 602 1462 656">
     <span class='ocr_line' id='line_1_6' title="bbox 491 602 1462 656; baseline 0.004 -16"><span class='ocrx_word' id='word_1_34' title='bbox 491 602 584 640; x_wconf 85' lang='lat' dir='ltr'>Sine</span> <span class='ocrx_word' id='word_1_35' title='bbox 606 616 667 642; x_wconf 91' lang='lat' dir='ltr'><strong>me</strong></span> <span class='ocrx_word' id='word_1_36' title='bbox 686 615 851 641; x_wconf 89' lang='lat' dir='ltr'><strong>vacuum</strong></span> <span class='ocrx_word' id='word_1_37' title='bbox 869 608 1022 654; x_wconf 85' lang='lat' dir='ltr'><strong>tempus</strong></span> <span class='ocrx_word' id='word_1_38' title='bbox 1045 618 1093 643; x_wconf 89' lang='lat' dir='ltr'><strong>ne</strong></span> <span class='ocrx_word' id='word_1_39' title='bbox 1114 604 1219 656; x_wconf 90' lang='lat' dir='ltr'><strong>quod</strong></span> <span class='ocrx_word' id='word_1_40' title='bbox 1248 605 1336 644; x_wconf 89' lang='lat' dir='ltr'><strong>dem</strong></span> <span class='ocrx_word' id='word_1_41' title='bbox 1357 606 1462 653; x_wconf 89' lang='lat' dir='ltr'><strong>mihi,</strong></span> 
     </span>
    </p>
   </div>
   <div class='ocr_carea' id='block_1_3' title="bbox 325 676 1782 1355">
    <p class='ocr_par' dir='ltr' id='par_1_4' title="bbox 328 676 1782 988">
     <span class='ocr_line' id='line_1_7' title="bbox 330 676 1782 732; baseline 0.006 -18"><span class='ocrx_word' id='word_1_42' title='bbox 330 676 468 715; x_wconf 85' lang='lat' dir='ltr'><strong>deesse</strong></span> <span class='ocrx_word' id='word_1_43' title='bbox 488 677 634 728; x_wconf 86' lang='lat' dir='ltr'><strong>aliquid</strong></span> <span class='ocrx_word' id='word_1_44' title='bbox 656 677 706 715; x_wconf 89' lang='lat' dir='ltr'><strong>ad</strong></span> <span class='ocrx_word' id='word_1_45' title='bbox 723 684 886 716; x_wconf 87' lang='lat' dir='ltr'><strong>metrum</strong></span> <span class='ocrx_word' id='word_1_46' title='bbox 906 678 1055 717; x_wconf 83' lang='lat' dir='ltr'><strong>viderat</strong></span> <span class='ocrx_word' id='word_1_47' title='bbox 1074 680 1268 725; x_wconf 88' lang='lat' dir='ltr'><strong>Muretus,</strong></span> <span class='ocrx_word' id='word_1_48' title='bbox 1289 694 1335 719; x_wconf 87' lang='lat' dir='ltr'><strong>ex</strong></span> <span class='ocrx_word' id='word_1_49' title='bbox 1356 681 1581 732; x_wconf 82' lang='lat' dir='ltr'><strong>conjectura</strong></span> <span class='ocrx_word' id='word_1_50' title='bbox 1599 682 1682 722; x_wconf 85' lang='lat' dir='ltr'><strong>dem</strong></span> <span class='ocrx_word' id='word_1_51' title='bbox 1697 696 1782 723; x_wconf 87' lang='lat' dir='ltr'><strong>mu-</strong></span> 
     </span>
     <span class='ocr_line' id='line_1_8' title="bbox 329 740 1782 798; baseline 0.006 -20"><span class='ocrx_word' id='word_1_52' title='bbox 329 741 425 778; x_wconf 86' lang='lat' dir='ltr'><strong>tavit</strong></span> <span class='ocrx_word' id='word_1_53' title='bbox 443 740 482 778; x_wconf 92' lang='lat' dir='ltr'><strong>in</strong></span> <span class='ocrx_word' id='word_1_54' title='bbox 503 741 609 780; x_wconf 80' lang='lat' dir='ltr'><strong>duim</strong></span> <span class='ocrx_word' id='word_1_55' title='bbox 621 755 635 784; x_wconf 87' lang='lat'><strong>,·</strong></span> <span class='ocrx_word' id='word_1_56' title='bbox 665 741 838 779; x_wconf 74' lang='lat' dir='ltr'><strong>Faernus</strong></span> <span class='ocrx_word' id='word_1_57' title='bbox 868 749 998 780; x_wconf 85' lang='lat' dir='ltr'><strong>autem</strong></span> <span class='ocrx_word' id='word_1_58' title='bbox 1017 756 1038 781; x_wconf 90' lang='lat' dir='ltr'><strong>e</strong></span> <span class='ocrx_word' id='word_1_59' title='bbox 1058 743 1148 782; x_wconf 86' lang='lat' dir='ltr'><strong>cod.</strong></span> <span class='ocrx_word' id='word_1_60' title='bbox 1175 743 1311 782; x_wconf 87' lang='lat' dir='ltr'><strong>Bemb.</strong></span> <span class='ocrx_word' id='word_1_61' title='bbox 1333 757 1402 796; x_wconf 91' lang='lat' dir='ltr'><strong>pro</strong></span> <span class='ocrx_word' id='word_1_62' title='bbox 1434 758 1591 784; x_wconf 84' lang='lat' dir='ltr'><strong>vacuum</strong></span> <span class='ocrx_word' id='word_1_63' title='bbox 1610 748 1782 798; x_wconf 84' lang='lat' dir='ltr'><strong>reposuit</strong></span> 
     </span>
     <span class='ocr_line' id='line_1_9' title="bbox 328 804 1781 858; baseline 0.005 -16"><span class='ocrx_word' id='word_1_64' title='bbox 328 805 519 843; x_wconf 79' lang='lat' dir='ltr'><strong><em>vacivom:</em></strong></span> <span class='ocrx_word' id='word_1_65' title='bbox 547 804 750 852; x_wconf 87' lang='lat' dir='ltr'><strong>Heinsius,</strong></span> <span class='ocrx_word' id='word_1_66' title='bbox 770 812 907 844; x_wconf 89' lang='lat' dir='ltr'><strong>contra</strong></span> <span class='ocrx_word' id='word_1_67' title='bbox 939 812 1116 854; x_wconf 84' lang='lat' dir='ltr'><strong>metrum,</strong></span> <span class='ocrx_word' id='word_1_68' title='bbox 1151 813 1353 858; x_wconf 85' lang='lat' dir='ltr'><strong>utramque</strong></span> <span class='ocrx_word' id='word_1_69' title='bbox 1384 808 1499 846; x_wconf 89' lang='lat' dir='ltr'><strong>simul</strong></span> <span class='ocrx_word' id='word_1_70' title='bbox 1528 810 1781 850; x_wconf 82' lang='lat' dir='ltr'><strong>mutationem</strong></span> 
     </span>
     <span class='ocr_line' id='line_1_10' title="bbox 328 867 1004 909; baseline 0.003 -3"><span class='ocrx_word' id='word_1_71' title='bbox 328 868 496 907; x_wconf 85' lang='lat' dir='ltr'><strong>retinuit.</strong></span> <span class='ocrx_word' id='word_1_72' title='bbox 553 867 618 907; x_wconf 89' lang='lat' dir='ltr'><strong>Sic</strong></span> <span class='ocrx_word' id='word_1_73' title='bbox 639 869 782 908; x_wconf 92' lang='lat' dir='ltr'><strong>Heaut.</strong></span> <span class='ocrx_word' id='word_1_74' title='bbox 802 882 862 907; x_wconf 91' lang='lat' dir='ltr'><strong>1v.</strong></span> <span class='ocrx_word' id='word_1_75' title='bbox 884 872 921 908; x_wconf 87' lang='lat'><strong>5.</strong></span> <span class='ocrx_word' id='word_1_76' title='bbox 944 872 1004 909; x_wconf 86' lang='lat'><strong>19.</strong></span> 
     </span>
     <span class='ocr_line' id='line_1_11' title="bbox 437 931 1596 988; baseline 0.005 -18"><span class='ocrx_word' id='word_1_77' title='bbox 437 931 553 977; x_wconf 87' lang='lat' dir='ltr'><strong>Quod</strong></span> <span class='ocrx_word' id='word_1_78' title='bbox 573 932 607 971; x_wconf 89' lang='lat' dir='ltr'><strong>ei</strong></span> <span class='ocrx_word' id='word_1_79' title='bbox 628 946 669 971; x_wconf 91' lang='lat' dir='ltr'><strong>es</strong></span> <span class='ocrx_word' id='word_1_80' title='bbox 689 933 885 985; x_wconf 87' lang='lat' dir='ltr'><strong>pollicitus</strong></span> <span class='ocrx_word' id='word_1_81' title='bbox 904 947 913 972; x_wconf 90' lang='lat'>:</span> <span class='ocrx_word' id='word_1_82' title='bbox 943 935 1064 986; x_wconf 89' lang='lat' dir='ltr'><strong>garris</strong></span> <span class='ocrx_word' id='word_1_83' title='bbox 1081 947 1090 973; x_wconf 73' lang='grc' dir='ltr'>ε</span> <span class='ocrx_word' id='word_1_84' title='bbox 1120 935 1225 974; x_wconf 90' lang='lat' dir='ltr'><strong>unde</strong></span> <span class='ocrx_word' id='word_1_85' title='bbox 1245 936 1314 974; x_wconf 77' lang='lat' dir='ltr'><strong>id?</strong></span> <span class='ocrx_word' id='word_1_86' title='bbox 1344 950 1368 975; x_wconf 88' lang='lat' dir='ltr'><strong>a</strong></span> <span class='ocrx_word' id='word_1_87' title='bbox 1386 943 1454 975; x_wconf 91' lang='lat' dir='ltr'><strong>tuo</strong></span> <span class='ocrx_word' id='word_1_88' title='bbox 1474 943 1596 988; x_wconf 85' lang='lat' dir='ltr'><strong>patre.</strong></span> 
     </span>
    </p>

    <p class='ocr_par' dir='ltr' id='par_1_5' title="bbox 325 988 1780 1355">
     <span class='ocr_line' id='line_1_12' title="bbox 326 988 1779 1054; baseline 0.006 -22"><span class='ocrx_word' id='word_1_89' title='bbox 326 1009 415 1033; x_wconf 90' lang='lat' dir='ltr'><strong>cum</strong></span> <span class='ocrx_word' id='word_1_90' title='bbox 435 996 581 1047; x_wconf 88' lang='lat' dir='ltr'><strong>aliquid</strong></span> <span class='ocrx_word' id='word_1_91' title='bbox 602 1004 724 1035; x_wconf 91' lang='lat' dir='ltr'><strong>metro</strong></span> <span class='ocrx_word' id='word_1_92' title='bbox 746 1011 950 1049; x_wconf 87' lang='lat' dir='ltr'><strong>superesse</strong></span> <span class='ocrx_word' id='word_1_93' title='bbox 971 999 1338 1051; x_wconf 87' lang='lat' dir='ltr'><strong>deprehenderetur,</strong></span> <span class='ocrx_word' id='word_1_94' title='bbox 1359 988 1536 1039; x_wconf 65' lang='lat' dir='ltr'><strong>Muretus</strong></span> <span class='ocrx_word' id='word_1_95' title='bbox 1560 1014 1607 1040; x_wconf 87' lang='lat' dir='ltr'><strong>ex</strong></span> <span class='ocrx_word' id='word_1_96' title='bbox 1623 1001 1779 1054; x_wconf 83' lang='lat' dir='ltr'><strong>ingenio</strong></span> 
     </span>
     <span class='ocr_line' id='line_1_13' title="bbox 327 1061 1780 1112; baseline 0.006 -13"><span class='ocrx_word' id='word_1_97' title='bbox 327 1074 398 1099; x_wconf 88' lang='lat' dir='ltr'><strong>suo</strong></span> <span class='ocrx_word' id='word_1_98' title='bbox 433 1061 578 1100; x_wconf 87' lang='lat' dir='ltr'><strong>delevit</strong></span> <span class='ocrx_word' id='word_1_99' title='bbox 608 1076 743 1101; x_wconf 89' lang='lat' dir='ltr'><strong>vocem</strong></span> <span class='ocrx_word' id='word_1_100' title='bbox 763 1069 843 1110; x_wconf 79' lang='lat' dir='ltr'><strong>tuo,</strong></span> <span class='ocrx_word' id='word_1_101' title='bbox 875 1064 1047 1103; x_wconf 72' lang='lat' dir='ltr'><strong>Faernus</strong></span> <span class='ocrx_word' id='word_1_102' title='bbox 1079 1079 1127 1104; x_wconf 87' lang='lat' dir='ltr'><strong>ex</strong></span> <span class='ocrx_word' id='word_1_103' title='bbox 1161 1065 1389 1104; x_wconf 88' lang='lat' dir='ltr'><strong>auctoritate</strong></span> <span class='ocrx_word' id='word_1_104' title='bbox 1425 1065 1523 1103; x_wconf 87' lang='lat' dir='ltr'><strong>Mss.</strong></span> <span class='ocrx_word' id='word_1_105' title='bbox 1546 1065 1691 1104; x_wconf 91' lang='lat' dir='ltr'><strong>delevit</strong></span> <span class='ocrx_word' id='word_1_106' title='bbox 1711 1068 1780 1112; x_wconf 80' lang='lat' dir='ltr'><strong>id,-</strong></span> 
     </span>
     <span class='ocr_line' id='line_1_14' title="bbox 325 1125 1777 1180; baseline 0.004 -18"><span class='ocrx_word' id='word_1_107' title='bbox 325 1125 446 1163; x_wconf 88' lang='lat' dir='ltr'><strong>editio</strong></span> <span class='ocrx_word' id='word_1_108' title='bbox 469 1125 682 1164; x_wconf 87' lang='lat' dir='ltr'><strong>Heinsiana</strong></span> <span class='ocrx_word' id='word_1_109' title='bbox 701 1134 905 1178; x_wconf 84' lang='lat' dir='ltr'><strong>utramque</strong></span> <span class='ocrx_word' id='word_1_110' title='bbox 924 1141 1060 1166; x_wconf 89' lang='lat' dir='ltr'><strong>vocem</strong></span> <span class='ocrx_word' id='word_1_111' title='bbox 1081 1129 1251 1176; x_wconf 81' lang='lat' dir='ltr'><strong>sustulit,</strong></span> <span class='ocrx_word' id='word_1_112' title='bbox 1267 1135 1389 1166; x_wconf 91' lang='lat' dir='ltr'><strong>metro</strong></span> <span class='ocrx_word' id='word_1_113' title='bbox 1409 1142 1540 1167; x_wconf 87' lang='lat' dir='ltr'><strong>rursus</strong></span> <span class='ocrx_word' id='word_1_114' title='bbox 1553 1129 1777 1180; x_wconf 85' lang='lat' dir='ltr'><strong>depravato.</strong></span> 
     </span>
     <span class='ocr_line' id='line_1_15' title="bbox 327 1187 1777 1244; baseline 0.004 -18"><span class='ocrx_word' id='word_1_115' title='bbox 327 1187 443 1232; x_wconf 86' lang='lat' dir='ltr'><strong>Quod</strong></span> <span class='ocrx_word' id='word_1_116' title='bbox 476 1189 650 1241; x_wconf 86' lang='lat' dir='ltr'><strong>pluribus</strong></span> <span class='ocrx_word' id='word_1_117' title='bbox 672 1190 710 1227; x_wconf 90' lang='lat' dir='ltr'><strong>in</strong></span> <span class='ocrx_word' id='word_1_118' title='bbox 744 1190 840 1229; x_wconf 87' lang='lat' dir='ltr'><strong>locis</strong></span> <span class='ocrx_word' id='word_1_119' title='bbox 861 1192 939 1229; x_wconf 87' lang='lat' dir='ltr'><strong>fieri</strong></span> <span class='ocrx_word' id='word_1_120' title='bbox 960 1192 1118 1239; x_wconf 86' lang='lat' dir='ltr'><strong>videbit,</strong></span> <span class='ocrx_word' id='word_1_121' title='bbox 1139 1193 1372 1244; x_wconf 83' lang='lat' dir='ltr'><strong>quicumque</strong></span> <span class='ocrx_word' id='word_1_122' title='bbox 1396 1192 1586 1231; x_wconf 87' lang='lat' dir='ltr'><strong>editiones</strong></span> <span class='ocrx_word' id='word_1_123' title='bbox 1620 1193 1777 1241; x_wconf 90' lang='lat' dir='ltr'><strong>Mureti,</strong></span> 
     </span>
     <span class='ocr_line' id='line_1_16' title="bbox 325 1252 1778 1308; baseline 0.004 -19"><span class='ocrx_word' id='word_1_124' title='bbox 325 1252 477 1299; x_wconf 74' lang='lat' dir='ltr'><strong>Faerni,</strong></span> <span class='ocrx_word' id='word_1_125' title='bbox 498 1260 614 1304; x_wconf 88' lang='lat' dir='ltr'><strong>atque</strong></span> <span class='ocrx_word' id='word_1_126' title='bbox 636 1254 785 1293; x_wconf 90' lang='lat' dir='ltr'><strong>Heinsii</strong></span> <span class='ocrx_word' id='word_1_127' title='bbox 813 1254 977 1294; x_wconf 89' lang='lat' dir='ltr'><strong>invicem</strong></span> <span class='ocrx_word' id='word_1_128' title='bbox 1005 1257 1180 1295; x_wconf 88' lang='lat' dir='ltr'><strong>conferre</strong></span> <span class='ocrx_word' id='word_1_129' title='bbox 1209 1270 1337 1308; x_wconf 80' lang='lat' dir='ltr'><strong>operae</strong></span> <span class='ocrx_word' id='word_1_130' title='bbox 1366 1257 1531 1308; x_wconf 84' lang='lat' dir='ltr'><strong>pretium</strong></span> <span class='ocrx_word' id='word_1_131' title='bbox 1562 1256 1643 1296; x_wconf 88' lang='lat' dir='ltr'><strong>fore</strong></span> <span class='ocrx_word' id='word_1_132' title='bbox 1677 1257 1778 1296; x_wconf 82' lang='lat' dir='ltr'><strong>exis-</strong></span> 
     </span>
     <span class='ocr_line' id='line_1_17' title="bbox 326 1316 491 1355; baseline 0.006 -1"><span class='ocrx_word' id='word_1_133' title='bbox 326 1316 491 1355; x_wconf 88' lang='lat' dir='ltr'><strong>timabit.</strong></span> 
     </span>
    </p>
   </div>
   <div class='ocr_carea' id='block_1_4' title="bbox 737 1533 1358 1576">
    <p class='ocr_par' dir='ltr' id='par_1_6' title="bbox 737 1533 1358 1576">
     <span class='ocr_line' id='line_1_18' title="bbox 737 1533 1358 1576; baseline 0.002 -11"><span class='ocrx_word' id='word_1_134' title='bbox 737 1533 1027 1566; x_wconf 80' lang='lat' dir='ltr'>FRANCISCUS</span> <span class='ocrx_word' id='word_1_135' title='bbox 1053 1534 1194 1576; x_wconf 79' lang='lat' dir='ltr'><strong>HARE,</strong></span> <span class='ocrx_word' id='word_1_136' title='bbox 1217 1535 1252 1567; x_wconf 92' lang='lat' dir='ltr'><strong>S.</strong></span> <span class='ocrx_word' id='word_1_137' title='bbox 1266 1536 1304 1566; x_wconf 90' lang='grc' dir='ltr'><strong>Τ.</strong></span> <span class='ocrx_word' id='word_1_138' title='bbox 1320 1535 1358 1566; x_wconf 91' lang='grc' dir='ltr'><strong>Ρ.</strong></span> 
     </span>
    </p>
   </div>
   <div class='ocr_carea' id='block_1_5' title="bbox 633 1639 1462 1683">
    <p class='ocr_par' dir='ltr' id='par_1_7' title="bbox 633 1639 1462 1683">
     <span class='ocr_line' id='line_1_19' title="bbox 633 1639 1462 1683; baseline -0.002 -2"><span class='ocrx_word' id='word_1_139' title='bbox 633 1640 730 1682; x_wconf 90' lang='lat' dir='ltr'><strong>DE</strong></span> <span class='ocrx_word' id='word_1_140' title='bbox 776 1640 1068 1683; x_wconf 85' lang='lat' dir='ltr'><strong>METRIS</strong></span> <span class='ocrx_word' id='word_1_141' title='bbox 1116 1639 1462 1681; x_wconf 90' lang='lat' dir='ltr'><strong>COMICIS.</strong></span> 
     </span>
    </p>
   </div>
   <div class='ocr_carea' id='block_1_6' title="bbox 310 1762 1772 2834">
    <p class='ocr_par' dir='ltr' id='par_1_8' title="bbox 313 1762 1772 2578">
     <span class='ocr_line' id='line_1_20' title="bbox 373 1762 1772 1815; baseline -0.002 -14"><span class='ocrx_word' id='word_1_142' title='bbox 373 1763 460 1806; x_wconf 71' lang='lat' dir='ltr'><strong>Qur</strong></span> <span class='ocrx_word' id='word_1_143' title='bbox 483 1777 570 1802; x_wconf 89' lang='lat' dir='ltr'><strong>cum</strong></span> <span class='ocrx_word' id='word_1_144' title='bbox 605 1764 733 1802; x_wconf 85' lang='lat' dir='ltr'><strong>fructu</strong></span> <span class='ocrx_word' id='word_1_145' title='bbox 759 1765 888 1815; x_wconf 83' lang='lat' dir='ltr'><strong>legere</strong></span> <span class='ocrx_word' id='word_1_146' title='bbox 908 1765 1014 1810; x_wconf 88' lang='lat' dir='ltr'><strong>velit,</strong></span> <span class='ocrx_word' id='word_1_147' title='bbox 1048 1776 1137 1815; x_wconf 84' lang='lat' dir='ltr'><strong>quae</strong></span> <span class='ocrx_word' id='word_1_148' title='bbox 1167 1763 1214 1801; x_wconf 91' lang='lat' dir='ltr'><strong>de</strong></span> <span class='ocrx_word' id='word_1_149' title='bbox 1245 1764 1376 1801; x_wconf 89' lang='lat' dir='ltr'><strong>metris</strong></span> <span class='ocrx_word' id='word_1_150' title='bbox 1411 1762 1569 1801; x_wconf 88' lang='lat' dir='ltr'><strong>comicis</strong></span> <span class='ocrx_word' id='word_1_151' title='bbox 1598 1762 1772 1801; x_wconf 85' lang='lat' dir='ltr'><strong>dicturus</strong></span> 
     </span>
     <span class='ocr_line' id='line_1_21' title="bbox 322 1825 1771 1879; baseline -0.001 -15"><span class='ocrx_word' id='word_1_152' title='bbox 322 1840 421 1873; x_wconf 89' lang='lat' dir='ltr'><strong>sum,</strong></span> <span class='ocrx_word' id='word_1_153' title='bbox 448 1828 563 1865; x_wconf 88' lang='lat' dir='ltr'><strong>domo</strong></span> <span class='ocrx_word' id='word_1_154' title='bbox 593 1828 727 1866; x_wconf 82' lang='lat' dir='ltr'><strong>afferat</strong></span> <span class='ocrx_word' id='word_1_155' title='bbox 757 1835 909 1879; x_wconf 86' lang='lat' dir='ltr'><strong>oportet</strong></span> <span class='ocrx_word' id='word_1_156' title='bbox 943 1842 1075 1866; x_wconf 90' lang='lat' dir='ltr'><strong>eorum</strong></span> <span class='ocrx_word' id='word_1_157' title='bbox 1111 1828 1388 1879; x_wconf 85' lang='lat' dir='ltr'><strong>cognitionem,</strong></span> <span class='ocrx_word' id='word_1_158' title='bbox 1419 1827 1568 1877; x_wconf 79' lang='lat' dir='ltr'><strong>quaein</strong></span> <span class='ocrx_word' id='word_1_159' title='bbox 1603 1825 1771 1876; x_wconf 82' lang='lat' dir='ltr'><strong>vulgatis</strong></span> 
     </span>
     <span class='ocr_line' id='line_1_22' title="bbox 318 1890 1772 1943; baseline 0 -16"><span class='ocrx_word' id='word_1_160' title='bbox 318 1891 497 1930; x_wconf 85' lang='lat' dir='ltr'><strong>carminis</strong></span> <span class='ocrx_word' id='word_1_161' title='bbox 520 1891 715 1930; x_wconf 90' lang='lat' dir='ltr'><strong>condendi</strong></span> <span class='ocrx_word' id='word_1_162' title='bbox 747 1892 892 1943; x_wconf 86' lang='lat' dir='ltr'><strong>regulis</strong></span> <span class='ocrx_word' id='word_1_163' title='bbox 914 1892 1185 1935; x_wconf 76' lang='lat' dir='ltr'><strong>continentur:</strong></span> <span class='ocrx_word' id='word_1_164' title='bbox 1217 1904 1342 1942; x_wconf 88' lang='lat' dir='ltr'><strong>neque</strong></span> <span class='ocrx_word' id='word_1_165' title='bbox 1363 1890 1464 1928; x_wconf 89' lang='lat' dir='ltr'><strong>enim</strong></span> <span class='ocrx_word' id='word_1_166' title='bbox 1496 1891 1618 1940; x_wconf 86' lang='lat' dir='ltr'><strong>prima</strong></span> <span class='ocrx_word' id='word_1_167' title='bbox 1637 1901 1772 1941; x_wconf 89' lang='lat' dir='ltr'><strong>proso·</strong></span> 
     </span>
     <span class='ocr_line' id='line_1_23' title="bbox 317 1953 1770 2006; baseline -0.001 -15"><span class='ocrx_word' id='word_1_168' title='bbox 317 1953 391 1991; x_wconf 86' lang='lat' dir='ltr'><strong>diae</strong></span> <span class='ocrx_word' id='word_1_169' title='bbox 415 1954 608 1992; x_wconf 84' lang='lat' dir='ltr'><strong>elementa</strong></span> <span class='ocrx_word' id='word_1_170' title='bbox 626 1955 778 1993; x_wconf 81' lang='lat' dir='ltr'><strong>tradere</strong></span> <span class='ocrx_word' id='word_1_171' title='bbox 809 1955 924 2006; x_wconf 89' lang='lat' dir='ltr'><strong>hujus</strong></span> <span class='ocrx_word' id='word_1_172' title='bbox 945 1954 1111 1992; x_wconf 84' lang='lat' dir='ltr'><strong>instituti</strong></span> <span class='ocrx_word' id='word_1_173' title='bbox 1140 1961 1212 1992; x_wconf 87' lang='lat' dir='ltr'><strong>est.</strong></span> <span class='ocrx_word' id='word_1_174' title='bbox 1271 1954 1347 1998; x_wconf 83' lang='lat' dir='ltr'><strong>Qui</strong></span> <span class='ocrx_word' id='word_1_175' title='bbox 1369 1954 1414 1992; x_wconf 92' lang='lat' dir='ltr'><strong>iis</strong></span> <span class='ocrx_word' id='word_1_176' title='bbox 1447 1954 1583 1991; x_wconf 88' lang='lat' dir='ltr'><strong>leviter</strong></span> <span class='ocrx_word' id='word_1_177' title='bbox 1601 1954 1770 1991; x_wconf 88' lang='lat' dir='ltr'><strong>imbutus</strong></span> 
     </span>
     <span class='ocr_line' id='line_1_24' title="bbox 316 2016 1769 2070; baseline 0 -16"><span class='ocrx_word' id='word_1_178' title='bbox 316 2024 388 2063; x_wconf 88' lang='lat' dir='ltr'><strong>est,</strong></span> <span class='ocrx_word' id='word_1_179' title='bbox 410 2018 517 2055; x_wconf 88' lang='lat' dir='ltr'><strong>novit</strong></span> <span class='ocrx_word' id='word_1_180' title='bbox 548 2018 703 2056; x_wconf 85' lang='lat' dir='ltr'><strong>brevem</strong></span> <span class='ocrx_word' id='word_1_181' title='bbox 724 2019 913 2070; x_wconf 80' lang='lat' dir='ltr'><strong>syllabam</strong></span> <span class='ocrx_word' id='word_1_182' title='bbox 944 2019 1057 2057; x_wconf 90' lang='lat' dir='ltr'><strong>unius</strong></span> <span class='ocrx_word' id='word_1_183' title='bbox 1078 2032 1163 2057; x_wconf 86' lang='lat' dir='ltr'><strong>esse</strong></span> <span class='ocrx_word' id='word_1_184' title='bbox 1184 2018 1381 2069; x_wconf 84' lang='lat' dir='ltr'><strong>temporis,</strong></span> <span class='ocrx_word' id='word_1_185' title='bbox 1401 2018 1556 2068; x_wconf 82' lang='lat' dir='ltr'><strong>longam</strong></span> <span class='ocrx_word' id='word_1_186' title='bbox 1579 2016 1769 2065; x_wconf 87' lang='lat' dir='ltr'><strong>duorum;</strong></span> 
     </span>
     <span class='ocr_line' id='line_1_25' title="bbox 314 2079 1770 2134; baseline -0.001 -16"><span class='ocrx_word' id='word_1_187' title='bbox 314 2081 434 2132; x_wconf 82' lang='lat' dir='ltr'><strong>pedes</strong></span> <span class='ocrx_word' id='word_1_188' title='bbox 456 2088 583 2120; x_wconf 87' lang='lat' dir='ltr'><strong>autem</strong></span> <span class='ocrx_word' id='word_1_189' title='bbox 605 2095 652 2119; x_wconf 85' lang='lat' dir='ltr'><strong>ex</strong></span> <span class='ocrx_word' id='word_1_190' title='bbox 686 2082 845 2132; x_wconf 82' lang='lat' dir='ltr'><strong>syllabis</strong></span> <span class='ocrx_word' id='word_1_191' title='bbox 867 2083 1071 2134; x_wconf 89' lang='lat' dir='ltr'><strong>componi;</strong></span> <span class='ocrx_word' id='word_1_192' title='bbox 1117 2090 1156 2121; x_wconf 93' lang='lat' dir='ltr'><strong>et</strong></span> <span class='ocrx_word' id='word_1_193' title='bbox 1186 2096 1234 2122; x_wconf 89' lang='lat' dir='ltr'><strong>ex</strong></span> <span class='ocrx_word' id='word_1_194' title='bbox 1263 2082 1308 2119; x_wconf 88' lang='lat' dir='ltr'><strong>iis</strong></span> <span class='ocrx_word' id='word_1_195' title='bbox 1344 2094 1463 2119; x_wconf 89' lang='lat' dir='ltr'><strong>unum</strong></span> <span class='ocrx_word' id='word_1_196' title='bbox 1497 2093 1584 2118; x_wconf 88' lang='lat' dir='ltr'><strong>esse</strong></span> <span class='ocrx_word' id='word_1_197' title='bbox 1605 2079 1770 2117; x_wconf 79' lang='lat' dir='ltr'><strong>duorum</strong></span> 
     </span>
     <span class='ocr_line' id='line_1_26' title="bbox 315 2144 1769 2196; baseline -0.001 -14"><span class='ocrx_word' id='word_1_198' title='bbox 315 2151 547 2196; x_wconf 89' lang='lat' dir='ltr'><strong>temporum,</strong></span> <span class='ocrx_word' id='word_1_199' title='bbox 582 2146 842 2196; x_wconf 73' lang='lat' dir='ltr'><strong>pyrrichium:</strong></span> <span class='ocrx_word' id='word_1_200' title='bbox 883 2153 960 2184; x_wconf 90' lang='lat' dir='ltr'><strong>tres</strong></span> <span class='ocrx_word' id='word_1_201' title='bbox 993 2147 1119 2192; x_wconf 90' lang='lat' dir='ltr'><strong>trium,</strong></span> <span class='ocrx_word' id='word_1_202' title='bbox 1155 2146 1382 2192; x_wconf 71' lang='lat' dir='ltr'><strong>trochaeum,</strong></span> <span class='ocrx_word' id='word_1_203' title='bbox 1413 2145 1598 2190; x_wconf 85' lang='lat' dir='ltr'><strong>iambum,</strong></span> <span class='ocrx_word' id='word_1_204' title='bbox 1632 2144 1769 2181; x_wconf 85' lang='lat' dir='ltr'><strong>tribra-</strong></span> 
     </span>
     <span class='ocr_line' id='line_1_27' title="bbox 315 2208 1768 2261; baseline -0.001 -15"><span class='ocrx_word' id='word_1_205' title='bbox 315 2208 441 2259; x_wconf 69' lang='lat' dir='ltr'><strong>chynz</strong></span> <span class='ocrx_word' id='word_1_206' title='bbox 485 2216 651 2259; x_wconf 83' lang='lat' dir='ltr'><strong>quatuor</strong></span> <span class='ocrx_word' id='word_1_207' title='bbox 690 2216 904 2260; x_wconf 89' lang='lat' dir='ltr'><strong>temporum</strong></span> <span class='ocrx_word' id='word_1_208' title='bbox 940 2218 1119 2261; x_wconf 84' lang='lat' dir='ltr'><strong>quatuor,</strong></span> <span class='ocrx_word' id='word_1_209' title='bbox 1153 2209 1397 2261; x_wconf 73' lang='lat' dir='ltr'><strong>spondaeum,</strong></span> <span class='ocrx_word' id='word_1_210' title='bbox 1426 2208 1638 2259; x_wconf 87' lang='lat' dir='ltr'><strong>dactylum,</strong></span> <span class='ocrx_word' id='word_1_211' title='bbox 1674 2218 1768 2244; x_wconf 85' lang='lat' dir='ltr'><strong>ana-</strong></span> 
     </span>
     <span class='ocr_line' id='line_1_28' title="bbox 314 2271 1768 2326; baseline -0.001 -17"><span class='ocrx_word' id='word_1_212' title='bbox 314 2280 496 2323; x_wconf 86' lang='lat' dir='ltr'><strong>paestum,</strong></span> <span class='ocrx_word' id='word_1_213' title='bbox 530 2279 568 2310; x_wconf 91' lang='lat' dir='ltr'><strong>et</strong></span> <span class='ocrx_word' id='word_1_214' title='bbox 589 2273 907 2326; x_wconf 85' lang='lat' dir='ltr'><strong>amphibrachyn,</strong></span> <span class='ocrx_word' id='word_1_215' title='bbox 947 2274 1034 2323; x_wconf 85' lang='lat' dir='ltr'><strong>(sed</strong></span> <span class='ocrx_word' id='word_1_216' title='bbox 1056 2275 1117 2312; x_wconf 89' lang='lat' dir='ltr'><strong>hic</strong></span> <span class='ocrx_word' id='word_1_217' title='bbox 1137 2274 1294 2312; x_wconf 87' lang='lat' dir='ltr'><strong>ultimus</strong></span> <span class='ocrx_word' id='word_1_218' title='bbox 1314 2273 1364 2311; x_wconf 90' lang='lat' dir='ltr'><strong>ad</strong></span> <span class='ocrx_word' id='word_1_219' title='bbox 1391 2279 1514 2311; x_wconf 83' lang='lat' dir='ltr'><strong>metra</strong></span> <span class='ocrx_word' id='word_1_220' title='bbox 1534 2271 1768 2310; x_wconf 85' lang='lat' dir='ltr'><strong>Terentiana</strong></span> 
     </span>
     <span class='ocr_line' id='line_1_29' title="bbox 313 2335 1765 2390; baseline -0.001 -18"><span class='ocrx_word' id='word_1_221' title='bbox 313 2335 570 2386; x_wconf 80' lang='lat' dir='ltr'><strong>intelligenda</strong></span> <span class='ocrx_word' id='word_1_222' title='bbox 588 2350 744 2387; x_wconf 87' lang='lat' dir='ltr'><strong>prorsus</strong></span> <span class='ocrx_word' id='word_1_223' title='bbox 766 2337 911 2375; x_wconf 80' lang='lat' dir='ltr'><strong>inutilis</strong></span> <span class='ocrx_word' id='word_1_224' title='bbox 926 2339 955 2386; x_wconf 77' lang='lat'><strong>3)</strong></span> <span class='ocrx_word' id='word_1_225' title='bbox 985 2345 1062 2375; x_wconf 86' lang='lat' dir='ltr'><strong>tres</strong></span> <span class='ocrx_word' id='word_1_226' title='bbox 1083 2352 1130 2377; x_wconf 80' lang='lat' dir='ltr'><strong>ex</strong></span> <span class='ocrx_word' id='word_1_227' title='bbox 1151 2337 1313 2390; x_wconf 86' lang='lat' dir='ltr'><strong>pedibus</strong></span> <span class='ocrx_word' id='word_1_228' title='bbox 1334 2336 1572 2388; x_wconf 85' lang='lat' dir='ltr'><strong>simplicibus</strong></span> <span class='ocrx_word' id='word_1_229' title='bbox 1595 2336 1765 2386; x_wconf 87' lang='lat' dir='ltr'><strong>quinque</strong></span> 
     </span>
     <span class='ocr_line' id='line_1_30' title="bbox 313 2398 1764 2449; baseline -0.001 -14"><span class='ocrx_word' id='word_1_230' title='bbox 313 2406 543 2449; x_wconf 88' lang='lat' dir='ltr'><strong>temporum,</strong></span> <span class='ocrx_word' id='word_1_231' title='bbox 574 2400 793 2447; x_wconf 84' lang='lat' dir='ltr'><strong>bacchium,</strong></span> <span class='ocrx_word' id='word_1_232' title='bbox 827 2401 1127 2448; x_wconf 86' lang='lat' dir='ltr'><strong>antibacchium,</strong></span> <span class='ocrx_word' id='word_1_233' title='bbox 1156 2409 1195 2439; x_wconf 89' lang='lat' dir='ltr'><strong>et</strong></span> <span class='ocrx_word' id='word_1_234' title='bbox 1215 2401 1425 2444; x_wconf 89' lang='lat' dir='ltr'><strong>creticum;</strong></span> <span class='ocrx_word' id='word_1_235' title='bbox 1456 2413 1574 2438; x_wconf 91' lang='lat' dir='ltr'><strong>unum</strong></span> <span class='ocrx_word' id='word_1_236' title='bbox 1596 2398 1764 2448; x_wconf 88' lang='lat' dir='ltr'><strong>denique</strong></span> 
     </span>
     <span class='ocr_line' id='line_1_31' title="bbox 314 2461 1766 2514; baseline 0 -16"><span class='ocrx_word' id='word_1_237' title='bbox 314 2475 381 2499; x_wconf 85' lang='lat' dir='ltr'><strong>sex</strong></span> <span class='ocrx_word' id='word_1_238' title='bbox 401 2474 488 2499; x_wconf 87' lang='lat' dir='ltr'><strong>esse</strong></span> <span class='ocrx_word' id='word_1_239' title='bbox 509 2469 738 2513; x_wconf 86' lang='lat' dir='ltr'><strong>temporum,</strong></span> <span class='ocrx_word' id='word_1_240' title='bbox 770 2477 908 2514; x_wconf 87' lang='lat' dir='ltr'><strong>nempe</strong></span> <span class='ocrx_word' id='word_1_241' title='bbox 930 2465 1169 2502; x_wconf 85' lang='lat' dir='ltr'><strong>molossum:</strong></span> <span class='ocrx_word' id='word_1_242' title='bbox 1201 2463 1268 2502; x_wconf 90' lang='lat' dir='ltr'><strong>sed</strong></span> <span class='ocrx_word' id='word_1_243' title='bbox 1290 2464 1329 2501; x_wconf 91' lang='lat' dir='ltr'><strong>hi</strong></span> <span class='ocrx_word' id='word_1_244' title='bbox 1357 2470 1525 2514; x_wconf 87' lang='lat' dir='ltr'><strong>quatuor</strong></span> <span class='ocrx_word' id='word_1_245' title='bbox 1545 2462 1595 2500; x_wconf 87' lang='lat' dir='ltr'><strong>ad</strong></span> <span class='ocrx_word' id='word_1_246' title='bbox 1617 2461 1766 2514; x_wconf 88' lang='lat' dir='ltr'><strong>paeoni-</strong></span> 
     </span>
     <span class='ocr_line' id='line_1_32' title="bbox 313 2527 1434 2578; baseline 0.003 -17"><span class='ocrx_word' id='word_1_247' title='bbox 313 2537 402 2562; x_wconf 87' lang='lat' dir='ltr'><strong>cum</strong></span> <span class='ocrx_word' id='word_1_248' title='bbox 423 2538 546 2575; x_wconf 85' lang='lat' dir='ltr'><strong>genus</strong></span> <span class='ocrx_word' id='word_1_249' title='bbox 569 2532 760 2575; x_wconf 87' lang='lat' dir='ltr'><strong>spectant,</strong></span> <span class='ocrx_word' id='word_1_250' title='bbox 783 2527 830 2564; x_wconf 89' lang='lat' dir='ltr'><strong>de</strong></span> <span class='ocrx_word' id='word_1_251' title='bbox 851 2541 928 2578; x_wconf 88' lang='lat' dir='ltr'><strong>quo</strong></span> <span class='ocrx_word' id='word_1_252' title='bbox 950 2528 1043 2566; x_wconf 88' lang='lat' dir='ltr'><strong>nihil</strong></span> <span class='ocrx_word' id='word_1_253' title='bbox 1059 2529 1120 2567; x_wconf 90' lang='lat' dir='ltr'><strong>hic</strong></span> <span class='ocrx_word' id='word_1_254' title='bbox 1141 2528 1314 2566; x_wconf 86' lang='lat' dir='ltr'><strong>dicturus</strong></span> <span class='ocrx_word' id='word_1_255' title='bbox 1335 2540 1434 2565; x_wconf 89' lang='lat' dir='ltr'><strong>sum.</strong></span> 
     </span>
    </p>

    <p class='ocr_par' dir='ltr' id='par_1_9' title="bbox 310 2586 1766 2751">
     <span class='ocr_line' id='line_1_33' title="bbox 366 2586 1766 2641; baseline 0.001 -18"><span class='ocrx_word' id='word_1_256' title='bbox 366 2587 423 2623; x_wconf 84' lang='lat' dir='ltr'><strong>Ex</strong></span> <span class='ocrx_word' id='word_1_257' title='bbox 461 2586 606 2637; x_wconf 84' lang='lat' dir='ltr'><strong>pedum</strong></span> <span class='ocrx_word' id='word_1_258' title='bbox 651 2587 950 2640; x_wconf 85' lang='lat' dir='ltr'><strong>dissyllaborum</strong></span> <span class='ocrx_word' id='word_1_259' title='bbox 993 2591 1255 2641; x_wconf 87' lang='lat' dir='ltr'><strong>geminatione</strong></span> <span class='ocrx_word' id='word_1_260' title='bbox 1291 2590 1352 2629; x_wconf 92' lang='lat' dir='ltr'><strong>vel</strong></span> <span class='ocrx_word' id='word_1_261' title='bbox 1389 2589 1662 2640; x_wconf 89' lang='lat' dir='ltr'><strong>conjunctione</strong></span> <span class='ocrx_word' id='word_1_262' title='bbox 1692 2589 1766 2626; x_wconf 88' lang='lat' dir='ltr'><strong>ori·</strong></span> 
     </span>
     <span class='ocr_line' id='line_1_34' title="bbox 310 2652 1762 2703; baseline 0.001 -16"><span class='ocrx_word' id='word_1_263' title='bbox 310 2656 428 2687; x_wconf 84' lang='lat' dir='ltr'><strong>untur</strong></span> <span class='ocrx_word' id='word_1_264' title='bbox 457 2656 592 2696; x_wconf 82' lang='lat' dir='ltr'><strong>metra,</strong></span> <span class='ocrx_word' id='word_1_265' title='bbox 623 2663 711 2701; x_wconf 75' lang='lat' dir='ltr'><strong>qum</strong></span> <span class='ocrx_word' id='word_1_266' title='bbox 749 2652 877 2692; x_wconf 79' lang='lat' dir='ltr'><strong>Groeci</strong></span> <span class='ocrx_word' id='word_1_267' title='bbox 912 2654 1076 2694; x_wconf 76' lang='grc' dir='ltr'>διποδίας</span> <span class='ocrx_word' id='word_1_268' title='bbox 1113 2669 1183 2694; x_wconf 90' lang='lat' dir='ltr'><strong>seu</strong></span> <span class='ocrx_word' id='word_1_269' title='bbox 1220 2657 1400 2703; x_wconf 74' lang='grc' dir='ltr'>συὲυγίας</span> <span class='ocrx_word' id='word_1_270' title='bbox 1429 2653 1573 2698; x_wconf 83' lang='lat' dir='ltr'><strong>dixere,</strong></span> <span class='ocrx_word' id='word_1_271' title='bbox 1603 2661 1762 2689; x_wconf 88' lang='lat' dir='ltr'><strong>numero</strong></span> 
     </span>
     <span class='ocr_line' id='line_1_35' title="bbox 312 2712 496 2751; baseline 0 -1"><span class='ocrx_word' id='word_1_272' title='bbox 312 2712 496 2751; x_wconf 83' lang='lat' dir='ltr'><strong>sedecim.</strong></span> 
     </span>
    </p>

    <p class='ocr_par' dir='ltr' id='par_1_10' title="bbox 370 2776 1762 2834">
     <span class='ocr_line' id='line_1_36' title="bbox 370 2776 1762 2834; baseline 0.001 -20"><span class='ocrx_word' id='word_1_273' title='bbox 370 2778 402 2814; x_wconf 84' lang='lat'><strong>1.</strong></span> <span class='ocrx_word' id='word_1_274' title='bbox 445 2776 501 2814; x_wconf 75' lang='lat' dir='ltr'><strong>Ex</strong></span> <span class='ocrx_word' id='word_1_275' title='bbox 546 2777 737 2829; x_wconf 82' lang='lat' dir='ltr'><strong>pyrrichio</strong></span> <span class='ocrx_word' id='word_1_276' title='bbox 782 2781 976 2830; x_wconf 80' lang='lat' dir='ltr'><strong>geminato</strong></span> <span class='ocrx_word' id='word_1_277' title='bbox 1018 2783 1057 2819; x_wconf 84' lang='lat' dir='ltr'><strong>fit</strong></span> <span class='ocrx_word' id='word_1_278' title='bbox 1100 2780 1483 2834; x_wconf 81' lang='lat' dir='ltr'><strong>proceleusmaticus,</strong></span> <span class='ocrx_word' id='word_1_279' title='bbox 1525 2778 1762 2831; x_wconf 87' lang='lat' dir='ltr'><strong>temporibus</strong></span> 
     </span>
    </p>
   </div>
  </div>
 </body>
</html>
