1903 3306
313 191 397 233 378
806 205 847 235 P.
879 206 1121 237 TERENTH
1154 207 1271 238 Arm

311 295 430 347 Tibi,
453 301 591 350 pater,
612 311 683 338 me
706 298 820 339 dedo
839 314 848 340 :
880 300 1059 353 quidvis
1081 301 1227 342 oneris
1250 303 1442 355 impone,
1463 302 1646 356 impera.

313 363 399 405 Vis
437 378 507 406 me
539 378 722 406 uxorem
757 367 945 408 ducere?
989 367 1101 409 hanc
1138 369 1205 409 vis
1242 370 1471 410 amittere?
1508 375 1557 411 ut
1587 375 1758 424 potero,

481 431 633 473 feram.

312 498 418 540 Hoc
438 499 572 540 modo
601 504 642 541 te
675 501 875 551 obsecro,
911 507 960 542 ut
988 515 1042 543 ne
1074 503 1227 543 credas
1255 517 1283 544 a
1301 517 1370 545 me
1390 504 1623 558 allegatum
1645 505 1760 546 hunc

483 580 645 608 senem.

310 632 416 674 Sine
454 646 523 673 me
560 646 814 690 expurgem,
855 638 991 688 atque
1039 636 1164 676 illum
1213 637 1300 678 huc
1342 650 1492 679 coram
1530 639 1760 681 adducam.

481 700 548 741 SI.
579 692 818 742 Add'ucas!
878 702 968 743 PA.
999 703 1116 753 Sine,
1138 707 1276 758 pater.

310 765 398 806 CH.
429 767 626 821 AEquum
654 769 879 822 postulat:
911 770 968 811 da
986 771 1174 812 veniam.
1235 772 1323 813 PA.
1384 772 1491 814 Sine
1514 778 1556 815 te
1575 774 1662 814 hoc.
1684 787 1760 828 ex-

483 847 615 890 ng.
676 836 744 878 Si.
777 837 898 878 Sino.
1701 842 1759 882 30

312 899 503 950 Quidvis
526 903 672 956 cupio,
692 903 863 945 dumne
879 906 934 946 ab
955 905 1038 947 hoc
1051 920 1122 947 me
1141 905 1235 946 falli
1257 907 1517 960 comperiar,
1539 907 1760 950 Chremes.

310 967 397 1010 CH.
429 967 517 1010 Pro
537 974 721 1023 peccato
741 984 901 1025 magno
923 974 1103 1027 paulum
1124 974 1334 1028 supplicii
1356 975 1466 1015 satis
1486 978 1552 1015 est
1571 976 1701 1029 patri.

312 1088 446 1136 Quidvis
468 1091 570 1122 oneris
596 1091 727 1132 impone.
774 1092 908 1133 Impera.
958 1093 1014 1124 Vis
1039 1102 1086 1124 me
1107 1103 1233 1125 uxorem
1259 1093 1396 1126 ducere?
1434 1095 1489 1127 Vis
1512 1105 1558 1126 me
1582 1095 1761 1136 Glycerium

307 1131 492 1164 demittere?
526 1134 567 1164 Id
581 1136 658 1173 quod
673 1136 731 1174 vis,
749 1137 783 1164 ut
810 1139 928 1175 potero,
946 1136 1064 1174 seram.
1112 1136 1184 1166 Hoc
1205 1139 1415 1168 tantummodo
1437 1142 1467 1170 te
1481 1139 1674 1169 vehementer
1695 1147 1760 1176 oro,

307 1177 343 1222 ‘ut
356 1184 394 1206 ne
410 1177 516 1207 credas
530 1177 610 1207 hunc
633 1187 652 1207 a
668 1187 714 1207 me
728 1178 922 1209 summissum
945 1188 1047 1210 senem
1072 1179 1243 1219 Critonem,
1258 1182 1310 1220 qai
1332 1180 1410 1210 hanc
1424 1181 1521 1212 civem
1535 1181 1677 1212 Atticam
1696 1189 1762 1211 esse

307 1221 365 1248 alt.
411 1219 569 1249 Permitte
592 1223 626 1250 ut
642 1219 679 1250 ab
699 1220 756 1250 hac
770 1222 859 1260 culpa
871 1231 919 1251 me
939 1231 1079 1262 purgem,
1093 1226 1183 1261 aeque
1204 1222 1292 1253 illum
1313 1233 1416 1253 coram
1431 1223 1516 1254 vobis
1529 1224 1588 1254 huc
1601 1225 1762 1254 adducam.

307 1259 359 1292 S1.
385 1261 432 1291 Tu
446 1261 605 1293 adducas!
648 1262 714 1294 ΡΛ.
739 1263 896 1294 Permitte
911 1264 945 1294 ia
960 1265 1048 1302 mihi,
1072 1268 1177 1304 pater.
1219 1265 1288 1296 Cu.
1312 1266 1417 1306 AEqua
1432 1269 1476 1296 est
1500 1266 1564 1304 eius
1581 1266 1761 1306 postulatio.

309 1303 366 1333 Da
394 1303 443 1334 illi
458 1303 645 1341 facultatem
670 1305 726 1335 hoc
738 1306 894 1343 faciendi.
939 1307 1007 1336 ΡΑ.
1031 1306 1121 1346 Sine,
1147 1310 1182 1337 ut
1207 1307 1261 1338 hoc
1285 1318 1305 1338 α
1329 1311 1360 1338 te
1382 1308 1552 1348 impetrem.
1595 1309 1646 1339 S1.
1670 1308 1760 1339 Sim.

311 1346 445 1380 Quidvis
460 1349 621 1378 concedere
637 1348 724 1387 cupio
733 1358 745 1384 ;
767 1349 928 1379 dummodo
943 1349 981 1379 ab
995 1349 1050 1380 hoc
1063 1359 1110 1380 me
1128 1349 1204 1387 falli
1218 1360 1278 1381 non
1293 1351 1486 1392 comperiam,
1505 1351 1645 1383 Chreme.
1691 1351 1761 1382 Cu-

309 1388 376 1419 Pro
390 1392 484 1428 gravi
499 1391 602 1431 culpa,
618 1391 773 1422 levissima
784 1401 875 1432 poena
882 1391 953 1432 filii
967 1391 1124 1430 satisfacit
1137 1392 1234 1433 patri.

909 1498 1151 1510 emo-‘ooo

307 1582 362 1612 ego
377 1571 528 1605 audiam?
544 1577 579 1605 et
595 1574 639 1605 At
656 1577 759 1605 tamen
774 1583 835 1614 pro
851 1574 896 1605 Ae
909 1576 1032 1606 tandem
1044 1574 1104 1606 dat
1122 1575 1269 1607 Br.-27
1282 1574 1376 1606 Hanc
1391 1578 1551 1616 superest
1565 1584 1572 1606 ε
1591 1574 1652 1606 nisi
1667 1574 1760 1614 legas

305 1625 434 1647 uxorem
449 1617 538 1647 hanc.
564 1617 622 1648 Er.
668 1618 720 1648 Ex
742 1619 751 1634 ‘
767 1617 817 1647 vis
832 1616 841 1630 ²
863 1617 1057 1648 elidendum
1075 1623 1129 1648 est
1145 1627 1171 1658 s,
1195 1623 1233 1649 ut
1254 1619 1300 1649 sit
1311 1617 1517 1649 'l‘rochaicus
1533 1628 1540 1646 :
1565 1617 1760 1658 expeditius

307 1662 419 1689 tamen
437 1659 516 1689 mihi
533 1659 718 1698 videretur,
735 1659 950 1699 silegeretur
964 1661 1098 1691 mittere.
1115 1661 1175 1692 Fa.
1220 1661 1328 1692 Recte
1357 1661 1416 1692 Fa.
1438 1670 1481 1692 ex
1507 1660 1597 1701 conj.
1622 1660 1760 1690 mittere.

306 1701 355 1731 At
380 1702 463 1732 alius
490 1702 616 1733 retinet
641 1702 722 1733 illud
739 1703 894 1740 amittere,
918 1708 954 1733 et
979 1703 1193 1734 innocentem
1219 1704 1373 1734 voculam
1389 1703 1439 1734 vis
1454 1712 1472 1734 e
1489 1707 1586 1733 textu
1604 1703 1734 1742 relegat
1751 1712 1761 1733 ε

312 1743 368 1774 Vis
384 1754 430 1775 me
445 1754 574 1776 autorem
588 1746 711 1784 ducere,
734 1745 811 1775 hanc
826 1743 995 1777 amittere?
1029 1746 1217 1785 Perperam
1234 1746 1381 1776 omnino.
1404 1746 1502 1776 Bent.
1535 1746 1669 1776 Ihz’ttere
1679 1745 1761 1775 dant

306 1786 407 1818 Both.
433 1787 529 1818 Perl.
575 1787 615 1818 In
633 1786 751 1819 Guelf.
768 1791 799 1818 2.
813 1788 1053 1826 distinguitur:
1077 1789 1145 1819 duc.
1168 1788 1245 1818 hanc
1265 1787 1367 1820 ?—29
1388 1786 1556 1819 Adducas?
1577 1788 1680 1818 Bent.
1697 1795 1759 1826 per

306 1829 390 1868 sign.
408 1828 506 1861 effert
520 1830 683 1869 interrog.
702 1835 796 1861 recte
811 1839 818 1859 t
843 1830 903 1861 sed
921 1831 1017 1861 Lind.
1042 1840 1102 1870 per
1119 1830 1332 1860 exclamandi
1348 1834 1417 1861 not.
1433 1831 1541 1861 minus
1557 1829 1759 1861 convenien-

307 1875 372 1903 ter.
398 1872 485 1902 Perl.
530 1872 724 1912 Interrogat
741 1878 776 1903 et
792 1873 982 1903 Both.—-30
1010 1874 1054 1904 Ut
1081 1882 1142 1913 pro
1165 1873 1220 1903 hoc
1248 1872 1366 1904 Guelf.
1381 1875 1412 1904 3.
1457 1873 1503 1904 Et
1525 1872 1590 1903 hoc
1612 1876 1648 1903 et
1675 1871 1759 1903 illud

306 1914 433 1945 omittit
446 1915 590 1946 Br.-3l
609 1916 738 1946 Chreme
751 1916 808 1946 ΒΓ.
820 1916 923 1946 Bent.
940 1915 979 1946 Z.
996 1916 1096 1946 Both.
1115 1915 1295 1946 Per1.—32
1312 1916 1489 1946 Paululum.
1513 1914 1626 1956 Aliqui
1643 1923 1760 1945 recen-

308 1963 361 1987 tes
378 1957 455 1987 libri
472 1957 601 1988 habent
621 1959 760 1997 paulum,
784 1962 822 1989 ut
849 1962 883 1988 et
905 1958 1013 1997 exigit
1040 1968 1176 1989 versus:
1202 1967 1318 1988 omnes
1344 1961 1458 1988 tamen
1484 1957 1615 1998 antiqui
1636 1962 1672 1988 et
1688 1956 1758 1987 Do.

301 2000 475 2039 paululum.
521 2000 611 2031 Item
636 2001 722 2040 Eng.
747 2000 806 2032 Fa.
853 2001 939 2033 Quae
967 2004 1064 2031 tanta
1087 2000 1301 2031 indoctorum
1317 2000 1547 2031 Librariorum
1564 1999 1759 2031 reverentia

305 2042 381 2072 est?
416 2043 452 2074 Si
466 2044 604 2082 paulam,
629 2048 665 2073 ut
683 2043 862 2083 spondaeus
878 2043 1132 2083 pronuntietur,
1153 2052 1213 2073 cur
1237 2042 1423 2074 scribamus
1445 2041 1632 2083 paululum?
1653 2042 1759 2073 Bent.

306 2085 473 2116 Paululum
489 2085 548 2117 ΒΓ.
565 2085 604 2116 Ζ.
649 2086 718 2117 Sed
734 2086 788 2117 hic
802 2095 896 2127 saepe
909 2085 1083 2128 discrepat
1097 2086 1187 2117 inter
1207 2085 1323 2117 libros.

959 2181 1104 2214 NOTAE

347 2249 388 2278 27
415 2246 459 2278 Ut
497 2250 615 2287 potero,
645 2245 766 2287 feram]
802 2244 857 2277 An
895 2246 1003 2287 possit

304 2296 408 2336 ferre,
424 2296 561 2327 dubium
580 2298 668 2337 patri
683 2297 857 2338 relinquit.

346 2349 386 2377 31
414 2346 609 2386 Comperiar]
645 2346 655 2363 ‘
672 2345 727 2376 Ab
752 2346 816 2377 hoc
840 2355 892 2376 me
907 2344 1001 2385 falli:

303 2401 415 2428 utrum
433 2406 451 2427 a
468 2396 649 2437 Pamphilo
661 2405 703 2427 an
716 2405 735 2427 a
749 2395 887 2427 Critone
903 2396 1001 2427 intel-

303 2447 475 2488 ligendum
498 2447 554 2486 sit,
580 2446 656 2487 quis
682 2446 840 2477 dubitet:
873 2445 934 2477 sed
960 2446 1002 2477 de

1059 2246 1172 2287 perior
1185 2246 1193 2260 '
1209 2245 1391 2278 dicendum
1405 2249 1470 2284 est,
1482 2255 1560 2277 cum
1571 2244 1674 2276 etiam
1685 2244 1758 2276 Sal-

1057 2297 1177 2328 lustius
1193 2297 1225 2328 in
1241 2297 1400 2336 Jugurth.
1412 2297 1445 2326 in
1459 2295 1574 2327 activa
1588 2294 1757 2336 significa-

1058 2348 1151 2379 tione
1181 2348 1244 2379 hoc
1271 2347 1373 2378 verbo
1403 2351 1536 2377 utatur:
1576 2345 1666 2377 ‘Sed
1692 2355 1757 2386 ego

1057 2399 1252 2440 comperior
1283 2397 1457 2428 Bocchum
1488 2396 1592 2436 magis
1624 2396 1758 2428 Punica

1057 2448 1135 2488 fide,
1160 2457 1261 2490 quam
1285 2447 1329 2479 ob
1353 2456 1404 2486 ea,
1428 2455 1503 2487 quae
1525 2445 1758 2486 praedicabat;

303 2497 483 2537 Pamphilo
496 2496 624 2527 dictum
638 2505 710 2527 esse
721 2496 851 2537 opinor.
878 2497 888 2513 ‘
903 2496 1001 2527 Com-

304 2547 417 2588 periar
429 2547 438 2560 ’
456 2546 756 2587 pro,comperiam‚
769 2547 914 2587 positum
928 2556 1002 2578 esse

303 2601 422 2627 censet
438 2597 617 2627 Muretus:
642 2601 678 2627 ut
695 2597 783 2636 apud
801 2598 1002 2628 Ciceronem

302 2647 338 2676 in
368 2646 553 2676 Miloniana
584 2646 593 2663 ‘
611 2645 734 2686 punior
746 2645 754 2658 ’
785 2656 859 2686 pro,
886 2647 1000 2687 punio.

302 2695 371 2727 Sed
397 2698 464 2727 non
488 2696 657 2735 passivum
682 2705 742 2735 pro
766 2697 879 2727 activo
894 2696 1001 2735 sumi3

304 2754 421 2778 verum
438 2745 611 2786 deponens
628 2754 701 2777 esse
731 2744 871 2776 verbum
887 2746 895 2762 ‘
914 2755 1001 2777 com-

1057 2497 1156 2528 simul
1182 2501 1218 2529 et
1244 2498 1413 2528 Romanos
1437 2500 1473 2527 et
1498 2495 1678 2526 Numidam
1693 2503 1757 2535 spe

1057 2548 1151 2588 pacis
1178 2546 1389 2579 detinuisse!
1427 2546 1513 2578 Haec
1542 2550 1622 2577 sunt
1651 2545 1757 2577 verba

1055 2598 1141 2678 5³¹3]AE
1165 2647 1299 2678 Paulam
1336 2645 1497 2686 supplicii]
1539 2643 1755 2685 Supplicium

1057 2695 1140 2727 illud
1157 2701 1210 2727 est
1225 2695 1396 2727 accusatio
1416 2693 1572 2732 Simonis,
1592 2692 1756 2724 adversus

1056 2746 1161 2779 filium
1178 2745 1403 2787 Pamphilum.
1425 2743 1636 2786 Supplicium
1651 2742 1755 2775 etiam
