1945 3296
390 231 632 264 DANlELIS
666 230 864 261 HEINSH
901 230 1244 262 ΒΙΞΞΕΗΤΑΊῚΟο
1496 223 1551 264 93

96 324 279 365 tembris:
310 324 504 363 durabant
538 330 665 362 autem
698 337 775 362 non
811 326 974 375 amplius
1009 325 1092 363 dies
1128 339 1281 363 novem.
1339 327 1475 364 Cicero
1513 328 1550 365 in

97 389 250 428 actione
268 389 392 440 prima
411 388 448 425 in
471 389 628 426 Verrem
648 402 656 426 z
688 393 698 409 ‘
716 389 842 426 Nonae
865 396 957 426 sunt
975 389 1092 427 hodie
1115 390 1302 432 Sextiles3
1333 390 1429 427 hora
1449 405 1552 428 nona

95 453 301 491 convenire
322 452 493 503 coepistis
512 465 520 489 z
551 452 656 489 hunc
677 452 778 490 diem
803 453 884 504 jam
905 467 953 491 ne
975 460 1181 491 numerant
1201 453 1357 504 quidem
1378 467 1386 491 :
1417 454 1552 492 decem

96 515 180 554 dies
201 521 293 553 sunt
312 522 400 553 ante
423 514 553 553 Ludos
573 515 738 562 votivos,
774 529 871 566 quos
894 517 967 554 Cn.
991 517 1198 568 Pompeius
1218 519 1391 555 facturus
1412 526 1497 556 est:
1527 520 1551 555 ii

97 579 196 617 Ludi
226 578 309 617 dies
345 578 565 628 quindecim
599 579 801 616 auferent:
833 579 975 618 deinde
1009 580 1173 618 Romani
1207 582 1393 619 continuo
1415 595 1553 620 conse-

96 649 289 694 quentur:
318 642 373 679 ita
392 655 512 692 prope
536 655 607 680 XL.
630 642 766 680 diebus
788 643 1041 695 interpositis,
1069 652 1148 682 tum
1172 644 1340 695 denique
1361 659 1401 683 se
1423 646 1471 682 ad
1493 659 1551 692 ea,

93 720 185 757 quae
205 719 228 744 a
248 705 359 744 nobis
381 706 487 744 dicta
507 714 631 752 erunt,
663 720 919 757 responsuros
948 721 1037 745 esse
1063 709 1323 746 arbitrantur?
1378 709 1553 753 Quorum

97 771 246 808 dierum
268 769 299 808 si
325 770 412 820 quis
433 770 619 808 rationem
641 771 847 818 subducat,
877 779 917 810 et
948 774 1018 810 sub
1051 772 1199 809 initium
1231 773 1468 823 Septembris
1488 786 1552 810 ca-

97 834 187 873 dere
209 833 340 872 Ludos
362 834 576 879 Romanos,
610 842 648 872 et
683 848 762 872 non
784 835 950 885 amplius
971 848 1109 873 novem
1129 835 1211 873 dies
1233 836 1394 873 durasse
1416 836 1552 886 depre-

95 897 255 936 hendet.
302 897 362 935 De
382 898 427 935 iis
450 897 569 934 Ludis
590 897 777 935 Romanis
799 899 854 936 ita
875 899 1014 936 Cicero
1035 899 1131 936 libro
1153 899 1289 949 quinto
1310 899 1346 935 in
1371 900 1551 937 Verrem:

90 962 245 1000 ‘Nunc
278 975 362 999 sum
395 961 623 1012 designatus
656 961 821 1004 AEdilis;
852 962 977 1000 habeo
1009 963 1194 999 rationein
1227 962 1321 1013 quid
1351 976 1374 999 a
1408 964 1554 1013 populo

97 1026 276 1063 Romano
297 1025 537 1076 acceperim3
568 1025 661 1062 mihi
693 1025 823 1062 Ludos
852 1026 1121 1063 sanctissimos
1143 1027 1313 1063 maxima
1334 1039 1421 1063 cum
1443 1028 1553 1064 caeri-

94 1089 225 1128 monia
245 1088 387 1135 Cereri,
410 1089 571 1134 Liberae,
601 1090 813 1140 Liberoque
835 1090 1047 1133 faciendos,
1080 1089 1172 1127 mihi
1207 1090 1362 1127 Floram
1385 1091 1552 1128 Matrem

95 1153 241 1204 populo
270 1152 451 1204 plebique
483 1154 673 1191 Romanae
707 1154 903 1192 Ludornm
924 1154 1147 1192 celebritate
1178 1153 1429 1204 placandam,
1462 1156 1554 1193 mihi

90 1215 230 1254 Ludos
251 1216 556 1266 antiquissimos,
591 1218 656 1268 qui
687 1219 797 1268 primi
835 1219 1002 1256 Romani
1037 1225 1128 1255 sunt
1159 1218 1356 1268 appellati,
1388 1220 1556 1257 maxima

97 1292 185 1317 cum
204 1279 397 1330 dignitate
419 1293 463 1318 ac
484 1281 670 1331 religione
691 1282 792 1328 Jovi,
824 1282 982 1327 Junoni,
1011 1281 1276 1331 Minervaeque
1298 1294 1384 1319 esse
1405 1282 1555 1321 faciun-

98 1343 185 1390 dos,
205 1343 296 1381 mihi
317 1356 511 1381 sacrarum
534 1344 674 1382 aedium
697 1345 1035 1395 procurationem‚’
1069 1348 1142 1383 &c.
1201 1345 1288 1389 Quo
1309 1345 1396 1383 loco
1417 1347 1555 1397 Mega-

96 1408 225 1445 lenses
247 1407 377 1445 Ludos
398 1420 475 1445 non
506 1409 715 1455 omisisset,
746 1423 842 1460 quos
865 1409 1013 1447 AEdiles
1035 1422 1186 1447 summa
1206 1410 1391 1460 religione
1411 1417 1450 1448 et
1470 1411 1555 1461 dig-

98 1471 220 1509 nitate
239 1471 446 1518 faciebant,
468 1471 540 1509 nisi
558 1472 671 1509 iidem
689 1479 727 1510 et
744 1473 996 1524 Megalenses
1014 1472 1111 1510 Ludi
1132 1472 1296 1510 fuissent
1315 1481 1354 1512 et
1373 1473 1553 1514 Romanu

100 1534 186 1572 Hac
207 1541 337 1590 tamen
358 1541 440 1575 tota
461 1534 509 1572 de
530 1548 569 1573 re
590 1543 858 1576 asseveranter
879 1536 1024 1575 dictum
1044 1536 1143 1575 nihil
1158 1537 1286 1576 velim.

519 1823 825 1866 DANIELIS
869 1824 1138 1878 HEINSII,

206 1934 271 1968 AD
299 1934 507 1968 HORATII
535 1937 600 1968 DE
624 1935 818 1967 PLAUTO
845 1936 906 1968 ΕΤ
928 1938 1176 1970 TERENTIO
1199 1939 1449 1979 JUDICIUM,

669 2022 985 2061 D1ssERTAT10.

313 2142 369 2180 At
387 2142 509 2180 nostri
529 2143 660 2193 proavi
683 2143 887 2180 Plautinos
909 2151 948 2181 et
967 2157 1148 2183 numeros
1170 2152 1210 2184 et

315 2206 540 2245 Laudavere
562 2207 688 2250 sales3
720 2207 879 2245 nimium
901 2209 1092 2258 patienter
1111 2216 1330 2261 utrumque,

316 2269 378 2306 Ne
398 2269 523 2307 dicam
546 2270 677 2316 stulte,
697 2270 821 2308 mirati
840 2284 848 2308 :
881 2271 911 2308 si
932 2271 1049 2309 modo
1068 2286 1142 2323 ego
1163 2280 1201 2311 et
1222 2287 1290 2312 vos

317 2332 470 2371 Scimus
491 2333 721 2371 inurbanum
743 2333 874 2384 lepido
895 2348 1082 2385 seponere
1103 2337 1222 2384 dicto,

312 2396 622 2448 Legitimumque
641 2411 780 2435 sonum
800 2398 933 2449 digitis
955 2400 1140 2438 callemus
1163 2407 1202 2439 et
1224 2414 1328 2439 aure.

103 2493 275 2531 Donum
297 2493 476 2543 equidem
491 2493 698 2544 judicium,
731 2501 769 2533 et
789 2495 893 2546 quod
915 2509 992 2534 non
1014 2510 1128 2535 nemo
1148 2498 1222 2535 hac
1244 2504 1359 2536 aetate
1381 2499 1428 2538 de
1449 2499 1557 2551 lepo-

102 2570 186 2594 rum
217 2556 386 2594 omnium
419 2564 593 2608 parente,
628 2572 779 2597 summo
801 2560 946 2598 Critico
967 2574 1011 2598 ac
1032 2562 1200 2599 maximo
1224 2561 1346 2600 Po‘e'ta
1366 2563 1559 2602 excidisse

103 2620 252 2659 nollet:
273 2621 384 2670 cujus
406 2627 533 2659 tamen
556 2637 686 2661 vernae
707 2624 843 2662 melius
866 2624 914 2662 de
936 2625 1077 2663 Plauto
1092 2625 1338 2676 judicabant,
1358 2639 1472 2676 quam
1494 2630 1559 2678 qui

104 2697 207 2722 nunc
226 2684 410 2722 familiam
436 2686 473 2722 in
504 2684 624 2724 literis
656 2687 753 2724 tueri
780 2687 854 2725 hac
876 2694 992 2726 aetate
1013 2689 1237 2727 creduntur.
1296 2690 1370 2733 Qui
1392 2704 1463 2728 nec
1486 2705 1558 2728 sae-

103 2747 196 2795 cufi,
217 2761 294 2800 qno
315 2749 422 2796 vixit,
451 2755 490 2787 et
510 2763 601 2802 quo,
622 2765 708 2790 cnm
730 2752 883 2799 Po'e'siS,
915 2759 996 2790 tum
1018 2753 1152 2792 Latina
1173 2754 1321 2804 lingua,
1356 2754 1404 2791 ad
1426 2767 1559 2808 supre-
