1945 3296
416 245 653 278 DANIELIS
688 242 881 274 HEINSU
917 239 1261 272 DISSER'I'ATIO·
1509 226 1564 267 91.

109 344 188 389 itio,
209 357 296 394 quae
317 354 394 380 non
415 347 475 379 est
502 340 667 391 Tragica
688 338 759 377 sed
789 337 950 375 Comica
983 335 1212 387 (μετάβασιν
1247 333 1398 371 vocavit
1418 332 1566 368 Aristo-

109 410 236 456 teles),
255 419 346 458 pars
366 419 454 457 quae
470 403 679 455 opponitur
699 406 742 457 τῇ
763 401 863 440 ὃὲσει
883 403 1016 451 (quam
1049 405 1086 436 et
1107 399 1215 435 λύσιν
1235 410 1302 434 seu
1333 395 1567 433 solutionem

108 472 280 519 vocant),
311 483 358 508 ex
391 468 586 507 sententia
607 466 819 504 succedere
839 478 917 502 non
938 463 1077 516 potuit.
1136 462 1278 505 Quare,
1302 458 1510 510 impeditus
1530 464 1569 495 et

109 535 252 573 oblitus
284 533 355 580 sui,
390 533 443 570 ire
477 529 630 582 cogitur
659 529 710 567 ad
739 530 892 573 Deum;
921 528 997 566 hoc
1031 532 1117 568 est;
1148 526 1222 563 ἀπὸ
1243 532 1413 574 μηχανῆς
1431 521 1568 559 finire:

109 597 215 650 quod
234 604 295 636 est
313 597 492 634 ultimum
512 594 705 644 refugium
726 593 874 638 Poetae,
903 605 992 629 curn
1012 594 1078 635 τὴν
1098 589 1202 627 δέσιν
1217 588 1292 625 1100
1313 594 1385 632 est,
1408 585 1567 629 nodum,

109 675 224 714 quem
244 661 381 712 ligavit
399 660 495 710 ipse,
517 658 666 697 solvere
696 670 774 694 non
796 662 939 707 potest,
976 661 1015 693 et
1034 667 1113 692 rem
1139 666 1274 704 parum
1295 650 1455 702 provide
1473 656 1571 686 trac-

109 726 218 764 tavit.
274 725 376 762 Nam
410 730 564 768 ceterae,
596 735 685 772 quae
717 720 769 758 ibi
805 720 1040 758 adhibentur
1070 717 1277 761 machinae,
1312 714 1362 752 ad
1383 726 1511 751 scenae
1532 719 1572 750 et

109 789 285 840 choragii
306 795 499 832 ornatum,
520 788 579 823 καὶ
599 788 663 830 τὴν
683 784 785 833 ὄψιν,
820 790 864 821 ut
893 781 1158 831 Philosophus
1195 780 1243 816 de
1262 778 1307 815 iis
1330 776 1435 827 loqui
1457 776 1570 820 solet,

108 854 326 891 referuntur
343 865 352 890 ε
383 851 498 902 quale
519 858 579 888 est
599 849 808 893 brontium,
830 854 869 885 et
888 845 1250 895 ceraunoscopium,
1270 854 1432 892 quorum
1448 840 1571 877 altero

110 917 160 955 ad
181 917 341 962 tonitru,
370 915 446 953 hoc
483 913 533 952 ad
568 913 716 950 fulmen
752 909 1061 962 exprimendum,
1095 908 1135 944 in
1170 906 1451 956 Amphitryone
1471 916 1570 954 opus

108 977 213 1019 fuit(
252 979 387 1017 Finem
414 989 519 1023 vero,
554 990 642 1028 quae
677 989 700 1013 a
729 974 924 1019 machina,
958 972 1153 1010 lubentius
1184 971 1224 1007 in
1254 968 1420 1018 Tragico
1451 979 1569 1018 quam

110 1044 271 1083 Comico
291 1048 455 1082 excusat
478 1039 706 1079 Aristoteles
723 1052 732 1082 ;
764 1038 856 1088 quia
872 1043 1103 1088 argumento
1124 1034 1313 1085 Tragicus
1331 1032 1571 1083 astringitur,

109 1107 215 1158 quod
235 1107 390 1159 accipit.
448 1105 684 1156 Quanquam
705 1116 754 1141 ne
776 1102 867 1140 huic
887 1101 1045 1152 quidem
1065 1112 1151 1137 eam
1171 1098 1263 1136 fecit
1283 1098 1461 1148 gratiam,
1481 1108 1571 1134 cum

108 1170 259 1222 inquit:
288 1171 453 1220 Φανερὸν
473 1168 551 1215 οὖν,
587 1169 643 1208 ὅτι
663 1170 722 1205 καὶ
741 1171 807 1206 τάς
826 1170 948 1204 λύσεις
968 1173 1040 1204 τῶν
1067 1165 1192 1215 μύθων
1224 1163 1262 1208 ἐξ
1293 1164 1404 1199 αὑτοῦ
1431 1160 1488 1198 δεῖ
1508 1168 1572 1198 τοῦ

106 1238 223 1285 μύθου
253 1234 492 1285 συμβαίνειν,
526 1234 586 1271 καὶ
607 1234 671 1283 μὴ,
708 1234 828 1280 ὥσπερ
858 1232 899 1268 ἐν
935 1233 979 1283 τῇ
1011 1227 1181 1276 Μηδείᾳ,
1203 1225 1276 1263 ἀπὸ
1307 1231 1491 1276 μηχανῆς,
1512 1226 1573 1261 καὶ

110 1300 151 1337 ἓν
170 1303 214 1353 τῇ
232 1298 364 1337 Ἰλιάδι
382 1300 427 1337 τὰ
448 1299 529 1347 περὶ
561 1297 625 1335 τὸν
651 1298 872 1334 ἀπόπλουν;
902 1294 943 1331 id
958 1299 1044 1331 est:
1091 1290 1346 1329 Manifestum
1383 1300 1475 1338 ergo
1497 1293 1570 1333 est,

110 1363 225 1401 etiam
245 1363 390 1401 exitum
411 1361 586 1407 Fabulae,
606 1373 626 1398 e
648 1358 798 1397 Fabula
828 1359 914 1409 ipsa
944 1357 1023 1409 peti
1044 1355 1200 1400 debere,
1235 1367 1313 1391 non
1335 1366 1358 1390 a
1377 1351 1572 1398 machina,

108 1433 153 1464 ut
172 1427 210 1464 in
232 1426 389 1471 Medea,
412 1431 479 1463 aut
493 1423 825 1475 quemadmodum
846 1424 883 1460 in
906 1421 1043 1467 Iliade,
1064 1421 1103 1458 in
1121 1420 1167 1457 iis
1181 1432 1270 1469 quae
1285 1417 1388 1455 circa
1403 1415 1571 1454 reditum

110 1490 339 1528 Graecorum
368 1489 480 1527 fiunt.
535 1488 718 1526 Medeam
740 1495 882 1533 autem,
915 1499 994 1524 non
1016 1483 1280 1535 Euripideam,
1312 1481 1382 1519 sed
1410 1479 1570 1518 alterius

110 1553 295 1604 intelligit
313 1552 462 1590 Poetae.
506 1551 612 1590 Idem
626 1558 666 1589 et
682 1551 880 1597 Horatius,
901 1563 922 1588 e
944 1549 1126 1594 ParianO,
1143 1546 1274 1591 credo,
1297 1543 1571 1595 Neoptolemo,

110 1630 132 1657 e
152 1630 230 1668 quo
259 1617 445 1669 pleraque
476 1622 674 1667 praecepta
703 1628 775 1654 sua
807 1614 847 1652 in
876 1614 952 1652 hoc
986 1612 1131 1663 scripto
1165 1610 1310 1659 hausit,
1340 1607 1572 1661 fugiendum

109 1686 267 1720 monet:

219 1774 303 1814 Nec
324 1775 432 1813 Deus
449 1774 614 1822 intersit,
634 1775 708 1814 nisi
729 1774 873 1826 dignus
893 1771 1048 1811 vindice
1067 1770 1195 1809 nodus

217 1840 416 1879 Inciderit.

113 1937 188 1975 Ubi
218 1936 346 1975 nodus
368 1942 429 1974 est
448 1938 469 1982 ἡ
490 1935 603 1982 bears,
636 1949 724 1987 quae
758 1934 952 1974 interdum
974 1947 1047 1985 ope
1080 1933 1252 1970 humana
1284 1932 1381 1971 solvi
1403 1946 1481 1972 non
1501 1947 1571 1986 po·-

111 2007 201 2040 test.
257 2001 333 2044 Qui
349 2000 520 2051 quidem,
540 2001 613 2037 nisi
632 2007 772 2050 praeter
788 1999 922 2037 Poetae
943 1998 1183 2036 voluntatem
1204 2002 1273 2034 aut
1291 2010 1337 2034 ex
1354 1999 1570 2049 argumenti

111 2065 262 2104 eveniat
281 2063 528 2110 necessitate,
562 2077 640 2102 non
663 2077 686 2101 a
708 2064 807 2109 Deo,
828 2063 934 2114 quod
961 2061 1130 2113 cujusvis
1162 2062 1278 2099 etiam
1298 2061 1572 2112 imperitissimi

112 2136 173 2167 est
190 2128 372 2173 hominis,
393 2141 524 2166 verum
545 2141 568 2166 a
588 2128 711 2166 Poeta
742 2127 839 2165 solvi
861 2127 990 2164 debet.
1046 2126 1211 2171 Rursus,
1231 2125 1330 2163 sicut
1350 2126 1475 2176 pictor
1495 2126 1572 2176 pri-

111 2205 174 2231 mo
192 2192 376 2230 ambitum
395 2191 579 2237 delineat,
609 2191 751 2230 deinde
786 2190 941 2241 singula
975 2189 1157 2235 absolvit,
1186 2189 1241 2226 ita
1270 2188 1426 2239 sapiens
1448 2189 1573 2227 Po'e'ta

112 2257 304 2295 actionem
331 2269 441 2293 suam
471 2255 763 2293 circumscribit.
823 2255 1007 2300 Primum,
1029 2260 1072 2291 ut
1105 2253 1153 2291 sit
1183 2259 1289 2290 tota:
1329 2252 1404 2290 hoc
1435 2260 1507 2298 est,
1529 2261 1572 2292 ut

110 2320 354 2372 principium,
375 2327 418 2358 ut
435 2321 552 2358 finem
572 2320 728 2365 habeat,
764 2326 802 2358 et
821 2318 990 2357 medium
1011 2331 1020 2356 ε
1051 2331 1139 2369 quae
1159 2318 1197 2354 in
1218 2316 1385 2354 minimis
1415 2330 1571 2367 quoque

111 2397 197 2423 esse
217 2391 396 2435 possunt.
453 2383 617 2421 Minima
650 2390 778 2421 autern
814 2395 972 2420 sensum
993 2381 1056 2419 vix
1087 2381 1317 2418 admittunt:
1347 2392 1491 2430 magna
1512 2380 1570 2417 ni-

111 2448 231 2486 mium
250 2448 494 2500 dispergunt.
553 2448 618 2485 Sic
651 2447 851 2486 formicam
871 2447 934 2483 vix
955 2445 1155 2483 videmus:
1198 2444 1237 2480 in
1257 2451 1470 2494 conspectu
1491 2444 1570 2482 ele-

110 2511 246 2563 phanti
271 2512 376 2549 visus
400 2511 461 2550 vix
481 2511 689 2562 colligitur.
746 2511 877 2553 Quare
908 2508 1120 2547 Comoediae
1142 2507 1439 2558 Tragoediaeque
1460 2521 1569 2558 mag-

112 2575 264 2622 nitudo,
285 2582 324 2613 et
342 2575 539 2626 periodus,
560 2581 603 2612 ut
623 2588 710 2612 cum
731 2574 970 2625 Philosopho
987 2573 1060 2610 1100
1078 2573 1217 2617 dicam,
1234 2585 1254 2609 e
1270 2578 1409 2609 natura
1426 2572 1569 2608 utrius-

112 2653 188 2691 que
217 2645 257 2677 et
284 2639 432 2676 ratione
465 2639 545 2689 peti
577 2638 733 2676 debent.
784 2639 847 2684 Et,
878 2637 1092 2675 mutatione
1128 2636 1264 2687 prima,
1291 2635 1364 2673 hoc
1386 2642 1458 2681 est,
1479 2648 1568 2673 cum

112 2702 338 2741 infelicitate
356 2701 403 2739 ad
428 2702 651 2741 felicitatem
680 2702 717 2738 in
751 2701 966 2747 Comoedia,
994 2707 1130 2740 contra
1149 2706 1279 2738 autern
1300 2700 1338 2736 in
1359 2699 1567 2750 Tragoedia

113 2766 251 2805 mutari
273 2771 402 2817 potest
419 2766 519 2804 actio
537 2779 546 2810 ;
579 2766 633 2804 ita
655 2771 697 2804 ut
716 2778 763 2804 ex
785 2771 1014 2816 argumento
1036 2763 1141 2810 nihil,
1160 2762 1264 2814 quod
1286 2762 1334 2800 ad
1356 2775 1434 2800 rem
1455 2775 1568 2813 spec-
