<?xml version="1.0" encoding="UTF-8"?>
<!DOCTYPE html PUBLIC "-//W3C//DTD XHTML 1.0 Transitional//EN"
    "http://www.w3.org/TR/xhtml1/DTD/xhtml1-transitional.dtd">
<html xmlns="http://www.w3.org/1999/xhtml" xml:lang="en" lang="en">
 <head>
  <title>
</title>
<meta http-equiv="Content-Type" content="text/html;charset=utf-8" />
  <meta name='ocr-system' content='tesseract 3.04.00' />
  <meta name='ocr-capabilities' content='ocr_page ocr_carea ocr_par ocr_line ocrx_word'/>
</head>
<body>
  <div class='ocr_page' id='page_1' title='image "./pubterentiiafric01tereuoft/pubterentiiafric01tereuoft_0237.png"; bbox 0 0 1903 3306; ppageno 0'>
   <div class='ocr_carea' id='block_1_1' title="bbox 595 234 1578 276">
    <p class='ocr_par' dir='ltr' id='par_1_1' title="bbox 595 234 1578 276">
     <span class='ocr_line' id='line_1_1' title="bbox 595 234 1578 276; baseline 0.009 -8"><span class='ocrx_word' id='word_1_1' title='bbox 595 237 657 269; x_wconf 88' lang='lat' dir='ltr'>DE</span> <span class='ocrx_word' id='word_1_2' title='bbox 691 237 874 270; x_wconf 69' lang='lat' dir='ltr'>marius</span> <span class='ocrx_word' id='word_1_3' title='bbox 906 239 1117 270; x_wconf 70' lang='lat' dir='ltr'>comicls.</span> <span class='ocrx_word' id='word_1_4' title='bbox 1495 234 1578 276; x_wconf 65' lang='lat'>297</span> 
     </span>
    </p>
   </div>
   <div class='ocr_carea' id='block_1_2' title="bbox 127 328 1577 699">
    <p class='ocr_par' dir='ltr' id='par_1_2' title="bbox 127 328 1577 508">
     <span class='ocr_line' id='line_1_2' title="bbox 130 328 1577 386; baseline 0.005 -18"><span class='ocrx_word' id='word_1_5' title='bbox 130 329 222 369; x_wconf 89' lang='lat' dir='ltr'>dum</span> <span class='ocrx_word' id='word_1_6' title='bbox 242 328 398 382; x_wconf 82' lang='lat' dir='ltr'>quidem</span> <span class='ocrx_word' id='word_1_7' title='bbox 416 331 456 370; x_wconf 90' lang='lat' dir='ltr'>in</span> <span class='ocrx_word' id='word_1_8' title='bbox 475 330 600 370; x_wconf 86' lang='lat' dir='ltr'>verbis</span> <span class='ocrx_word' id='word_1_9' title='bbox 631 331 747 383; x_wconf 87' lang='lat' dir='ltr'>hujus</span> <span class='ocrx_word' id='word_1_10' title='bbox 776 332 910 371; x_wconf 84' lang='lat' dir='ltr'>sormae</span> <span class='ocrx_word' id='word_1_11' title='bbox 941 333 1099 372; x_wconf 86' lang='lat' dir='ltr'>dubium</span> <span class='ocrx_word' id='word_1_12' title='bbox 1130 340 1203 382; x_wconf 85' lang='lat' dir='ltr'>est,</span> <span class='ocrx_word' id='word_1_13' title='bbox 1234 341 1360 373; x_wconf 82' lang='lat' dir='ltr'>utrum</span> <span class='ocrx_word' id='word_1_14' title='bbox 1387 337 1508 386; x_wconf 88' lang='lat' dir='ltr'>prima</span> <span class='ocrx_word' id='word_1_15' title='bbox 1528 350 1577 375; x_wconf 87' lang='lat' dir='ltr'>an</span> 
     </span>
     <span class='ocr_line' id='line_1_3' title="bbox 131 394 1573 451; baseline 0.004 -19"><span class='ocrx_word' id='word_1_16' title='bbox 131 394 266 432; x_wconf 87' lang='lat' dir='ltr'>ultima</span> <span class='ocrx_word' id='word_1_17' title='bbox 294 395 344 433; x_wconf 89' lang='lat' dir='ltr'>sit</span> <span class='ocrx_word' id='word_1_18' title='bbox 370 408 458 445; x_wconf 88' lang='lat' dir='ltr'>quae</span> <span class='ocrx_word' id='word_1_19' title='bbox 487 407 556 446; x_wconf 92' lang='lat' dir='ltr'>pro</span> <span class='ocrx_word' id='word_1_20' title='bbox 588 402 766 447; x_wconf 88' lang='lat' dir='ltr'>correpta</span> <span class='ocrx_word' id='word_1_21' title='bbox 784 396 985 444; x_wconf 86' lang='lat' dir='ltr'><strong>habeatur,</strong></span> <span class='ocrx_word' id='word_1_22' title='bbox 1006 404 1050 434; x_wconf 90' lang='lat' dir='ltr'>ut</span> <span class='ocrx_word' id='word_1_23' title='bbox 1081 396 1135 444; x_wconf 90' lang='lat' dir='ltr'>in,</span> <span class='ocrx_word' id='word_1_24' title='bbox 1164 398 1318 449; x_wconf 87' lang='lat' dir='ltr'>expedi,</span> <span class='ocrx_word' id='word_1_25' title='bbox 1352 401 1573 451; x_wconf 83' lang='lat' dir='ltr'><strong>centuplex,</strong></span> 
     </span>
     <span class='ocr_line' id='line_1_4' title="bbox 127 457 399 508; baseline 0.007 -14"><span class='ocrx_word' id='word_1_26' title='bbox 127 457 308 508; x_wconf 84' lang='lat' dir='ltr'>perdidit,</span> <span class='ocrx_word' id='word_1_27' title='bbox 325 460 399 496; x_wconf 68' lang='grc' dir='ltr'>διο.</span> 
     </span>
    </p>

    <p class='ocr_par' dir='ltr' id='par_1_3' title="bbox 127 520 1576 699">
     <span class='ocr_line' id='line_1_5' title="bbox 184 520 1574 575; baseline 0.005 -18"><span class='ocrx_word' id='word_1_28' title='bbox 184 520 316 567; x_wconf 83' lang='lat' dir='ltr'>Sexto,</span> <span class='ocrx_word' id='word_1_29' title='bbox 335 521 372 558; x_wconf 87' lang='lat' dir='ltr'>in</span> <span class='ocrx_word' id='word_1_30' title='bbox 401 522 653 572; x_wconf 82' lang='lat' dir='ltr'>polysyllabis</span> <span class='ocrx_word' id='word_1_31' title='bbox 675 522 839 573; x_wconf 79' lang='lat' dir='ltr'>syllaba,</span> <span class='ocrx_word' id='word_1_32' title='bbox 860 536 948 573; x_wconf 85' lang='lat' dir='ltr'>quae</span> <span class='ocrx_word' id='word_1_33' title='bbox 980 530 1134 561; x_wconf 86' lang='lat' dir='ltr'>acutam</span> <span class='ocrx_word' id='word_1_34' title='bbox 1166 525 1336 574; x_wconf 80' lang='lat' dir='ltr'><strong>proxime</strong></span> <span class='ocrx_word' id='word_1_35' title='bbox 1373 526 1574 575; x_wconf 80' lang='lat' dir='ltr'>praecedit,</span> 
     </span>
     <span class='ocr_line' id='line_1_6' title="bbox 129 584 1576 640; baseline 0.006 -21"><span class='ocrx_word' id='word_1_36' title='bbox 129 595 234 633; x_wconf 87' lang='lat' dir='ltr'>saepe</span> <span class='ocrx_word' id='word_1_37' title='bbox 254 584 467 636; x_wconf 87' lang='lat' dir='ltr'>corripitur,</span> <span class='ocrx_word' id='word_1_38' title='bbox 489 585 561 623; x_wconf 89' lang='lat' dir='ltr'>etsi</span> <span class='ocrx_word' id='word_1_39' title='bbox 589 598 666 622; x_wconf 88' lang='lat' dir='ltr'>non</span> <span class='ocrx_word' id='word_1_40' title='bbox 687 586 879 635; x_wconf 83' lang='lat' dir='ltr'>positione</span> <span class='ocrx_word' id='word_1_41' title='bbox 901 586 1030 632; x_wconf 90' lang='lat' dir='ltr'>modo,</span> <span class='ocrx_word' id='word_1_42' title='bbox 1052 586 1120 624; x_wconf 88' lang='lat' dir='ltr'>sed</span> <span class='ocrx_word' id='word_1_43' title='bbox 1154 595 1193 625; x_wconf 91' lang='lat' dir='ltr'>et</span> <span class='ocrx_word' id='word_1_44' title='bbox 1219 588 1344 625; x_wconf 88' lang='lat' dir='ltr'>vocali</span> <span class='ocrx_word' id='word_1_45' title='bbox 1376 589 1493 640; x_wconf 83' lang='lat' dir='ltr'>longa</span> <span class='ocrx_word' id='word_1_46' title='bbox 1515 592 1576 638; x_wconf 81' lang='lat' dir='ltr'>sit,</span> 
     </span>
     <span class='ocr_line' id='line_1_7' title="bbox 127 647 1043 699; baseline 0.003 -16"><span class='ocrx_word' id='word_1_47' title='bbox 127 647 163 683; x_wconf 88' lang='lat' dir='ltr'>vi</span> <span class='ocrx_word' id='word_1_48' title='bbox 181 659 313 685; x_wconf 86' lang='lat' dir='ltr'>eorum</span> <span class='ocrx_word' id='word_1_49' title='bbox 334 661 421 699; x_wconf 89' lang='lat' dir='ltr'>quae</span> <span class='ocrx_word' id='word_1_50' title='bbox 441 648 490 686; x_wconf 91' lang='lat' dir='ltr'>de</span> <span class='ocrx_word' id='word_1_51' title='bbox 511 656 673 686; x_wconf 82' lang='lat' dir='ltr'>accentu</span> <span class='ocrx_word' id='word_1_52' title='bbox 695 648 801 686; x_wconf 77' lang='lat' dir='ltr'>dieta</span> <span class='ocrx_word' id='word_1_53' title='bbox 821 657 925 695; x_wconf 86' lang='lat' dir='ltr'>sunt,</span> <span class='ocrx_word' id='word_1_54' title='bbox 944 657 987 687; x_wconf 83' lang='lat' dir='ltr'>ut</span> <span class='ocrx_word' id='word_1_55' title='bbox 1006 650 1043 687; x_wconf 90' lang='lat' dir='ltr'>in</span> 
     </span>
    </p>
   </div>
   <div class='ocr_carea' id='block_1_3' title="bbox 232 734 1522 975">
    <p class='ocr_par' dir='ltr' id='par_1_4' title="bbox 232 734 1522 975">
     <span class='ocr_line' id='line_1_8' title="bbox 236 734 1522 787; baseline 0.005 -17"><span class='ocrx_word' id='word_1_56' title='bbox 236 736 441 783; x_wconf 62' lang='lat' dir='ltr'>argentum</span> <span class='ocrx_word' id='word_1_57' title='bbox 547 734 806 771; x_wconf 62' lang='lat' dir='ltr'>ministremus</span> <span class='ocrx_word' id='word_1_58' title='bbox 929 734 1134 773; x_wconf 73' lang='lat' dir='ltr'>voluntatis</span> <span class='ocrx_word' id='word_1_59' title='bbox 1273 737 1522 787; x_wconf 69' lang='lat' dir='ltr'>supellectilis</span> 
     </span>
     <span class='ocr_line' id='line_1_9' title="bbox 233 799 1471 848; baseline 0.004 -15"><span class='ocrx_word' id='word_1_60' title='bbox 233 799 392 834; x_wconf 70' lang='lat' dir='ltr'>ornatus</span> <span class='ocrx_word' id='word_1_61' title='bbox 544 802 794 848; x_wconf 59' lang='lat' dir='ltr'>magistratus</span> <span class='ocrx_word' id='word_1_62' title='bbox 925 799 1134 848; x_wconf 61' lang='lat' dir='ltr'>voluptatis</span> <span class='ocrx_word' id='word_1_63' title='bbox 1273 800 1471 840; x_wconf 70' lang='lat' dir='ltr'>cicatrices</span> 
     </span>
     <span class='ocr_line' id='line_1_10' title="bbox 232 858 1478 911; baseline 0.006 -16"><span class='ocrx_word' id='word_1_64' title='bbox 232 858 494 898; x_wconf 66' lang='lat' dir='ltr'>Alexandrum</span> <span class='ocrx_word' id='word_1_65' title='bbox 548 860 777 911; x_wconf 62' lang='lat' dir='ltr'>pugillatum</span> <span class='ocrx_word' id='word_1_66' title='bbox 925 863 1139 901; x_wconf 71' lang='lat' dir='ltr'>venustatis</span> <span class='ocrx_word' id='word_1_67' title='bbox 1276 864 1478 903; x_wconf 66' lang='lat' dir='ltr'>obedirent</span> 
     </span>
     <span class='ocr_line' id='line_1_11' title="bbox 235 923 1474 975; baseline 0.003 -14"><span class='ocrx_word' id='word_1_68' title='bbox 235 923 470 973; x_wconf 64' lang='lat' dir='ltr'>gubernator</span> <span class='ocrx_word' id='word_1_69' title='bbox 550 924 754 975; x_wconf 68' lang='lat' dir='ltr'>potestatis</span> <span class='ocrx_word' id='word_1_70' title='bbox 926 927 1136 965; x_wconf 74' lang='lat' dir='ltr'>senectutis</span> <span class='ocrx_word' id='word_1_71' title='bbox 1275 928 1474 966; x_wconf 73' lang='lat' dir='ltr'>videbatur</span> 
     </span>
    </p>
   </div>
   <div class='ocr_carea' id='block_1_4' title="bbox 1279 992 1523 1031">
    <p class='ocr_par' dir='ltr' id='par_1_5' title="bbox 1279 992 1523 1031">
     <span class='ocr_line' id='line_1_12' title="bbox 1279 992 1523 1031; baseline 0.004 -2"><span class='ocrx_word' id='word_1_72' title='bbox 1279 992 1523 1031; x_wconf 73' lang='lat' dir='ltr'>verebamini.</span> 
     </span>
    </p>
   </div>
   <div class='ocr_carea' id='block_1_5' title="bbox 124 1061 1577 1685">
    <p class='ocr_par' dir='ltr' id='par_1_6' title="bbox 125 1061 1577 1304">
     <span class='ocr_line' id='line_1_13' title="bbox 181 1061 1577 1117; baseline 0.003 -16"><span class='ocrx_word' id='word_1_73' title='bbox 181 1063 346 1102; x_wconf 83' lang='lat' dir='ltr'>Plautus</span> <span class='ocrx_word' id='word_1_74' title='bbox 379 1061 454 1100; x_wconf 87' lang='lat' dir='ltr'>hac</span> <span class='ocrx_word' id='word_1_75' title='bbox 488 1061 645 1100; x_wconf 88' lang='lat' dir='ltr'>licentia</span> <span class='ocrx_word' id='word_1_76' title='bbox 676 1074 771 1099; x_wconf 88' lang='lat' dir='ltr'>usus</span> <span class='ocrx_word' id='word_1_77' title='bbox 809 1069 871 1100; x_wconf 84' lang='lat' dir='ltr'>est</span> <span class='ocrx_word' id='word_1_78' title='bbox 908 1063 1022 1102; x_wconf 85' lang='lat' dir='ltr'>etiam</span> <span class='ocrx_word' id='word_1_79' title='bbox 1055 1077 1142 1103; x_wconf 89' lang='lat' dir='ltr'>cum</span> <span class='ocrx_word' id='word_1_80' title='bbox 1174 1064 1364 1116; x_wconf 78' lang='lat' dir='ltr'>syllabam</span> <span class='ocrx_word' id='word_1_81' title='bbox 1397 1067 1577 1117; x_wconf 81' lang='lat' dir='ltr'>producit</span> 
     </span>
     <span class='ocr_line' id='line_1_14' title="bbox 126 1124 1575 1181; baseline 0.003 -17"><span class='ocrx_word' id='word_1_82' title='bbox 126 1125 407 1178; x_wconf 87' lang='lat' dir='ltr'>diphthongus,</span> <span class='ocrx_word' id='word_1_83' title='bbox 426 1133 471 1163; x_wconf 89' lang='lat' dir='ltr'>ut</span> <span class='ocrx_word' id='word_1_84' title='bbox 495 1125 548 1173; x_wconf 90' lang='lat' dir='ltr'>in,</span> <span class='ocrx_word' id='word_1_85' title='bbox 568 1124 712 1163; x_wconf 85' lang='lat' dir='ltr'>audivi.</span> <span class='ocrx_word' id='word_1_86' title='bbox 743 1125 789 1162; x_wconf 91' lang='lat' dir='ltr'>In</span> <span class='ocrx_word' id='word_1_87' title='bbox 811 1127 1007 1164; x_wconf 87' lang='lat' dir='ltr'>nonnullis</span> <span class='ocrx_word' id='word_1_88' title='bbox 1028 1128 1158 1174; x_wconf 88' lang='lat' dir='ltr'>etiam,</span> <span class='ocrx_word' id='word_1_89' title='bbox 1180 1142 1268 1167; x_wconf 91' lang='lat' dir='ltr'>cum</span> <span class='ocrx_word' id='word_1_90' title='bbox 1289 1130 1440 1181; x_wconf 80' lang='lat' dir='ltr'>syllaba</span> <span class='ocrx_word' id='word_1_91' title='bbox 1460 1139 1575 1169; x_wconf 85' lang='lat' dir='ltr'>acuta</span> 
     </span>
     <span class='ocr_line' id='line_1_15' title="bbox 125 1188 1575 1244; baseline 0.003 -17"><span class='ocrx_word' id='word_1_92' title='bbox 125 1189 252 1227; x_wconf 89' lang='lat' dir='ltr'>brevis</span> <span class='ocrx_word' id='word_1_93' title='bbox 271 1194 346 1235; x_wconf 83' lang='lat' dir='ltr'>est,</span> <span class='ocrx_word' id='word_1_94' title='bbox 365 1201 413 1226; x_wconf 88' lang='lat' dir='ltr'>ea</span> <span class='ocrx_word' id='word_1_95' title='bbox 431 1201 520 1239; x_wconf 87' lang='lat' dir='ltr'>quae</span> <span class='ocrx_word' id='word_1_96' title='bbox 554 1188 661 1225; x_wconf 88' lang='lat' dir='ltr'>illam</span> <span class='ocrx_word' id='word_1_97' title='bbox 693 1189 867 1239; x_wconf 84' lang='lat' dir='ltr'>proxime</span> <span class='ocrx_word' id='word_1_98' title='bbox 900 1191 1098 1240; x_wconf 83' lang='lat' dir='ltr'>praecedit,</span> <span class='ocrx_word' id='word_1_99' title='bbox 1119 1193 1191 1229; x_wconf 84' lang='lat' dir='ltr'>etsi</span> <span class='ocrx_word' id='word_1_100' title='bbox 1211 1193 1335 1231; x_wconf 89' lang='lat' dir='ltr'>vocali</span> <span class='ocrx_word' id='word_1_101' title='bbox 1356 1193 1474 1244; x_wconf 85' lang='lat' dir='ltr'>longa</span> <span class='ocrx_word' id='word_1_102' title='bbox 1494 1196 1575 1231; x_wconf 89' lang='lat' dir='ltr'>ani-</span> 
     </span>
     <span class='ocr_line' id='line_1_16' title="bbox 125 1251 1222 1304; baseline 0.003 -14"><span class='ocrx_word' id='word_1_103' title='bbox 125 1259 243 1300; x_wconf 90' lang='lat' dir='ltr'>mata,</span> <span class='ocrx_word' id='word_1_104' title='bbox 261 1257 392 1290; x_wconf 85' lang='lat' dir='ltr'>tamen</span> <span class='ocrx_word' id='word_1_105' title='bbox 412 1251 628 1303; x_wconf 87' lang='lat' dir='ltr'>corripitur,</span> <span class='ocrx_word' id='word_1_106' title='bbox 648 1258 691 1289; x_wconf 85' lang='lat' dir='ltr'>ut</span> <span class='ocrx_word' id='word_1_107' title='bbox 706 1252 760 1298; x_wconf 90' lang='lat' dir='ltr'>in,</span> <span class='ocrx_word' id='word_1_108' title='bbox 777 1252 946 1290; x_wconf 89' lang='lat' dir='ltr'>amicitia</span> <span class='ocrx_word' id='word_1_109' title='bbox 963 1262 1002 1291; x_wconf 82' lang='lat' dir='ltr'>et</span> <span class='ocrx_word' id='word_1_110' title='bbox 1020 1254 1222 1304; x_wconf 87' lang='lat' dir='ltr'>pudicitia.</span> 
     </span>
    </p>

    <p class='ocr_par' dir='ltr' id='par_1_7' title="bbox 124 1315 1575 1685">
     <span class='ocr_line' id='line_1_17' title="bbox 181 1315 1575 1372; baseline 0.004 -19"><span class='ocrx_word' id='word_1_111' title='bbox 181 1316 369 1367; x_wconf 87' lang='lat' dir='ltr'>Septimo,</span> <span class='ocrx_word' id='word_1_112' title='bbox 390 1316 427 1353; x_wconf 87' lang='lat' dir='ltr'>in</span> <span class='ocrx_word' id='word_1_113' title='bbox 458 1315 657 1366; x_wconf 86' lang='lat' dir='ltr'>quibusvis</span> <span class='ocrx_word' id='word_1_114' title='bbox 687 1316 814 1354; x_wconf 82' lang='lat' dir='ltr'>verbis</span> <span class='ocrx_word' id='word_1_115' title='bbox 834 1317 1010 1355; x_wconf 85' lang='lat' dir='ltr'>vocalem</span> <span class='ocrx_word' id='word_1_116' title='bbox 1032 1318 1189 1369; x_wconf 83' lang='lat' dir='ltr'>longam</span> <span class='ocrx_word' id='word_1_117' title='bbox 1213 1319 1270 1357; x_wconf 89' lang='lat' dir='ltr'>vel</span> <span class='ocrx_word' id='word_1_118' title='bbox 1288 1319 1575 1372; x_wconf 82' lang='lat' dir='ltr'>diphthongum</span> 
     </span>
     <span class='ocr_line' id='line_1_18' title="bbox 124 1378 1574 1436; baseline 0.003 -18"><span class='ocrx_word' id='word_1_119' title='bbox 124 1378 281 1418; x_wconf 86' lang='lat' dir='ltr'>finalem</span> <span class='ocrx_word' id='word_1_120' title='bbox 307 1386 491 1430; x_wconf 86' lang='lat' dir='ltr'>sequente</span> <span class='ocrx_word' id='word_1_121' title='bbox 509 1380 634 1417; x_wconf 88' lang='lat' dir='ltr'>vocali</span> <span class='ocrx_word' id='word_1_122' title='bbox 652 1380 879 1430; x_wconf 90' lang='lat' dir='ltr'>corripiunt,</span> <span class='ocrx_word' id='word_1_123' title='bbox 898 1387 938 1419; x_wconf 88' lang='lat' dir='ltr'>et</span> <span class='ocrx_word' id='word_1_124' title='bbox 956 1394 1025 1431; x_wconf 90' lang='lat' dir='ltr'>pro</span> <span class='ocrx_word' id='word_1_125' title='bbox 1046 1382 1201 1420; x_wconf 89' lang='lat' dir='ltr'>arbitrio</span> <span class='ocrx_word' id='word_1_126' title='bbox 1223 1384 1431 1435; x_wconf 81' lang='lat' dir='ltr'>negligunt</span> <span class='ocrx_word' id='word_1_127' title='bbox 1450 1385 1574 1436; x_wconf 82' lang='lat' dir='ltr'>longi-</span> 
     </span>
     <span class='ocr_line' id='line_1_19' title="bbox 125 1442 1574 1498; baseline 0.004 -18"><span class='ocrx_word' id='word_1_128' title='bbox 125 1442 302 1481; x_wconf 87' lang='lat' dir='ltr'>tudinem</span> <span class='ocrx_word' id='word_1_129' title='bbox 321 1456 370 1482; x_wconf 83' lang='lat' dir='ltr'>ex</span> <span class='ocrx_word' id='word_1_130' title='bbox 383 1442 575 1494; x_wconf 87' lang='lat' dir='ltr'>positione</span> <span class='ocrx_word' id='word_1_131' title='bbox 591 1443 676 1481; x_wconf 89' lang='lat' dir='ltr'>sola</span> <span class='ocrx_word' id='word_1_132' title='bbox 695 1451 819 1481; x_wconf 86' lang='lat' dir='ltr'>ortam</span> <span class='ocrx_word' id='word_1_133' title='bbox 836 1457 846 1487; x_wconf 92' lang='lat'>;</span> <span class='ocrx_word' id='word_1_134' title='bbox 877 1450 916 1482; x_wconf 89' lang='lat' dir='ltr'>et</span> <span class='ocrx_word' id='word_1_135' title='bbox 935 1445 1094 1495; x_wconf 85' lang='lat' dir='ltr'>quasvis</span> <span class='ocrx_word' id='word_1_136' title='bbox 1115 1446 1285 1497; x_wconf 79' lang='lat' dir='ltr'>syllabas</span> <span class='ocrx_word' id='word_1_137' title='bbox 1306 1460 1375 1498; x_wconf 91' lang='lat' dir='ltr'>pro</span> <span class='ocrx_word' id='word_1_138' title='bbox 1393 1449 1574 1486; x_wconf 88' lang='lat' dir='ltr'>brevibus</span> 
     </span>
     <span class='ocr_line' id='line_1_20' title="bbox 124 1505 1575 1559; baseline 0.004 -15"><span class='ocrx_word' id='word_1_139' title='bbox 124 1506 284 1553; x_wconf 85' lang='lat' dir='ltr'>habent,</span> <span class='ocrx_word' id='word_1_140' title='bbox 317 1519 481 1557; x_wconf 87' lang='lat' dir='ltr'>quarum</span> <span class='ocrx_word' id='word_1_141' title='bbox 500 1505 647 1544; x_wconf 90' lang='lat' dir='ltr'>vocalis</span> <span class='ocrx_word' id='word_1_142' title='bbox 681 1506 810 1544; x_wconf 89' lang='lat' dir='ltr'>brevis</span> <span class='ocrx_word' id='word_1_143' title='bbox 844 1515 918 1554; x_wconf 87' lang='lat' dir='ltr'>est,</span> <span class='ocrx_word' id='word_1_144' title='bbox 953 1508 1143 1559; x_wconf 87' lang='lat' dir='ltr'>siquidem</span> <span class='ocrx_word' id='word_1_145' title='bbox 1176 1518 1360 1549; x_wconf 88' lang='lat' dir='ltr'>accentus</span> <span class='ocrx_word' id='word_1_146' title='bbox 1394 1525 1472 1550; x_wconf 89' lang='lat' dir='ltr'>non</span> <span class='ocrx_word' id='word_1_147' title='bbox 1509 1525 1575 1550; x_wconf 90' lang='lat' dir='ltr'>eas</span> 
     </span>
     <span class='ocr_line' id='line_1_21' title="bbox 124 1568 1574 1625; baseline 0.005 -19"><span class='ocrx_word' id='word_1_148' title='bbox 124 1569 316 1609; x_wconf 88' lang='lat' dir='ltr'>intendat.</span> <span class='ocrx_word' id='word_1_149' title='bbox 383 1570 549 1608; x_wconf 89' lang='lat' dir='ltr'>Plautus</span> <span class='ocrx_word' id='word_1_150' title='bbox 586 1568 744 1621; x_wconf 88' lang='lat' dir='ltr'>quidem</span> <span class='ocrx_word' id='word_1_151' title='bbox 780 1569 906 1621; x_wconf 86' lang='lat' dir='ltr'>ipsam</span> <span class='ocrx_word' id='word_1_152' title='bbox 939 1579 1093 1610; x_wconf 90' lang='lat' dir='ltr'>acutam</span> <span class='ocrx_word' id='word_1_153' title='bbox 1114 1585 1267 1625; x_wconf 90' lang='lat' dir='ltr'>quoque</span> <span class='ocrx_word' id='word_1_154' title='bbox 1304 1574 1343 1612; x_wconf 87' lang='lat' dir='ltr'>in</span> <span class='ocrx_word' id='word_1_155' title='bbox 1377 1575 1574 1613; x_wconf 86' lang='lat' dir='ltr'>nonnullis</span> 
     </span>
     <span class='ocr_line' id='line_1_22' title="bbox 125 1632 442 1685; baseline 0 -14"><span class='ocrx_word' id='word_1_156' title='bbox 125 1633 322 1685; x_wconf 88' lang='lat' dir='ltr'>corripuit,</span> <span class='ocrx_word' id='word_1_157' title='bbox 340 1640 385 1672; x_wconf 89' lang='lat' dir='ltr'>ut</span> <span class='ocrx_word' id='word_1_158' title='bbox 402 1632 442 1671; x_wconf 91' lang='lat' dir='ltr'>in</span> 
     </span>
    </p>
   </div>
   <div class='ocr_carea' id='block_1_6' title="bbox 228 1706 1480 1889">
    <p class='ocr_par' dir='ltr' id='par_1_8' title="bbox 228 1706 1480 1889">
     <span class='ocr_line' id='line_1_23' title="bbox 232 1706 1466 1765; baseline 0.005 -20"><span class='ocrx_word' id='word_1_159' title='bbox 232 1707 390 1746; x_wconf 88' lang='lat' dir='ltr'>dedisse</span> <span class='ocrx_word' id='word_1_160' title='bbox 565 1706 754 1746; x_wconf 78' lang='lat' dir='ltr'>modestae</span> <span class='ocrx_word' id='word_1_161' title='bbox 915 1709 1104 1749; x_wconf 88' lang='lat' dir='ltr'>fenestras</span> <span class='ocrx_word' id='word_1_162' title='bbox 1264 1711 1466 1765; x_wconf 88' lang='lat' dir='ltr'>Philippus</span> 
     </span>
     <span class='ocr_line' id='line_1_24' title="bbox 231 1771 1456 1828; baseline 0.005 -19"><span class='ocrx_word' id='word_1_163' title='bbox 231 1784 392 1810; x_wconf 86' lang='lat' dir='ltr'>necesse</span> <span class='ocrx_word' id='word_1_164' title='bbox 563 1771 729 1809; x_wconf 84' lang='lat' dir='ltr'>sceleste</span> <span class='ocrx_word' id='word_1_165' title='bbox 915 1774 1081 1824; x_wconf 88' lang='lat' dir='ltr'>papillas</span> <span class='ocrx_word' id='word_1_166' title='bbox 1265 1775 1456 1828; x_wconf 85' lang='lat' dir='ltr'>Philippei</span> 
     </span>
     <span class='ocr_line' id='line_1_25' title="bbox 228 1835 1480 1889; baseline 0.006 -16"><span class='ocrx_word' id='word_1_167' title='bbox 228 1836 361 1874; x_wconf 91' lang='lat' dir='ltr'>libello</span> <span class='ocrx_word' id='word_1_168' title='bbox 561 1835 734 1887; x_wconf 86' lang='lat' dir='ltr'>puellam</span> <span class='ocrx_word' id='word_1_169' title='bbox 924 1838 1088 1889; x_wconf 83' lang='lat' dir='ltr'>sagittas</span> <span class='ocrx_word' id='word_1_170' title='bbox 1269 1840 1463 1879; x_wconf 86' lang='lat' dir='ltr'>sinistram</span> <span class='ocrx_word' id='word_1_171' title='bbox 1472 1871 1480 1880; x_wconf 93' lang='lat'><strong>.</strong></span> 
     </span>
    </p>
   </div>
   <div class='ocr_carea' id='block_1_7' title="bbox 122 1920 1573 2226">
    <p class='ocr_par' dir='ltr' id='par_1_9' title="bbox 123 1920 1573 2099">
     <span class='ocr_line' id='line_1_26' title="bbox 177 1920 1573 1972; baseline 0.004 -14"><span class='ocrx_word' id='word_1_172' title='bbox 177 1920 380 1959; x_wconf 82' lang='lat' dir='ltr'>Terentius</span> <span class='ocrx_word' id='word_1_173' title='bbox 399 1933 489 1959; x_wconf 86' lang='lat' dir='ltr'>vero</span> <span class='ocrx_word' id='word_1_174' title='bbox 509 1933 718 1972; x_wconf 88' lang='lat' dir='ltr'>nusquam,</span> <span class='ocrx_word' id='word_1_175' title='bbox 738 1920 845 1972; x_wconf 92' lang='lat' dir='ltr'>quod</span> <span class='ocrx_word' id='word_1_176' title='bbox 867 1921 1000 1969; x_wconf 86' lang='lat' dir='ltr'>sciam,</span> <span class='ocrx_word' id='word_1_177' title='bbox 1020 1922 1095 1960; x_wconf 87' lang='lat' dir='ltr'>nisi</span> <span class='ocrx_word' id='word_1_178' title='bbox 1113 1923 1166 1970; x_wconf 91' lang='lat' dir='ltr'>in,</span> <span class='ocrx_word' id='word_1_179' title='bbox 1186 1925 1339 1963; x_wconf 87' lang='lat' dir='ltr'>tametsi</span> <span class='ocrx_word' id='word_1_180' title='bbox 1359 1932 1398 1963; x_wconf 86' lang='lat' dir='ltr'>et</span> <span class='ocrx_word' id='word_1_181' title='bbox 1416 1926 1573 1972; x_wconf 84' lang='lat' dir='ltr'>favillae,</span> 
     </span>
     <span class='ocr_line' id='line_1_27' title="bbox 124 1983 1573 2041; baseline 0.004 -19"><span class='ocrx_word' id='word_1_182' title='bbox 124 1997 221 2035; x_wconf 89' lang='lat' dir='ltr'>quas</span> <span class='ocrx_word' id='word_1_183' title='bbox 241 1984 280 2021; x_wconf 91' lang='lat' dir='ltr'>in</span> <span class='ocrx_word' id='word_1_184' title='bbox 299 1983 407 2035; x_wconf 88' lang='lat' dir='ltr'>vulgi</span> <span class='ocrx_word' id='word_1_185' title='bbox 425 1997 581 2035; x_wconf 89' lang='lat' dir='ltr'>quoque</span> <span class='ocrx_word' id='word_1_186' title='bbox 601 1997 666 2022; x_wconf 90' lang='lat' dir='ltr'>ore</span> <span class='ocrx_word' id='word_1_187' title='bbox 681 1985 821 2035; x_wconf 90' lang='lat' dir='ltr'>corripi</span> <span class='ocrx_word' id='word_1_188' title='bbox 842 1986 964 2024; x_wconf 88' lang='lat' dir='ltr'>solere</span> <span class='ocrx_word' id='word_1_189' title='bbox 980 1986 1162 2026; x_wconf 89' lang='lat' dir='ltr'>credibile</span> <span class='ocrx_word' id='word_1_190' title='bbox 1182 1996 1267 2027; x_wconf 90' lang='lat' dir='ltr'>est:</span> <span class='ocrx_word' id='word_1_191' title='bbox 1297 1990 1403 2041; x_wconf 91' lang='lat' dir='ltr'>quod</span> <span class='ocrx_word' id='word_1_192' title='bbox 1423 1990 1472 2028; x_wconf 89' lang='lat' dir='ltr'>de</span> <span class='ocrx_word' id='word_1_193' title='bbox 1488 1990 1573 2029; x_wconf 88' lang='lat' dir='ltr'>aliis</span> 
     </span>
     <span class='ocr_line' id='line_1_28' title="bbox 123 2047 1050 2099; baseline 0.001 -13"><span class='ocrx_word' id='word_1_194' title='bbox 123 2048 239 2087; x_wconf 90' lang='lat' dir='ltr'>etiam</span> <span class='ocrx_word' id='word_1_195' title='bbox 255 2047 460 2086; x_wconf 86' lang='lat' dir='ltr'>maximam</span> <span class='ocrx_word' id='word_1_196' title='bbox 479 2054 627 2099; x_wconf 88' lang='lat' dir='ltr'>partem</span> <span class='ocrx_word' id='word_1_197' title='bbox 647 2047 856 2086; x_wconf 89' lang='lat' dir='ltr'>dicendum</span> <span class='ocrx_word' id='word_1_198' title='bbox 877 2049 1050 2087; x_wconf 83' lang='lat' dir='ltr'>arbitror.</span> 
     </span>
    </p>

    <p class='ocr_par' dir='ltr' id='par_1_10' title="bbox 122 2112 1571 2226">
     <span class='ocr_line' id='line_1_29' title="bbox 177 2112 1571 2167; baseline 0.004 -17"><span class='ocrx_word' id='word_1_199' title='bbox 177 2112 343 2160; x_wconf 84' lang='lat' dir='ltr'>Octavo,</span> <span class='ocrx_word' id='word_1_200' title='bbox 360 2112 400 2150; x_wconf 91' lang='lat' dir='ltr'>in</span> <span class='ocrx_word' id='word_1_201' title='bbox 421 2125 540 2150; x_wconf 87' lang='lat' dir='ltr'>unam</span> <span class='ocrx_word' id='word_1_202' title='bbox 560 2112 772 2163; x_wconf 82' lang='lat' dir='ltr'>saepissime</span> <span class='ocrx_word' id='word_1_203' title='bbox 791 2113 1027 2151; x_wconf 83' lang='lat' dir='ltr'>contrahunt</span> <span class='ocrx_word' id='word_1_204' title='bbox 1052 2113 1222 2165; x_wconf 89' lang='lat' dir='ltr'>syllabas</span> <span class='ocrx_word' id='word_1_205' title='bbox 1243 2116 1281 2153; x_wconf 87' lang='lat' dir='ltr'>in</span> <span class='ocrx_word' id='word_1_206' title='bbox 1312 2116 1450 2167; x_wconf 87' lang='lat' dir='ltr'>quibus</span> <span class='ocrx_word' id='word_1_207' title='bbox 1482 2117 1571 2155; x_wconf 87' lang='lat' dir='ltr'>duae</span> 
     </span>
     <span class='ocr_line' id='line_1_30' title="bbox 122 2175 781 2226; baseline 0.003 -14"><span class='ocrx_word' id='word_1_208' title='bbox 122 2175 271 2226; x_wconf 85' lang='lat' dir='ltr'>quaevis</span> <span class='ocrx_word' id='word_1_209' title='bbox 289 2176 446 2214; x_wconf 88' lang='lat' dir='ltr'>vocales</span> <span class='ocrx_word' id='word_1_210' title='bbox 467 2183 717 2223; x_wconf 88' lang='lat' dir='ltr'>concurrunt,</span> <span class='ocrx_word' id='word_1_211' title='bbox 735 2183 781 2214; x_wconf 90' lang='lat' dir='ltr'>ut</span> 
     </span>
    </p>
   </div>
   <div class='ocr_carea' id='block_1_8' title="bbox 280 2259 1392 2562">
    <p class='ocr_par' dir='ltr' id='par_1_11' title="bbox 282 2259 910 2307">
     <span class='ocr_line' id='line_1_31' title="bbox 282 2259 910 2307; baseline 0 -9"><span class='ocrx_word' id='word_1_212' title='bbox 282 2260 319 2298; x_wconf 89' lang='lat' dir='ltr'>ai</span> <span class='ocrx_word' id='word_1_213' title='bbox 337 2260 390 2307; x_wconf 88' lang='lat' dir='ltr'>in,</span> <span class='ocrx_word' id='word_1_214' title='bbox 407 2259 471 2297; x_wconf 90' lang='lat' dir='ltr'>ain</span> <span class='ocrx_word' id='word_1_215' title='bbox 681 2260 720 2297; x_wconf 88' lang='lat' dir='ltr'>ia</span> <span class='ocrx_word' id='word_1_216' title='bbox 739 2261 791 2305; x_wconf 92' lang='lat' dir='ltr'>in,</span> <span class='ocrx_word' id='word_1_217' title='bbox 809 2260 910 2298; x_wconf 82' lang='lat' dir='ltr'>scias</span> 
     </span>
    </p>

    <p class='ocr_par' dir='ltr' id='par_1_12' title="bbox 281 2322 1318 2379">
     <span class='ocr_line' id='line_1_32' title="bbox 281 2322 1318 2379; baseline 0.003 -17"><span class='ocrx_word' id='word_1_218' title='bbox 281 2336 327 2362; x_wconf 85' lang='lat' dir='ltr'>ea</span> <span class='ocrx_word' id='word_1_219' title='bbox 345 2323 399 2370; x_wconf 90' lang='lat' dir='ltr'>in,</span> <span class='ocrx_word' id='word_1_220' title='bbox 419 2322 527 2361; x_wconf 89' lang='lat' dir='ltr'>solea</span> <span class='ocrx_word' id='word_1_221' title='bbox 677 2324 710 2361; x_wconf 90' lang='lat' dir='ltr'>ei</span> <span class='ocrx_word' id='word_1_222' title='bbox 726 2324 778 2370; x_wconf 90' lang='lat' dir='ltr'>in,</span> <span class='ocrx_word' id='word_1_223' title='bbox 798 2323 914 2363; x_wconf 89' lang='lat' dir='ltr'>hodie</span> <span class='ocrx_word' id='word_1_224' title='bbox 1081 2327 1117 2364; x_wconf 92' lang='lat' dir='ltr'>oi</span> <span class='ocrx_word' id='word_1_225' title='bbox 1139 2327 1192 2373; x_wconf 89' lang='lat' dir='ltr'>in,</span> <span class='ocrx_word' id='word_1_226' title='bbox 1209 2328 1318 2379; x_wconf 90' lang='lat' dir='ltr'>proin</span> 
     </span>
    </p>

    <p class='ocr_par' dir='ltr' id='par_1_13' title="bbox 281 2386 1299 2435">
     <span class='ocr_line' id='line_1_33' title="bbox 281 2386 1299 2435; baseline 0.002 -10"><span class='ocrx_word' id='word_1_227' title='bbox 281 2387 318 2426; x_wconf 90' lang='lat' dir='ltr'>ei</span> <span class='ocrx_word' id='word_1_228' title='bbox 335 2386 390 2433; x_wconf 91' lang='lat' dir='ltr'>in,</span> <span class='ocrx_word' id='word_1_229' title='bbox 411 2386 499 2425; x_wconf 88' lang='lat' dir='ltr'>dein</span> <span class='ocrx_word' id='word_1_230' title='bbox 677 2387 705 2425; x_wconf 92' lang='lat' dir='ltr'>ii</span> <span class='ocrx_word' id='word_1_231' title='bbox 723 2387 776 2434; x_wconf 91' lang='lat' dir='ltr'>in,</span> <span class='ocrx_word' id='word_1_232' title='bbox 795 2387 910 2425; x_wconf 83' lang='lat' dir='ltr'>rediit</span> <span class='ocrx_word' id='word_1_233' title='bbox 1079 2390 1117 2427; x_wconf 90' lang='lat' dir='ltr'>ui</span> <span class='ocrx_word' id='word_1_234' title='bbox 1137 2390 1189 2435; x_wconf 90' lang='lat' dir='ltr'>in,</span> <span class='ocrx_word' id='word_1_235' title='bbox 1211 2391 1299 2428; x_wconf 88' lang='lat' dir='ltr'>huic</span> 
     </span>
    </p>

    <p class='ocr_par' dir='ltr' id='par_1_14' title="bbox 280 2450 1392 2562">
     <span class='ocr_line' id='line_1_34' title="bbox 280 2450 1392 2500; baseline 0.003 -12"><span class='ocrx_word' id='word_1_236' title='bbox 280 2463 327 2489; x_wconf 87' lang='lat' dir='ltr'>eo</span> <span class='ocrx_word' id='word_1_237' title='bbox 346 2451 399 2498; x_wconf 88' lang='lat' dir='ltr'>in,</span> <span class='ocrx_word' id='word_1_238' title='bbox 419 2450 516 2489; x_wconf 90' lang='lat' dir='ltr'>adeo</span> <span class='ocrx_word' id='word_1_239' title='bbox 680 2450 718 2488; x_wconf 90' lang='lat' dir='ltr'>io</span> <span class='ocrx_word' id='word_1_240' title='bbox 738 2450 791 2497; x_wconf 88' lang='lat' dir='ltr'>in,</span> <span class='ocrx_word' id='word_1_241' title='bbox 813 2451 937 2489; x_wconf 91' lang='lat' dir='ltr'>otiose</span> <span class='ocrx_word' id='word_1_242' title='bbox 1084 2466 1134 2491; x_wconf 91' lang='lat' dir='ltr'>uo</span> <span class='ocrx_word' id='word_1_243' title='bbox 1154 2454 1206 2500; x_wconf 89' lang='lat' dir='ltr'>in,</span> <span class='ocrx_word' id='word_1_244' title='bbox 1228 2453 1392 2493; x_wconf 84' lang='lat' dir='ltr'>duobus.</span> 
     </span>
     <span class='ocr_line' id='line_1_35' title="bbox 280 2514 876 2562; baseline 0.002 -10"><span class='ocrx_word' id='word_1_245' title='bbox 280 2528 328 2553; x_wconf 88' lang='lat' dir='ltr'>eu</span> <span class='ocrx_word' id='word_1_246' title='bbox 349 2515 401 2562; x_wconf 90' lang='lat' dir='ltr'>in,</span> <span class='ocrx_word' id='word_1_247' title='bbox 423 2515 532 2553; x_wconf 89' lang='lat' dir='ltr'>Deus</span> <span class='ocrx_word' id='word_1_248' title='bbox 682 2514 720 2552; x_wconf 90' lang='lat' dir='ltr'>iu</span> <span class='ocrx_word' id='word_1_249' title='bbox 737 2515 790 2562; x_wconf 88' lang='lat' dir='ltr'>in,</span> <span class='ocrx_word' id='word_1_250' title='bbox 811 2515 876 2553; x_wconf 91' lang='lat' dir='ltr'>diu</span> 
     </span>
    </p>
   </div>
   <div class='ocr_carea' id='block_1_9' title="bbox 396 2611 1303 2664">
    <p class='ocr_par' dir='ltr' id='par_1_15' title="bbox 396 2611 1303 2664">
     <span class='ocr_line' id='line_1_36' title="bbox 396 2611 1303 2664; baseline 0.003 -15"><span class='ocrx_word' id='word_1_251' title='bbox 396 2612 587 2664; x_wconf 87' lang='lat' dir='ltr'>Exempla</span> <span class='ocrx_word' id='word_1_252' title='bbox 605 2611 828 2663; x_wconf 84' lang='lat' dir='ltr'>hujusmodi</span> <span class='ocrx_word' id='word_1_253' title='bbox 849 2618 941 2650; x_wconf 89' lang='lat' dir='ltr'>sunt</span> <span class='ocrx_word' id='word_1_254' title='bbox 959 2624 1102 2664; x_wconf 87' lang='lat' dir='ltr'>magno</span> <span class='ocrx_word' id='word_1_255' title='bbox 1121 2626 1280 2652; x_wconf 84' lang='lat' dir='ltr'>numero</span> <span class='ocrx_word' id='word_1_256' title='bbox 1296 2630 1303 2652; x_wconf 87' lang='grc'>;</span> 
     </span>
    </p>
   </div>
   <div class='ocr_carea' id='block_1_10' title="bbox 229 2685 1357 2790">
    <p class='ocr_par' dir='ltr' id='par_1_16' title="bbox 229 2685 1357 2790">
     <span class='ocr_line' id='line_1_37' title="bbox 229 2685 1343 2727; baseline 0.003 -4"><span class='ocrx_word' id='word_1_257' title='bbox 229 2686 323 2723; x_wconf 90' lang='lat' dir='ltr'>mihi</span> <span class='ocrx_word' id='word_1_258' title='bbox 335 2685 350 2706; x_wconf 97' lang='lat'>⁷</span> <span class='ocrx_word' id='word_1_259' title='bbox 655 2701 743 2725; x_wconf 89' lang='lat' dir='ltr'>eum</span> <span class='ocrx_word' id='word_1_260' title='bbox 921 2701 1051 2726; x_wconf 84' lang='lat' dir='ltr'>eorum</span> <span class='ocrx_word' id='word_1_261' title='bbox 1236 2690 1343 2727; x_wconf 84' lang='lat' dir='ltr'>fuere</span> 
     </span>
     <span class='ocr_line' id='line_1_38' title="bbox 233 2748 1357 2790; baseline 0.004 -5"><span class='ocrx_word' id='word_1_262' title='bbox 233 2748 327 2786; x_wconf 88' lang='lat' dir='ltr'>nihil</span> <span class='ocrx_word' id='word_1_263' title='bbox 659 2763 743 2788; x_wconf 84' lang='lat' dir='ltr'>eam</span> <span class='ocrx_word' id='word_1_264' title='bbox 925 2764 1056 2789; x_wconf 87' lang='lat' dir='ltr'>earum</span> <span class='ocrx_word' id='word_1_265' title='bbox 1238 2753 1357 2790; x_wconf 77' lang='lat' dir='ltr'>fuisse</span> 
     </span>
    </p>
   </div>
  </div>
 </body>
</html>
