1903 3306
538 246 763 276 EUNUCHI
800 245 906 275 Aer.
940 245 989 275 11.
1023 246 1091 276 sc.
1125 247 1200 277 111.
1487 240 1572 282 435

126 339 219 380 Fac
239 338 414 379 tradas:
445 352 542 381 mea
560 340 665 381 nihil
687 340 831 390 refert,
853 339 958 381 dum
980 341 1121 393 potiar
1141 340 1289 382 modo.

126 404 213 445 ΡΛ.
245 404 396 455 Quid?
427 407 549 458 virgo
570 406 669 460 cuja
692 408 787 448 est‘l
841 406 929 447 CH.
961 406 1125 448 Nescio
1145 407 1305 448 hercle.
1357 407 1446 450 PA.
1479 408 1571 450 Un-

295 472 350 512 de
373 474 471 525 est?
533 473 622 514 CH.
652 473 941 514 Tantundem.
1003 473 1095 514 ΡΑ.
1126 473 1218 514 Ubi
1237 473 1436 516 habitat?

125 536 214 578 CH.
247 537 317 579 Ne
337 539 383 579 id
405 539 593 592 quidem.
654 540 742 580 PA.
774 540 865 581 Ubi
897 540 1081 582 vidisti?
1142 540 1230 581 CH.
1261 541 1313 582 In
1333 543 1421 584 via.
1483 543 1570 583 ΡΑ.

296 604 401 655 Qua
421 607 586 647 ratione
606 607 794 648 amisisti
811 608 830 648 ‘l
1513 610 1571 651 30

125 670 213 711 CH.
245 671 299 713 Id
321 673 524 725 equidem
546 673 782 714 adveniens
797 687 967 715 mecum
989 675 1293 716 stomachabar
1313 675 1465 728 mod03

127 737 224 779 Nec
246 751 497 792 quenquam
518 752 616 780 esse
636 753 716 793 ego
736 740 958 782 hominem
980 742 1175 793 arbitror,
1196 742 1267 783 cui
1286 742 1425 795 magis
1446 743 1572 786 bonae

123 882 202 913 nihil
216 882 355 923 interest,
370 886 531 916 dummodo
545 895 612 916 eam
625 886 796 926 possideam
807 895 819 922 ,·
832 884 945 923 ¹iurene
966 896 1005 917 an
1024 886 1150 926 injuria,
1174 888 1252 919 nihil
1262 888 1352 928 pensi
1366 887 1471 929 habeo,
1486 889 1572 919 dum-

123 926 210 956 modo
225 926 301 957 mihi
320 930 523 967 comparetur.
569 928 636 958 ΡΑ.
662 928 740 963 Quce
754 929 855 969 virgo,
880 939 947 968 quoe
969 931 1115 969 conditio,
1139 940 1264 962 servane
1284 941 1324 962 an
1341 929 1461 963 libera?
1505 932 1574 962 CH.

125 967 189 997 Per
204 968 508 1008 Herculem,nescio.
552 969 621 1002 PA.
651 971 739 1001 Unde
761 969 833 1002 est?
880 972 949 1002 CH.
975 972 1165 1003 Tantundem
1189 975 1263 1004 scio.
1311 974 1377 1004 ΡΑ.
1406 974 1466 1004 Ubi
1488 974 1574 1004 habi-

124 1008 198 1042 tat?
242 1010 310 1042 Cn.
336 1012 386 1042 Ne
408 1012 441 1042 z'd
470 1013 592 1052 quidem
613 1013 688 1043 scio.
732 1013 797 1043 ΡΑ.
825 1013 887 1044 Ubi
911 1024 978 1044 eam
1003 1014 1137 1047 vidisti?
1181 1016 1249 1047 Cn.
1282 1016 1323 1047 In
1346 1017 1461 1056 platea.
1510 1017 1574 1047 ΡΑ.

125 1051 281 1086 Quomodo
296 1063 362 1084 eam
377 1063 393 1084 e
406 1055 473 1085 visu
485 1054 671 1094 perdidisti?
717 1055 786 1086 CH.
810 1055 850 1086 Id
869 1060 997 1095 propter
1011 1058 1147 1097 equidem
1161 1059 1325 1089 adveniens
1339 1068 1455 1089 meeum
1469 1059 1576 1097 indig-

123 1093 219 1125 nabar
231 1096 316 1126 modo
329 1107 341 1133 ;
361 1106 455 1137 neque
470 1097 564 1129 ullum
577 1097 727 1128 hominem
741 1107 804 1128 esse
823 1101 910 1138 puto,
931 1098 981 1129 cui
995 1100 1097 1138 magis
1109 1101 1394 1139 secundoefortunae
1409 1110 1510 1132 omnes
1523 1101 1577 1131 ad·

727 1210 744 1223 O
749 1212 902 1224 OOO‘OOOO
907 1213 964 1225 000

124 1299 238 1340 pluam.
262 1300 321 1332 Fa.
364 1300 492 1331 Misera
508 1308 589 1330 sane
607 1298 762 1330 medendi
781 1300 878 1339 ratio,
903 1301 910 1317 ‘
929 1298 1021 1339 ipse'
1045 1299 1117 1331 sine
1134 1300 1345 1340 synaloepha,
1361 1304 1398 1330 et
1412 1300 1519 1339 llance,
1539 1304 1575 1332 ut

125 1343 319 1374 octonarius
335 1341 410 1373 fiat.
452 1342 594 1374 cautior
610 1342 662 1372 vir
685 1341 824 1380 doctus;
848 1342 905 1383 qui
929 1353 971 1372 ex
999 1347 1139 1382 recepta
1166 1343 1311 1374 lectione
1342 1352 1404 1383 pro
1432 1343 1574 1374 senario

125 1385 359 1425 Septenarium
376 1384 449 1415 fore
463 1385 621 1422 videbat3
645 1384 763 1424 qualis,
781 1385 841 1423 ait,
859 1394 973 1416 versus
990 1395 1089 1426 quam
1106 1386 1249 1416 maxime
1264 1389 1378 1425 potest
1393 1385 1574 1417 evitandus

124 1433 198 1466 est3
227 1427 292 1459 etsi
306 1437 372 1459 uno
390 1428 542 1459 alterove
556 1428 632 1458 loco
661 1427 854 1457 necessario
879 1427 1113 1458 admittendus
1140 1427 1309 1460 videatur.
1354 1428 1451 1458 Bono
1463 1429 1574 1459 auimo

123 1479 198 1500 esse
210 1469 337 1509 jubeo3
361 1479 403 1501 ne
420 1470 525 1501 semel
542 1469 678 1510 quidem
695 1468 907 1500 admittetur.
954 1470 1034 1509 Ipse
1058 1470 1163 1510 igitur
1186 1470 1267 1500 illud
1286 1471 1360 1502 Flos
1383 1470 1447 1510 ipse
1474 1476 1574 1502 extra

123 1521 258 1543 versum
275 1513 408 1553 posuit:
432 1518 471 1544 ut
494 1513 653 1544 Clausala
675 1511 730 1551 sit,
753 1512 862 1552 qualis
882 1513 891 1529 ‘
907 1512 1028 1543 Occidi
1041 1511 1049 1524 ’
1073 1513 1106 1543 in
1123 1513 1185 1543 hae
1203 1513 1325 1550 Scena,
1345 1517 1379 1543 et
1396 1514 1429 1543 in
1447 1512 1575 1544 Heaut.

125 1554 347 1586 ‘Discrucior
367 1554 495 1586 animi!
538 1553 747 1586 Laudandus
775 1559 838 1594 est,
853 1554 940 1595 quod
965 1555 1077 1595 aliqua
1102 1560 1201 1586 tenus
1229 1555 1415 1594 prodierit3
1441 1556 1575 1586 tametsi

124 1606 189 1627 non
206 1597 247 1628 ad
265 1597 448 1628 terminum
465 1597 585 1637 ipsum.
630 1596 797 1637 Equidem
819 1606 885 1627 non
902 1602 940 1627 ut
956 1597 1150 1628 Clausulam
1167 1602 1266 1628 extra
1289 1606 1465 1628 numerum
1483 1598 1576 1635 poni,

124 1639 185 1670 sed
199 1640 335 1670 omnino
355 1639 490 1670 excludi
517 1643 552 1670 et
566 1638 645 1679 ejici
659 1639 770 1669 velim.
794 1640 890 1671 Bent.
937 1640 1012 1670 Flos
1034 1640 1118 1679 ipsus
1143 1644 1177 1670 et
1195 1640 1290 1670 Hanc
1315 1641 1363 1670 vel
1384 1640 1415 1669 vi
1437 1640 1513 1670 mihi
1528 1642 1576 1671 rel

123 1681 202 1712 clam
221 1685 256 1712 tu
278 1683 326 1713 vel
350 1682 490 1720 precario
515 1682 619 1712 Both.
643 1681 700 1722 qui
719 1690 761 1711 ex
785 1691 877 1712 more
902 1681 950 1712 sic
966 1683 1079 1712 onmia
1095 1682 1335 1713 invertit.—28
1361 1682 1472 1712 Potior
1488 1683 1577 1713 alter

127 1724 192 1754 Ms.
209 1724 302 1764 Lips.
329 1724 516 1756 West.—29
539 1723 653 1754 Hosce
669 1733 787 1754 versus
814 1724 863 1754 ita
881 1724 1017 1755 ordinat
1044 1724 1225 1765 Guyetns:
1256 1724 1342 1760 Quid
1356 1727 1369 1754 ἰ)
1392 1724 1482 1762 virgo
1507 1725 1578 1763 cuja

122 1769 191 1798 est?
214 1766 283 1798 CH.
308 1766 421 1798 Nescio
452 1767 567 1805 hercle,
598 1766 765 1797 Parmeno.
791 1766 858 1797 ΡΑ.
897 1767 987 1798 Unde
1014 1765 1090 1799 est?
1123 1767 1192 1798 CH.
1219 1766 1348 1806 Rogas?
1384 1767 1577 1798 tantundem.

124 1808 190 1839 ΡΑ.
219 1808 279 1840 Ubi
294 1809 440 1840 habitat?
463 1809 532 1841 CH.
557 1808 610 1839 Ne
634 1809 667 1839 id
689 1808 821 1848 quidem.
868 1809 932 1840 ΡΑ.
960 1807 1021 1839 Ubi
1044 1809 1181 1840 vidisti?
1204 1809 1272 1840 CH.
1288 1809 1328 1840 In
1341 1808 1404 1839 via.
1429 1809 1494 1839 PA.
1515 1809 1578 1844 Qui

122 1850 240 1886 amisti,
255 1851 384 1883 Chaerea
395 1850 411 1883 ί)
435 1851 499 1882 Sed
515 1854 755 1892 praeterquam,
769 1850 857 1892 quod
874 1851 966 1881 nulla
983 1851 1046 1881 nisi
1065 1861 1124 1882 sua
1139 1852 1246 1882 utitur
1261 1851 1467 1882 auctoritate
1483 1851 1576 1892 Guy.

126 1894 179 1924 vel
205 1893 282 1924 ideo
297 1898 460 1934 suspecta
482 1894 557 1925 haec
584 1894 688 1924 lectio
709 1899 774 1932 est,
797 1893 890 1933 quod
914 1893 985 1932 illa,
1014 1894 1103 1925 Unde
1125 1897 1198 1925 est?
1221 1894 1348 1933 Rogas?
1383 1894 1580 1932 tantundem,

124 1945 192 1967 non
206 1936 344 1976 sapiunt
359 1937 482 1977 stylum
497 1936 749 1967 Terentianum.
784 1936 967 1967 West.—30
991 1936 1110 1967 Amistz'
1127 1936 1192 1967 Do.
1218 1937 1355 1977 quidem
1379 1936 1464 1976 legit
1483 1946 1490 1966 :
1517 1936 1577 1967 sed

123 1978 209 2009 ratio
222 1988 339 2009 versus
354 1978 463 2019 exigit
475 1978 609 2009 amisisti
625 1989 634 2008 .·
659 1983 695 2008 ut
712 1982 747 2008 et
763 1977 797 2008 in
814 1978 910 2009 Bem.
932 1984 966 2008 et
983 1977 1016 2008 in
1033 1978 1189 2009 omnibus
1213 1978 1286 2009 aliis
1306 1979 1378 2009 fere
1393 1978 1488 2009 libris
1512 1984 1578 2010 est.

125 2020 193 2054 Qui
208 2029 290 2051 vero
315 2026 505 2061 sequuntur
521 2030 636 2051 versus
652 2020 776 2051 senarii
800 2026 902 2051 sunt:
926 2019 1044 2060 itaque
1071 2021 1104 2051 in
1128 2030 1168 2051 eo
1188 2021 1276 2053 libro
1292 2031 1368 2052 cum
1386 2021 1461 2057 hoc,
1479 2030 1578 2062 quem

123 2071 229 2103 supra
243 2062 402 2102 diximus,
420 2073 518 2093 versu
542 2062 766 2093 ordinantur:
793 2063 846 2093 Ne
868 2062 901 2093 id
927 2063 1061 2103 quidem.
1104 2063 1164 2094 Ubi
1189 2064 1319 2094 vidisti?
1342 2064 1380 2094 In
1395 2063 1459 2094 via.
1508 2064 1579 2098 Qua

122 2105 244 2136 ratione
257 2105 417 2137 amisisti?
440 2106 481 2136 Id
496 2105 633 2146 equidem
642 2105 807 2135 adveniens
820 2114 935 2135 mecum
950 2105 1166 2137 stomachabar
1180 2107 1280 2136 modo.
1327 2106 1394 2137 Nec
1406 2115 1579 2145 quenquam

123 2157 187 2179 esse
201 2148 355 2178 hominem
368 2147 518 2187 arbitror,
534 2148 584 2178 cui
598 2147 700 2186 magis
723 2147 817 2177 bonoe.
843 2147 903 2177 Fa.
948 2147 1069 2177 Amisti
1092 2147 1295 2178 confirmant
1322 2153 1448 2188 praeter
1476 2158 1577 2179 unum

125 2195 162 2221 et
189 2191 335 2221 alteram
362 2189 591 2221 recentiorem
609 2195 677 2219 tres
700 2188 809 2220 nostri
827 2189 1059 2220 vetustissimi.
1105 2189 1252 2220 Videtur
1275 2190 1350 2221 olim
1373 2190 1490 2229 fuisse,
1509 2190 1578 2225 Qua

123 2233 244 2263 ratione
263 2232 350 2263 illam
375 2233 503 2264 amisti?
525 2231 586 2262 Vir
601 2231 737 2269 doctus,
758 2231 828 2266 Qua
843 2240 871 2262 r.
886 2235 989 2263 autem
1003 2230 1136 2264 amisti?
1168 2232 1272 2264 Bent.
1318 2232 1464 2262 Amisisti
1489 2233 1578 2263 Pau.

126 2275 211 2306 Perl.
253 2276 357 2316 Vulg.
373 2274 614 2315 amisti,prisce
629 2273 688 2304 sed
710 2273 922 2304 inconcinne.
969 2274 1103 2315 Sequor
1114 2278 1248 2305 nostros
1262 2273 1361 2306 codd.
1384 2275 1482 2305 Both.
1532 2275 1577 2305 Il-

125 2318 187 2348 lam
201 2317 336 2349 amisisti
350 2318 446 2349 Perl.
490 2316 608 2349 Amisa·
630 2315 758 2346 Z.-32
773 2315 828 2346 Sic
852 2315 948 2347 dedit
972 2317 1032 2347 Fa.
1057 2316 1174 2348 Nostri
1193 2317 1365 2358 plerique:
1395 2317 1501 2357 Neque
1521 2327 1578 2356 ego

125 2369 294 2400 quenquam
309 2360 460 2390 hominem
473 2369 547 2391 esse.
579 2359 675 2390 Unus
691 2369 698 2388 ε
725 2358 833 2398 Neque
847 2367 1017 2400 quenquam
1033 2367 1090 2397 ego
1102 2369 1167 2390 esse
1189 2359 1351 2391 hominem.
1375 2359 1471 2390 Vett.
1489 2359 1577 2390 Edd.

127 2402 237 2442 Neque
251 2412 422 2442 quenquam
437 2401 589 2433 hominem
607 2410 671 2432 esse
697 2410 754 2439 ego
777 2400 924 2432 arbitror.
970 2401 1126 2441 Repone,
1145 2402 1253 2442 Neque
1268 2412 1436 2442 quenquam
1452 2411 1508 2440 ego
1523 2401 1577 2431 ho·

126 2445 239 2476 minem
251 2454 315 2476 esse
335 2445 482 2476 arbitror.
507 2443 634 2475 Eodem
649 2442 769 2474 ordine
785 2443 881 2483 ponit
897 2443 950 2474 vir
965 2443 1132 2475 eruditus.
1146 2444 1243 2476 Bent.
1268 2454 1368 2486 quem
1393 2448 1578 2486 sequuntur

781 2547 922 2580 NOTAE

127 2643 161 2668 to
177 2636 311 2669 domino
328 2636 499 2676 possidet:
524 2634 692 2675 clam‚qui
716 2634 824 2666 inscio
879 2634 1088 2675 conditione,
1119 2638 1157 2666 ut
1187 2633 1329 2666 liberum
1355 2634 1399 2666 sit
1424 2633 1485 2672 illi,
1519 2634 1578 2676 qui

126 2687 261 2718 domino
274 2698 281 2718 :
294 2686 450 2728 precario
464 2684 652 2725 auten1,qui
664 2684 824 2725 precibus
878 2684 1063 2725 concessit,
1078 2683 1111 2716 id
1128 2690 1302 2726 repetere.

126 2746 146 2768 a
162 2737 295 2769 domino
311 2736 393 2778 quid
420 2735 568 2768 obtinuit
594 2734 756 2766 utendum
781 2743 822 2766 ea
