1945 3296
314 224 370 264 56
767 234 947 264 vic-roa
984 236 1046 264 DE
1079 234 1331 266 coMOEDm.

312 327 547 376 pressiones,
582 329 801 379 agnitaeque
836 329 1073 380 agitarentur
1106 330 1328 368 affinitates.
1399 331 1565 369 Demum
1602 331 1768 369 Athenis
1803 339 1805 341 ’

314 390 576 429 Macedonum
606 392 823 443 petulantia
852 393 1084 444 subjugatis,
1119 405 1185 431 eas
1220 393 1408 431 continuo
1440 394 1619 432 Fabellas
1649 395 1765 433 edere

314 454 547 493 studuerunt
566 457 706 505 poetae,
726 456 866 505 quibus
886 456 1037 493 illorum
1058 455 1269 507 impuritati
1290 457 1535 495 satisfactum
1556 471 1643 495 esse
1661 458 1768 497 vide-

314 524 429 554 retur.
488 517 817 568 Quandoquidem
839 519 965 557 velex
990 519 1166 557 Athenaei
1196 521 1456 558 monumentis
1485 521 1603 565 facile
1630 534 1770 572 possu-

313 593 398 618 mus
418 581 651 631 conjectare‚
682 582 788 632 quod
808 582 911 632 gulae
934 582 1155 633 ventrisque
1186 583 1341 621 servitio
1364 584 1605 623 Macedones
1625 585 1769 623 fuerint

313 644 558 693 emancipati.
618 644 836 682 Menander
865 645 1009 696 itaque,
1043 659 1125 683 suae
1158 647 1378 697 tempestati
1408 660 1552 686 morem
1573 654 1768 699 gesturus,

314 706 554 744 Comoediam
584 709 633 746 ab
653 708 923 759 Aristophanis
946 709 1093 747 Cocalo
1115 710 1279 748 feliciter
1304 710 1516 748 admodum
1546 718 1607 749 est
1636 712 1767 762 auspi-

312 776 423 807 catus
441 783 449 807 :
471 771 531 808 cui
553 772 609 810 sic
626 772 787 809 Ovidius
809 773 947 810 alludit
967 774 1152 811 Amorum
1175 774 1363 821 secundo,
1386 775 1496 813 nobis
1517 777 1641 814 obiter
1660 789 1767 827 quaeq

313 846 401 871 narn
421 834 562 872 fuerint
580 835 662 886 ejus
683 842 910 887 argumenta
929 835 1216 883 demonstrans,

472 930 573 967 Dum
593 931 711 968 fallax
732 945 880 977 servus,
900 932 1020 969 durus
1037 938 1157 982 pater,
1177 933 1351 984 improba
1371 934 1462 972 lena

527 993 688 1040 Vixerit‚
708 1003 747 1033 et
766 997 942 1034 meretrix
963 996 1122 1043 blanda,
1144 997 1385 1036 Menandros
1406 992 1490 1036 erit.

313 1087 429 1131 Quod
450 1102 521 1126 nos
543 1102 629 1127 cum
651 1090 792 1129 Graeco
812 1091 981 1130 carmine
1003 1092 1182 1131 ludentes
1214 1094 1251 1132 in
1273 1096 1468 1146 egregiam
1489 1096 1657 1135 Terentii
1679 1097 1767 1135 lau-

313 1152 399 1190 dem
422 1154 684 1200 vertissemus‚
714 1155 781 1192 tibi
815 1156 1091 1206 pulcherrimos
1123 1158 1320 1196 condendi
1348 1160 1496 1198 iambos
1518 1161 1674 1199 dedisse
1695 1172 1766 1198 an-·

314 1229 397 1254 sam
417 1217 601 1254 videmur.
660 1219 839 1256 Ceterum
863 1219 935 1257 fuit
953 1226 1042 1258 octo
1061 1227 1212 1259 tantum
1242 1223 1353 1260 annis
1377 1223 1509 1274 junior
1528 1224 1767 1271 Alexandm,

313 1281 502 1331 sanguine
522 1282 662 1320 nobilis
683 1290 722 1321 et
741 1296 889 1321 morum
909 1283 1130 1334 integritate
1157 1286 1381 1335 praeclarus.
1438 1287 1680 1338 Alexideque
1708 1290 1770 1337 (ut

312 1345 492 1394 arbitror)
511 1353 747 1397 praeceptore
761 1347 843 1398 jam
865 1347 1095 1387 adolescens
1117 1349 1208 1386 dare
1232 1350 1400 1388 Fabulas
1421 1351 1551 1403 coepit,
1571 1365 1660 1402 quae
1681 1364 1770 1390 cen-

312 1415 392 1446 tum
414 1415 454 1447 et
483 1416 571 1448 octo
600 1424 760 1449 numero
793 1425 922 1449 coram
955 1411 1192 1451 doctissimis
1221 1414 1439 1465 quibusque
1469 1422 1673 1461 steterunt,
1706 1415 1768 1453 vel

314 1472 485 1523 quinque
514 1487 631 1525 supra
660 1482 830 1522 centum,
860 1483 904 1514 ut
936 1477 1123 1515 cecinisse
1145 1478 1427 1529 Apollodorum
1449 1479 1602 1517 Gellius
1622 1479 1768 1518 scribit.

313 1537 488 1575 Tandem
509 1538 674 1576 Athenis
704 1540 742 1576 in
762 1540 888 1590 patria
914 1540 1013 1579 duos
1034 1549 1074 1579 et
1093 1542 1378 1593 quinquaginta
1396 1549 1512 1581 natus
1533 1555 1656 1581 annos
1675 1543 1769 1581 obiit

312 1607 490 1647 mortem,
523 1602 676 1641 decimo
710 1604 860 1642 scilicet
889 1612 979 1644 ante
1010 1606 1153 1644 bellurn
1186 1606 1488 1645 Macedonicum
1515 1620 1632 1653 anno,
1661 1606 1767 1658 quod

313 1665 484 1716 Pyrrhus
506 1680 591 1704 cum
614 1668 758 1718 populo
781 1669 960 1706 Romano
977 1671 1099 1720 gessit
1118 1670 1359 1708 acerrimum.
1398 1671 1482 1709 Nec
1499 1671 1594 1709 solae
1609 1671 1766 1722 quidem

311 1730 373 1767 hae
397 1730 604 1768 Menandri
629 1732 786 1769 Fabulae
807 1733 1068 1772 Macedonum
1090 1735 1242 1772 lumbos
1261 1738 1321 1784 (ut
1340 1735 1399 1772 his
1421 1743 1507 1773 utar
1533 1735 1656 1772 Persii
1683 1747 1768 1772 ver-

312 1795 388 1843 bis)
419 1795 622 1840 intravere,
653 1796 722 1833 sed
754 1805 792 1834 et
820 1797 905 1836 aliae
928 1798 1075 1849 Diphili
1095 1799 1253 1849 Sinopei
1273 1806 1427 1837 centum
1450 1799 1767 1849 Philemonisque

315 1859 550 1909 Syracusani
569 1859 824 1899 Menandrum
847 1863 1065 1900 aemulantis
1082 1864 1160 1901 fere
1178 1863 1338 1900 totidem
1357 1870 1621 1901 accesserunt.
1661 1863 1766 1901 Prae-

314 1929 419 1961 tereo
450 1937 547 1973 quas
582 1925 859 1975 Apollodorus,
892 1926 1140 1977 Posidippus‚
1171 1934 1211 1964 et
1245 1926 1485 1978 Philippides
1518 1927 1767 1974 addiderunt,

312 1999 358 2024 ac
380 1988 510 2032 ceteri,
532 2002 630 2038 quos
651 2002 752 2027 nova
774 1990 974 2028 Comoedia
991 1992 1212 2029 celebravit.
1252 1991 1434 2029 Profecto
1453 1991 1548 2028 mira
1567 1991 1640 2029 fuit
1658 1991 1764 2029 Aris·

316 2051 497 2102 tophanis
520 2053 706 2091 felicitas:
738 2055 847 2104 cujus
874 2068 951 2092 una
974 2055 1142 2093 Cocalus
1164 2068 1184 2092 c
1204 2055 1487 2106 quinquaginta
1507 2061 1674 2105 quatuor
1692 2057 1768 2105 (tot

316 2116 417 2152 enim
450 2116 593 2154 vidisse
628 2131 669 2154 se
702 2118 868 2156 Thomas
905 2119 1095 2170 Magister
1125 2119 1195 2164 ait)
1226 2119 1324 2157 adeo
1354 2119 1496 2157 multas
1526 2119 1763 2157 diversorum

316 2181 515 2230 poetarum
555 2182 722 2220 Fabulas
757 2183 978 2233 procrearit,
1011 2197 1099 2234 quae
1130 2197 1217 2223 cum
1249 2190 1409 2235 parente
1440 2196 1510 2221 suo
1529 2182 1765 2234 reliquisque

315 2243 496 2282 Veterum
519 2259 630 2296 paene
652 2247 830 2285 omnibus
851 2248 900 2285 ab
919 2260 992 2285 usu
1013 2255 1146 2286 nostro
1167 2247 1380 2286 suffurante
1409 2254 1582 2298 tempore
1609 2247 1764 2286 excide-

313 2314 413 2344 runt.
464 2309 619 2347 Utinam
640 2317 815 2348 extarent
832 2311 891 2348 vel
912 2311 1142 2350 dimidiatae:
1164 2324 1242 2350 non
1263 2310 1362 2349 adeo
1381 2312 1511 2349 forsan
1531 2311 1569 2348 in
1589 2324 1762 2362 praesen-

311 2371 366 2408 tia
388 2372 554 2410 Fabulas
585 2375 856 2424 perspiciendo
887 2376 1181 2420 caecutiremus;
1212 2389 1284 2414 nec
1304 2382 1408 2414 esset
1428 2388 1496 2413 cur
1515 2388 1589 2425 ego
1611 2388 1680 2414 vos
1701 2390 1762 2414 se-

311 2434 493 2472 micaecus
526 2436 665 2475 ducere
697 2451 869 2476 conarer.
928 2438 1018 2485 Sed,
1050 2446 1138 2477 acta
1169 2453 1217 2477 ne
1250 2452 1425 2490 agamus,
1453 2439 1587 2476 vitium
1619 2439 1694 2477 hoc
1723 2448 1763 2478 et

310 2499 542 2549 praeteritam
566 2501 823 2539 calamitatem
846 2503 906 2540 his
929 2503 1041 2554 quasi
1061 2504 1250 2554 frugibus,
1272 2508 1465 2554 quotquot
1482 2509 1629 2550 extant,
1656 2503 1762 2542 Aris-

312 2562 493 2611 tophanis
518 2564 686 2601 Fabellis
707 2574 1021 2616 compensantes.
1078 2567 1235 2617 Duplex
1259 2578 1346 2604 esse
1376 2578 1619 2604 numerorum
1651 2566 1761 2605 diffe-

312 2627 435 2663 rentia
454 2626 631 2664 videtur:
662 2629 976 2679 quandoquidem
997 2629 1158 2668 Veteres
1180 2630 1234 2667 illi
1263 2628 1503 2667 Comoediam
1535 2629 1650 2667 variis
1681 2630 1760 2668 dis·

310 2691 485 2740 tinguere
512 2692 684 2729 versibus
705 2693 950 2740 studuerunt,
971 2707 1017 2731 eo
1036 2693 1140 2744 quod
1161 2693 1266 2731 laudi
1285 2693 1450 2730 maxime
1471 2692 1638 2740 daretur,
1659 2694 1760 2744 siqui

313 2767 452 2793 novum
471 2755 650 2793 carminis
672 2769 794 2806 genus
815 2756 1118 2795 adinvenissent.
1178 2756 1291 2794 Unde
1312 2755 1528 2810 phrynicus
1554 2756 1593 2797 in
1625 2757 1758 2796 lonico
