<?xml version="1.0" encoding="UTF-8"?>
<!DOCTYPE html PUBLIC "-//W3C//DTD XHTML 1.0 Transitional//EN"
    "http://www.w3.org/TR/xhtml1/DTD/xhtml1-transitional.dtd">
<html xmlns="http://www.w3.org/1999/xhtml" xml:lang="en" lang="en">
 <head>
  <title>
</title>
<meta http-equiv="Content-Type" content="text/html;charset=utf-8" />
  <meta name='ocr-system' content='tesseract 3.04.00' />
  <meta name='ocr-capabilities' content='ocr_page ocr_carea ocr_par ocr_line ocrx_word'/>
</head>
<body>
  <div class='ocr_page' id='page_1' title='image "./pubterentiiafric01tereuoft/pubterentiiafric01tereuoft_0355.png"; bbox 0 0 1903 3306; ppageno 0'>
   <div class='ocr_carea' id='block_1_1' title="bbox 550 212 1592 255">
    <p class='ocr_par' dir='ltr' id='par_1_1' title="bbox 550 212 1592 255">
     <span class='ocr_line' id='line_1_1' title="bbox 550 212 1592 255; baseline -0.003 0"><span class='ocrx_word' id='word_1_1' title='bbox 550 224 755 255; x_wconf 77' lang='lat' dir='ltr'><strong>ANDRIAE</strong></span> <span class='ocrx_word' id='word_1_2' title='bbox 787 223 897 254; x_wconf 69' lang='lat' dir='ltr'>Ac&#39;r.</span> <span class='ocrx_word' id='word_1_3' title='bbox 929 222 995 253; x_wconf 90' lang='lat' dir='ltr'>1v.</span> <span class='ocrx_word' id='word_1_4' title='bbox 1026 223 1096 253; x_wconf 74' lang='lat' dir='ltr'>sc.</span> <span class='ocrx_word' id='word_1_5' title='bbox 1131 224 1161 254; x_wconf 82' lang='lat'>1.</span> <span class='ocrx_word' id='word_1_6' title='bbox 1508 212 1592 252; x_wconf 69' lang='lat'>345</span> 
     </span>
    </p>
   </div>
   <div class='ocr_carea' id='block_1_2' title="bbox 537 378 1188 424">
    <p class='ocr_par' dir='ltr' id='par_1_2' title="bbox 537 378 1188 424">
     <span class='ocr_line' id='line_1_2' title="bbox 537 378 1188 424; baseline -0.008 1"><span class='ocrx_word' id='word_1_7' title='bbox 537 382 741 424; x_wconf 82' lang='lat' dir='ltr'><strong>ACTUS</strong></span> <span class='ocrx_word' id='word_1_8' title='bbox 774 381 860 423; x_wconf 89' lang='lat' dir='ltr'>IV.</span> <span class='ocrx_word' id='word_1_9' title='bbox 911 378 1118 423; x_wconf 90' lang='lat' dir='ltr'>SCENA</span> <span class='ocrx_word' id='word_1_10' title='bbox 1149 379 1188 420; x_wconf 89' lang='grc' dir='ltr'>Ι.</span> 
     </span>
    </p>
   </div>
   <div class='ocr_carea' id='block_1_3' title="bbox 440 505 1285 540">
    <p class='ocr_par' dir='ltr' id='par_1_3' title="bbox 440 505 1285 540">
     <span class='ocr_line' id='line_1_3' title="bbox 440 505 1285 540; baseline -0.008 1"><span class='ocrx_word' id='word_1_11' title='bbox 440 509 718 540; x_wconf 79' lang='lat' dir='ltr'>CHARiNUS.</span> <span class='ocrx_word' id='word_1_12' title='bbox 761 506 1067 538; x_wconf 84' lang='lat' dir='ltr'><strong>PAMPHILUS.</strong></span> <span class='ocrx_word' id='word_1_13' title='bbox 1102 505 1285 535; x_wconf 76' lang='lat' dir='ltr'>DAVUS.</span> 
     </span>
    </p>
   </div>
   <div class='ocr_carea' id='block_1_4' title="bbox 105 579 1227 839">
    <p class='ocr_par' dir='ltr' id='par_1_4' title="bbox 105 579 1227 839">
     <span class='ocr_line' id='line_1_4' title="bbox 132 579 1227 631; baseline -0.006 -5"><span class='ocrx_word' id='word_1_14' title='bbox 132 585 219 626; x_wconf 84' lang='lat' dir='ltr'>CH.</span> <span class='ocrx_word' id='word_1_15' title='bbox 260 583 474 626; x_wconf 73' lang='lat' dir='ltr'>Hoccm’</span> <span class='ocrx_word' id='word_1_16' title='bbox 493 588 564 624; x_wconf 78' lang='lat' dir='ltr'>est</span> <span class='ocrx_word' id='word_1_17' title='bbox 584 582 810 631; x_wconf 71' lang='lat' dir='ltr'>credibile,</span> <span class='ocrx_word' id='word_1_18' title='bbox 834 585 908 623; x_wconf 82' lang='lat' dir='ltr'>aut</span> <span class='ocrx_word' id='word_1_19' title='bbox 927 579 1227 628; x_wconf 78' lang='lat' dir='ltr'>memorabile,</span> 
     </span>
     <span class='ocr_line' id='line_1_5' title="bbox 132 648 1090 709; baseline -0.007 -15"><span class='ocrx_word' id='word_1_20' title='bbox 132 653 277 694; x_wconf 85' lang='lat' dir='ltr'>Tanta</span> <span class='ocrx_word' id='word_1_21' title='bbox 288 651 501 709; x_wconf 44' lang='lat' dir='ltr'>&amp;cordia</span> <span class='ocrx_word' id='word_1_22' title='bbox 521 652 672 692; x_wconf 80' lang='lat' dir='ltr'>innata</span> <span class='ocrx_word' id='word_1_23' title='bbox 692 650 900 703; x_wconf 84' lang='lat' dir='ltr'>cuiquam</span> <span class='ocrx_word' id='word_1_24' title='bbox 919 652 970 689; x_wconf 85' lang='lat' dir='ltr'>ut</span> <span class='ocrx_word' id='word_1_25' title='bbox 991 648 1090 697; x_wconf 84' lang='lat' dir='ltr'>siet,</span> 
     </span>
     <span class='ocr_line' id='line_1_6' title="bbox 105 707 1158 781; baseline -0.008 -19"><span class='ocrx_word' id='word_1_26' title='bbox 105 719 197 776; x_wconf 42' lang='lat' dir='ltr'>‘Et</span> <span class='ocrx_word' id='word_1_27' title='bbox 217 719 349 761; x_wconf 83' lang='lat' dir='ltr'>malis</span> <span class='ocrx_word' id='word_1_28' title='bbox 371 708 605 781; x_wconf 37' lang='lat' dir='ltr'>gau—{eona</span> <span class='ocrx_word' id='word_1_29' title='bbox 629 707 845 770; x_wconf 49' lang='lat' dir='ltr'>atque‘ex</span> <span class='ocrx_word' id='word_1_30' title='bbox 866 714 1158 756; x_wconf 86' lang='lat' dir='ltr'>incommodis</span> 
     </span>
     <span class='ocr_line' id='line_1_7' title="bbox 124 780 1163 839; baseline -0.007 -10"><span class='ocrx_word' id='word_1_31' title='bbox 124 780 330 829; x_wconf 48' lang='lat' dir='ltr'>“Alterius</span> <span class='ocrx_word' id='word_1_32' title='bbox 351 800 433 828; x_wconf 85' lang='lat' dir='ltr'>sua</span> <span class='ocrx_word' id='word_1_33' title='bbox 453 790 500 827; x_wconf 80' lang='lat' dir='ltr'>ut</span> <span class='ocrx_word' id='word_1_34' title='bbox 519 788 774 839; x_wconf 81' lang='lat' dir='ltr'>comparent</span> <span class='ocrx_word' id='word_1_35' title='bbox 794 783 1062 825; x_wconf 63' lang='lat' dir='ltr'>commoda?</span> <span class='ocrx_word' id='word_1_36' title='bbox 1084 782 1163 823; x_wconf 81' lang='lat' dir='ltr'>ah!</span> 
     </span>
    </p>
   </div>
   <div class='ocr_carea' id='block_1_5' title="bbox 132 841 1592 921">
    <p class='ocr_par' dir='ltr' id='par_1_5' title="bbox 132 841 1592 921">
     <span class='ocr_line' id='line_1_8' title="bbox 132 841 1592 921; baseline -0.004 -24"><span class='ocrx_word' id='word_1_37' title='bbox 132 855 244 897; x_wconf 89' lang='lat' dir='ltr'>Idne</span> <span class='ocrx_word' id='word_1_38' title='bbox 265 854 322 896; x_wconf 86' lang='lat' dir='ltr'>&#39;st</span> <span class='ocrx_word' id='word_1_39' title='bbox 340 841 528 896; x_wconf 41' lang='lat' dir='ltr'>vessum&#39;?</span> <span class='ocrx_word' id='word_1_40' title='bbox 551 854 684 894; x_wconf 88' lang='lat' dir='ltr'>immo</span> <span class='ocrx_word' id='word_1_41' title='bbox 699 852 763 921; x_wconf 44' lang='lat' dir='ltr'>Ld-</span> <span class='ocrx_word' id='word_1_42' title='bbox 773 855 841 893; x_wconf 84' lang='lat' dir='ltr'>est</span> <span class='ocrx_word' id='word_1_43' title='bbox 861 864 1001 905; x_wconf 83' lang='lat' dir='ltr'>genus</span> <span class='ocrx_word' id='word_1_44' title='bbox 1022 850 1246 891; x_wconf 87' lang='lat' dir='ltr'>hominum</span> <span class='ocrx_word' id='word_1_45' title='bbox 1268 849 1528 903; x_wconf 83' lang='lat' dir='ltr'>pessimum,</span> <span class='ocrx_word' id='word_1_46' title='bbox 1565 864 1592 891; x_wconf 77' lang='grc' dir='ltr'><em>υ</em></span> 
     </span>
    </p>
   </div>
   <div class='ocr_carea' id='block_1_6' title="bbox 131 918 1331 1054">
    <p class='ocr_par' dir='ltr' id='par_1_6' title="bbox 131 918 1331 1054">
     <span class='ocr_line' id='line_1_9' title="bbox 131 918 1331 988; baseline -0.005 -24"><span class='ocrx_word' id='word_1_47' title='bbox 131 923 186 964; x_wconf 92' lang='lat' dir='ltr'>In</span> <span class='ocrx_word' id='word_1_48' title='bbox 207 922 462 976; x_wconf 81' lang='lat' dir='ltr'>denegando</span> <span class='ocrx_word' id='word_1_49' title='bbox 483 921 619 963; x_wconf 83' lang='lat' dir='ltr'>modo</span> <span class='ocrx_word' id='word_1_50' title='bbox 643 921 741 988; x_wconf 53' lang='lat' dir='ltr'>quis</span> <span class='ocrx_word' id='word_1_51' title='bbox 762 920 908 975; x_wconf 79' lang='lat' dir='ltr'>pudor</span> <span class='ocrx_word' id='word_1_52' title='bbox 928 919 1159 973; x_wconf 74' lang='lat' dir='ltr'>paululum</span> <span class='ocrx_word' id='word_1_53' title='bbox 1181 918 1331 960; x_wconf 78' lang='lat' dir='ltr'>adest:</span> 
     </span>
     <span class='ocr_line' id='line_1_10' title="bbox 131 986 1184 1054; baseline -0.006 -21"><span class='ocrx_word' id='word_1_54' title='bbox 131 992 262 1041; x_wconf 85' lang='lat' dir='ltr'>Post,</span> <span class='ocrx_word' id='word_1_55' title='bbox 280 991 357 1032; x_wconf 90' lang='lat' dir='ltr'>ubi</span> <span class='ocrx_word' id='word_1_56' title='bbox 378 996 555 1054; x_wconf 62' lang='lat' dir='ltr'>teffllj</span> <span class='ocrx_word' id='word_1_57' title='bbox 578 990 802 1044; x_wconf 85' lang='lat' dir='ltr'>promissa</span> <span class='ocrx_word' id='word_1_58' title='bbox 819 992 885 1030; x_wconf 83' lang='lat' dir='ltr'>est</span> <span class='ocrx_word' id='word_1_59' title='bbox 898 988 996 1042; x_wconf 85' lang='lat' dir='ltr'>jam</span> <span class='ocrx_word' id='word_1_60' title='bbox 1016 986 1184 1041; x_wconf 83' lang='lat' dir='ltr'>perfici,</span> 
     </span>
    </p>
   </div>
   <div class='ocr_carea' id='block_1_7' title="bbox 127 1109 1594 1328">
    <p class='ocr_par' dir='ltr' id='par_1_7' title="bbox 127 1109 1594 1328">
     <span class='ocr_line' id='line_1_11' title="bbox 172 1109 1594 1153; baseline -0.008 -6"><span class='ocrx_word' id='word_1_61' title='bbox 172 1116 241 1147; x_wconf 77' lang='lat' dir='ltr'>Cu.</span> <span class='ocrx_word' id='word_1_62' title='bbox 265 1115 374 1146; x_wconf 84' lang='lat' dir='ltr'>Hocne</span> <span class='ocrx_word' id='word_1_63' title='bbox 388 1113 472 1146; x_wconf 79' lang='lat' dir='ltr'>credi</span> <span class='ocrx_word' id='word_1_64' title='bbox 486 1117 542 1146; x_wconf 87' lang='lat' dir='ltr'>aut</span> <span class='ocrx_word' id='word_1_65' title='bbox 557 1112 659 1145; x_wconf 74' lang='lat' dir='ltr'>verbis</span> <span class='ocrx_word' id='word_1_66' title='bbox 672 1113 807 1152; x_wconf 72' lang='lat' dir='ltr'>exprimi</span> <span class='ocrx_word' id='word_1_67' title='bbox 827 1115 943 1153; x_wconf 78' lang='lat' dir='ltr'>potest,</span> <span class='ocrx_word' id='word_1_68' title='bbox 964 1115 999 1143; x_wconf 87' lang='lat' dir='ltr'>ut</span> <span class='ocrx_word' id='word_1_69' title='bbox 1027 1113 1117 1142; x_wconf 78' lang='lat' dir='ltr'>tanta</span> <span class='ocrx_word' id='word_1_70' title='bbox 1142 1109 1267 1142; x_wconf 72' lang='lat' dir='ltr'>vesania</span> <span class='ocrx_word' id='word_1_71' title='bbox 1289 1109 1430 1149; x_wconf 80' lang='lat' dir='ltr'>cuiquam</span> <span class='ocrx_word' id='word_1_72' title='bbox 1445 1119 1464 1138; x_wconf 80' lang='grc' dir='ltr'>(ι</span> <span class='ocrx_word' id='word_1_73' title='bbox 1480 1110 1594 1138; x_wconf 73' lang='lat' dir='ltr'>natura.</span> 
     </span>
     <span class='ocr_line' id='line_1_12' title="bbox 128 1148 1594 1196; baseline -0.004 -8"><span class='ocrx_word' id='word_1_74' title='bbox 128 1157 224 1189; x_wconf 80' lang='lat' dir='ltr'>insita</span> <span class='ocrx_word' id='word_1_75' title='bbox 245 1160 310 1194; x_wconf 84' lang='lat' dir='ltr'>sit‚·</span> <span class='ocrx_word' id='word_1_76' title='bbox 334 1161 369 1188; x_wconf 84' lang='lat' dir='ltr'>ut</span> <span class='ocrx_word' id='word_1_77' title='bbox 398 1157 490 1188; x_wconf 78' lang='lat' dir='ltr'>malis</span> <span class='ocrx_word' id='word_1_78' title='bbox 508 1158 647 1196; x_wconf 78' lang='lat' dir='ltr'>gaudeat</span> <span class='ocrx_word' id='word_1_79' title='bbox 667 1156 810 1194; x_wconf 78' lang='lat' dir='ltr'>aliorum,</span> <span class='ocrx_word' id='word_1_80' title='bbox 833 1159 925 1195; x_wconf 84' lang='lat' dir='ltr'>atque</span> <span class='ocrx_word' id='word_1_81' title='bbox 949 1164 988 1186; x_wconf 83' lang='lat' dir='ltr'>ex</span> <span class='ocrx_word' id='word_1_82' title='bbox 1009 1154 1209 1185; x_wconf 75' lang='lat' dir='ltr'>incommodis</span> <span class='ocrx_word' id='word_1_83' title='bbox 1222 1163 1277 1184; x_wconf 86' lang='lat' dir='ltr'>sua</span> <span class='ocrx_word' id='word_1_84' title='bbox 1292 1153 1395 1192; x_wconf 81' lang='lat' dir='ltr'>capiat</span> <span class='ocrx_word' id='word_1_85' title='bbox 1411 1148 1594 1183; x_wconf 80' lang='lat' dir='ltr'>commoda?</span> 
     </span>
     <span class='ocr_line' id='line_1_13' title="bbox 128 1196 1593 1239; baseline -0.005 -8"><span class='ocrx_word' id='word_1_86' title='bbox 128 1201 193 1239; x_wconf 76' lang='lat' dir='ltr'>Ah,</span> <span class='ocrx_word' id='word_1_87' title='bbox 208 1201 280 1231; x_wconf 77' lang='lat' dir='ltr'>idne</span> <span class='ocrx_word' id='word_1_88' title='bbox 294 1203 338 1231; x_wconf 82' lang='lat' dir='ltr'>est</span> <span class='ocrx_word' id='word_1_89' title='bbox 353 1210 460 1232; x_wconf 84' lang='lat' dir='ltr'>verum</span> <span class='ocrx_word' id='word_1_90' title='bbox 472 1198 488 1231; x_wconf 71' lang='lat'><strong><em>2</em></strong></span> <span class='ocrx_word' id='word_1_91' title='bbox 510 1203 593 1231; x_wconf 83' lang='lat' dir='ltr'>certe</span> <span class='ocrx_word' id='word_1_92' title='bbox 614 1208 713 1238; x_wconf 84' lang='lat' dir='ltr'>genus</span> <span class='ocrx_word' id='word_1_93' title='bbox 734 1199 768 1229; x_wconf 73' lang='lat' dir='ltr'>id</span> <span class='ocrx_word' id='word_1_94' title='bbox 790 1198 946 1229; x_wconf 77' lang='lat' dir='ltr'>hominum</span> <span class='ocrx_word' id='word_1_95' title='bbox 967 1201 1013 1228; x_wconf 85' lang='lat' dir='ltr'>est</span> <span class='ocrx_word' id='word_1_96' title='bbox 1028 1197 1242 1228; x_wconf 83' lang='lat' dir='ltr'>deterrimum.</span> <span class='ocrx_word' id='word_1_97' title='bbox 1287 1196 1324 1227; x_wconf 65' lang='lat' dir='ltr'>Si</span> <span class='ocrx_word' id='word_1_98' title='bbox 1340 1196 1414 1236; x_wconf 82' lang='lat' dir='ltr'>quid</span> <span class='ocrx_word' id='word_1_99' title='bbox 1429 1197 1593 1234; x_wconf 80' lang='lat' dir='ltr'>rogentur,</span> 
     </span>
     <span class='ocr_line' id='line_1_14' title="bbox 128 1237 1591 1282; baseline -0.004 -9"><span class='ocrx_word' id='word_1_100' title='bbox 128 1246 200 1274; x_wconf 81' lang='lat' dir='ltr'>tunc</span> <span class='ocrx_word' id='word_1_101' title='bbox 215 1244 264 1274; x_wconf 69' lang='lat' dir='ltr'>lais</span> <span class='ocrx_word' id='word_1_102' title='bbox 278 1244 489 1275; x_wconf 78' lang='lat' dir='ltr'>tantummodo</span> <span class='ocrx_word' id='word_1_103' title='bbox 504 1243 664 1282; x_wconf 75' lang='lat' dir='ltr'>paululum</span> <span class='ocrx_word' id='word_1_104' title='bbox 675 1242 709 1272; x_wconf 81' lang='lat' dir='ltr'>in</span> <span class='ocrx_word' id='word_1_105' title='bbox 725 1243 903 1281; x_wconf 81' lang='lat' dir='ltr'>denegando</span> <span class='ocrx_word' id='word_1_106' title='bbox 915 1241 1044 1281; x_wconf 81' lang='lat' dir='ltr'>pudoris</span> <span class='ocrx_word' id='word_1_107' title='bbox 1061 1243 1106 1271; x_wconf 83' lang='lat' dir='ltr'>est</span> <span class='ocrx_word' id='word_1_108' title='bbox 1117 1250 1127 1270; x_wconf 88' lang='lat'>.·</span> <span class='ocrx_word' id='word_1_109' title='bbox 1149 1244 1267 1280; x_wconf 81' lang='lat' dir='ltr'>postea,</span> <span class='ocrx_word' id='word_1_110' title='bbox 1281 1239 1334 1269; x_wconf 73' lang='lat' dir='ltr'>ubi</span> <span class='ocrx_word' id='word_1_111' title='bbox 1349 1242 1468 1278; x_wconf 82' lang='lat' dir='ltr'>tempus</span> <span class='ocrx_word' id='word_1_112' title='bbox 1483 1240 1529 1267; x_wconf 84' lang='lat' dir='ltr'>est</span> <span class='ocrx_word' id='word_1_113' title='bbox 1545 1237 1591 1275; x_wconf 81' lang='lat' dir='ltr'>id,</span> 
     </span>
     <span class='ocr_line' id='line_1_15' title="bbox 127 1280 1594 1328; baseline -0.005 -11"><span class='ocrx_word' id='word_1_114' title='bbox 127 1288 206 1326; x_wconf 83' lang='lat' dir='ltr'>quod</span> <span class='ocrx_word' id='word_1_115' title='bbox 219 1287 439 1328; x_wconf 80' lang='lat' dir='ltr'>promiserunt,</span> <span class='ocrx_word' id='word_1_116' title='bbox 453 1286 614 1326; x_wconf 82' lang='lat' dir='ltr'>praestari,</span> <span class='ocrx_word' id='word_1_117' title='bbox 629 1288 704 1317; x_wconf 87' lang='lat' dir='ltr'>tunc</span> <span class='ocrx_word' id='word_1_118' title='bbox 720 1284 892 1316; x_wconf 73' lang='lat' dir='ltr'>necessario</span> <span class='ocrx_word' id='word_1_119' title='bbox 906 1284 1044 1323; x_wconf 26' lang='lat' dir='ltr'>ani-mum</span> <span class='ocrx_word' id='word_1_120' title='bbox 1059 1284 1220 1323; x_wconf 80' lang='lat' dir='ltr'>detegunt,</span> <span class='ocrx_word' id='word_1_121' title='bbox 1239 1283 1378 1313; x_wconf 84' lang='lat' dir='ltr'>audendo</span> <span class='ocrx_word' id='word_1_122' title='bbox 1401 1290 1470 1312; x_wconf 84' lang='lat' dir='ltr'>cum</span> <span class='ocrx_word' id='word_1_123' title='bbox 1483 1280 1594 1311; x_wconf 79' lang='lat' dir='ltr'>timore</span> 
     </span>
    </p>
   </div>
   <div class='ocr_carea' id='block_1_8' title="bbox 740 1377 983 1390">
    <p class='ocr_par' dir='ltr' id='par_1_8' title="bbox 740 1377 983 1390">
     <span class='ocr_line' id='line_1_16' title="bbox 740 1377 983 1390; baseline -0.008 0"><span class='ocrx_word' id='word_1_124' title='bbox 740 1377 839 1390; x_wconf 63' lang='grc' dir='ltr'>ΜΝ</span> <span class='ocrx_word' id='word_1_125' title='bbox 844 1377 983 1389; x_wconf 38' lang='lat' dir='ltr'>“ub“</span> 
     </span>
    </p>
   </div>
   <div class='ocr_carea' id='block_1_9' title="bbox 125 1443 1594 2047">
    <p class='ocr_par' dir='ltr' id='par_1_9' title="bbox 125 1443 1594 2047">
     <span class='ocr_line' id='line_1_17' title="bbox 174 1443 1593 1486; baseline -0.004 -6"><span class='ocrx_word' id='word_1_126' title='bbox 174 1452 191 1481; x_wconf 95' lang='grc'>1</span> <span class='ocrx_word' id='word_1_127' title='bbox 218 1448 265 1480; x_wconf 91' lang='lat' dir='ltr'>Ut</span> <span class='ocrx_word' id='word_1_128' title='bbox 282 1458 398 1479; x_wconf 85' lang='lat' dir='ltr'>versus</span> <span class='ocrx_word' id='word_1_129' title='bbox 416 1451 554 1479; x_wconf 83' lang='lat' dir='ltr'>constet</span> <span class='ocrx_word' id='word_1_130' title='bbox 567 1451 659 1478; x_wconf 75' lang='lat' dir='ltr'>totus</span> <span class='ocrx_word' id='word_1_131' title='bbox 676 1456 695 1478; x_wconf 86' lang='lat' dir='ltr'>e</span> <span class='ocrx_word' id='word_1_132' title='bbox 712 1446 869 1486; x_wconf 72' lang='lat' dir='ltr'>dactylis,</span> <span class='ocrx_word' id='word_1_133' title='bbox 885 1445 954 1486; x_wconf 85' lang='lat' dir='ltr'>legi</span> <span class='ocrx_word' id='word_1_134' title='bbox 971 1445 1073 1476; x_wconf 84' lang='lat' dir='ltr'>debet</span> <span class='ocrx_word' id='word_1_135' title='bbox 1090 1443 1228 1475; x_wconf 78' lang='lat' dir='ltr'>Haecine</span> <span class='ocrx_word' id='word_1_136' title='bbox 1243 1443 1413 1479; x_wconf 73' lang='lat' dir='ltr'>credibile5</span> <span class='ocrx_word' id='word_1_137' title='bbox 1429 1452 1505 1484; x_wconf 85' lang='lat' dir='ltr'>quae</span> <span class='ocrx_word' id='word_1_138' title='bbox 1522 1443 1593 1475; x_wconf 88' lang='lat' dir='ltr'>lec-</span> 
     </span>
     <span class='ocr_line' id='line_1_18' title="bbox 130 1486 1593 1532; baseline -0.002 -11"><span class='ocrx_word' id='word_1_139' title='bbox 130 1492 179 1522; x_wconf 89' lang='lat' dir='ltr'>tio</span> <span class='ocrx_word' id='word_1_140' title='bbox 197 1493 367 1532; x_wconf 78' lang='lat' dir='ltr'>reperitur</span> <span class='ocrx_word' id='word_1_141' title='bbox 394 1491 428 1522; x_wconf 90' lang='lat' dir='ltr'>in</span> <span class='ocrx_word' id='word_1_142' title='bbox 455 1491 534 1522; x_wconf 86' lang='lat' dir='ltr'>cod.</span> <span class='ocrx_word' id='word_1_143' title='bbox 552 1490 759 1521; x_wconf 85' lang='lat' dir='ltr'>Academico</span> <span class='ocrx_word' id='word_1_144' title='bbox 775 1489 946 1520; x_wconf 81' lang='lat' dir='ltr'>Prisciani</span> <span class='ocrx_word' id='word_1_145' title='bbox 961 1491 1035 1519; x_wconf 81' lang='lat'>900.</span> <span class='ocrx_word' id='word_1_146' title='bbox 1052 1497 1230 1519; x_wconf 78' lang='lat' dir='ltr'>annorum.</span> <span class='ocrx_word' id='word_1_147' title='bbox 1253 1488 1351 1518; x_wconf 87' lang='lat' dir='ltr'>Bent.</span> <span class='ocrx_word' id='word_1_148' title='bbox 1374 1487 1432 1518; x_wconf 88' lang='lat' dir='ltr'>Sic</span> <span class='ocrx_word' id='word_1_149' title='bbox 1452 1486 1540 1517; x_wconf 89' lang='lat' dir='ltr'>Gov.</span> <span class='ocrx_word' id='word_1_150' title='bbox 1556 1492 1593 1518; x_wconf 89' lang='lat' dir='ltr'>et</span> 
     </span>
     <span class='ocr_line' id='line_1_19' title="bbox 131 1529 1592 1574; baseline -0.004 -9"><span class='ocrx_word' id='word_1_151' title='bbox 131 1535 300 1566; x_wconf 59' lang='lat' dir='ltr'>Boin-3</span> <span class='ocrx_word' id='word_1_152' title='bbox 327 1535 411 1565; x_wconf 82' lang='lat' dir='ltr'>Mss.</span> <span class='ocrx_word' id='word_1_153' title='bbox 428 1533 579 1574; x_wconf 85' lang='lat' dir='ltr'>quidam,</span> <span class='ocrx_word' id='word_1_154' title='bbox 597 1534 746 1572; x_wconf 78' lang='lat' dir='ltr'>gaudeat.</span> <span class='ocrx_word' id='word_1_155' title='bbox 792 1533 838 1563; x_wconf 86' lang='lat' dir='ltr'>Et</span> <span class='ocrx_word' id='word_1_156' title='bbox 853 1542 947 1571; x_wconf 84' lang='lat' dir='ltr'>mox,</span> <span class='ocrx_word' id='word_1_157' title='bbox 969 1534 1140 1570; x_wconf 82' lang='lat' dir='ltr'>comparet.</span> <span class='ocrx_word' id='word_1_158' title='bbox 1186 1530 1240 1561; x_wconf 90' lang='lat' dir='ltr'>Ita</span> <span class='ocrx_word' id='word_1_159' title='bbox 1256 1535 1291 1561; x_wconf 84' lang='lat' dir='ltr'>et</span> <span class='ocrx_word' id='word_1_160' title='bbox 1309 1529 1493 1562; x_wconf 80' lang='lat' dir='ltr'>cumJunt.</span> <span class='ocrx_word' id='word_1_161' title='bbox 1510 1538 1592 1560; x_wconf 88' lang='lat' dir='ltr'>non-</span> 
     </span>
     <span class='ocr_line' id='line_1_20' title="bbox 127 1573 1590 1615; baseline -0.003 -7"><span class='ocrx_word' id='word_1_162' title='bbox 127 1578 229 1608; x_wconf 77' lang='lat' dir='ltr'>nullae</span> <span class='ocrx_word' id='word_1_163' title='bbox 248 1577 326 1609; x_wconf 74' lang='lat' dir='ltr'>edd.</span> <span class='ocrx_word' id='word_1_164' title='bbox 342 1582 503 1615; x_wconf 79' lang='lat' dir='ltr'>vetustae,</span> <span class='ocrx_word' id='word_1_165' title='bbox 520 1577 625 1607; x_wconf 85' lang='lat' dir='ltr'>etiam</span> <span class='ocrx_word' id='word_1_166' title='bbox 639 1576 718 1606; x_wconf 86' lang='lat' dir='ltr'>anni</span> <span class='ocrx_word' id='word_1_167' title='bbox 734 1578 828 1607; x_wconf 77' lang='grc'><strong>1469.</strong></span> <span class='ocrx_word' id='word_1_168' title='bbox 850 1576 947 1606; x_wconf 83' lang='lat' dir='ltr'>West.</span> <span class='ocrx_word' id='word_1_169' title='bbox 973 1575 1016 1605; x_wconf 85' lang='lat' dir='ltr'>G.</span> <span class='ocrx_word' id='word_1_170' title='bbox 1031 1574 1099 1605; x_wconf 85' lang='lat' dir='ltr'>ET.</span> <span class='ocrx_word' id='word_1_171' title='bbox 1113 1573 1196 1604; x_wconf 87' lang='lat' dir='ltr'>EM.</span> <span class='ocrx_word' id='word_1_172' title='bbox 1211 1574 1349 1612; x_wconf 84' lang='lat' dir='ltr'>gaudeat</span> <span class='ocrx_word' id='word_1_173' title='bbox 1365 1578 1401 1603; x_wconf 89' lang='lat' dir='ltr'>et</span> <span class='ocrx_word' id='word_1_174' title='bbox 1417 1576 1590 1611; x_wconf 83' lang='lat' dir='ltr'>comparet:</span> 
     </span>
     <span class='ocr_line' id='line_1_21' title="bbox 128 1615 1594 1661; baseline -0.003 -11"><span class='ocrx_word' id='word_1_175' title='bbox 128 1630 188 1659; x_wconf 80' lang='lat' dir='ltr'>pro</span> <span class='ocrx_word' id='word_1_176' title='bbox 205 1630 270 1661; x_wconf 84' lang='lat' dir='ltr'>quo</span> <span class='ocrx_word' id='word_1_177' title='bbox 283 1626 396 1651; x_wconf 86' lang='lat' dir='ltr'>tamen</span> <span class='ocrx_word' id='word_1_178' title='bbox 413 1620 447 1650; x_wconf 90' lang='lat' dir='ltr'>in</span> <span class='ocrx_word' id='word_1_179' title='bbox 466 1620 549 1650; x_wconf 84' lang='lat' dir='ltr'>EM.</span> <span class='ocrx_word' id='word_1_180' title='bbox 566 1624 617 1650; x_wconf 84' lang='lat' dir='ltr'>est</span> <span class='ocrx_word' id='word_1_181' title='bbox 632 1622 796 1660; x_wconf 81' lang='lat' dir='ltr'>computet.</span> <span class='ocrx_word' id='word_1_182' title='bbox 815 1618 868 1650; x_wconf 93' lang='lat' dir='ltr'>Id.</span> <span class='ocrx_word' id='word_1_183' title='bbox 884 1618 917 1648; x_wconf 89' lang='lat' dir='ltr'>in</span> <span class='ocrx_word' id='word_1_184' title='bbox 933 1617 1024 1649; x_wconf 79' lang='lat' dir='ltr'>Add,</span> <span class='ocrx_word' id='word_1_185' title='bbox 1040 1617 1186 1648; x_wconf 81' lang='lat' dir='ltr'>Gaudeat</span> <span class='ocrx_word' id='word_1_186' title='bbox 1201 1617 1241 1647; x_wconf 88' lang='lat' dir='ltr'>R.</span> <span class='ocrx_word' id='word_1_187' title='bbox 1253 1616 1348 1647; x_wconf 83' lang='lat' dir='ltr'>Lind.</span> <span class='ocrx_word' id='word_1_188' title='bbox 1374 1616 1436 1646; x_wconf 91' lang='lat' dir='ltr'>Do.</span> <span class='ocrx_word' id='word_1_189' title='bbox 1451 1615 1494 1646; x_wconf 90' lang='lat' dir='ltr'>V.</span> <span class='ocrx_word' id='word_1_190' title='bbox 1510 1615 1594 1646; x_wconf 78' lang='lat' dir='ltr'>Bas.</span> 
     </span>
     <span class='ocr_line' id='line_1_22' title="bbox 129 1658 1593 1701; baseline -0.003 -7"><span class='ocrx_word' id='word_1_191' title='bbox 129 1668 164 1694; x_wconf 89' lang='lat' dir='ltr'>et</span> <span class='ocrx_word' id='word_1_192' title='bbox 194 1672 278 1693; x_wconf 87' lang='lat' dir='ltr'>unus</span> <span class='ocrx_word' id='word_1_193' title='bbox 302 1673 321 1693; x_wconf 87' lang='lat' dir='ltr'>e</span> <span class='ocrx_word' id='word_1_194' title='bbox 348 1663 471 1694; x_wconf 87' lang='lat' dir='ltr'>nostris</span> <span class='ocrx_word' id='word_1_195' title='bbox 487 1662 616 1693; x_wconf 86' lang='lat' dir='ltr'>habent</span> <span class='ocrx_word' id='word_1_196' title='bbox 633 1667 726 1693; x_wconf 80' lang='lat' dir='ltr'>recte</span> <span class='ocrx_word' id='word_1_197' title='bbox 740 1663 910 1701; x_wconf 79' lang='lat' dir='ltr'>gaudeant,</span> <span class='ocrx_word' id='word_1_198' title='bbox 925 1663 1113 1700; x_wconf 83' lang='lat' dir='ltr'>comparent.</span> <span class='ocrx_word' id='word_1_199' title='bbox 1158 1658 1227 1690; x_wconf 89' lang='lat' dir='ltr'>Alii</span> <span class='ocrx_word' id='word_1_200' title='bbox 1252 1660 1402 1699; x_wconf 81' lang='lat' dir='ltr'>gaudeat,</span> <span class='ocrx_word' id='word_1_201' title='bbox 1425 1662 1593 1698; x_wconf 78' lang='lat' dir='ltr'>compa-ret.</span> 
     </span>
     <span class='ocr_line' id='line_1_23' title="bbox 127 1701 1593 1744; baseline -0.003 -7"><span class='ocrx_word' id='word_1_202' title='bbox 127 1706 230 1737; x_wconf 82' lang='lat' dir='ltr'>Bent.</span> <span class='ocrx_word' id='word_1_203' title='bbox 280 1707 447 1737; x_wconf 78' lang='lat' dir='ltr'>Gaudeant</span> <span class='ocrx_word' id='word_1_204' title='bbox 471 1715 512 1736; x_wconf 86' lang='lat' dir='ltr'>ex</span> <span class='ocrx_word' id='word_1_205' title='bbox 530 1705 725 1736; x_wconf 81' lang='lat' dir='ltr'>melioribus</span> <span class='ocrx_word' id='word_1_206' title='bbox 739 1705 836 1736; x_wconf 78' lang='lat' dir='ltr'>libris</span> <span class='ocrx_word' id='word_1_207' title='bbox 852 1703 1035 1744; x_wconf 83' lang='lat' dir='ltr'>legendnm</span> <span class='ocrx_word' id='word_1_208' title='bbox 1054 1703 1272 1743; x_wconf 80' lang='lat' dir='ltr'>progaudeat.</span> <span class='ocrx_word' id='word_1_209' title='bbox 1313 1703 1356 1733; x_wconf 87' lang='lat' dir='ltr'>R.</span> <span class='ocrx_word' id='word_1_210' title='bbox 1372 1703 1419 1733; x_wconf 90' lang='lat' dir='ltr'>D.</span> <span class='ocrx_word' id='word_1_211' title='bbox 1447 1701 1593 1732; x_wconf 78' lang='lat' dir='ltr'>Gaudeat</span> 
     </span>
     <span class='ocr_line' id='line_1_24' title="bbox 127 1744 1593 1788; baseline -0.004 -8"><span class='ocrx_word' id='word_1_212' title='bbox 127 1749 211 1780; x_wconf 87' lang='lat' dir='ltr'>GM.</span> <span class='ocrx_word' id='word_1_213' title='bbox 242 1749 330 1780; x_wconf 81' lang='lat' dir='ltr'>Perl.</span> <span class='ocrx_word' id='word_1_214' title='bbox 357 1749 502 1779; x_wconf 74' lang='lat' dir='ltr'>Gaudeat</span> <span class='ocrx_word' id='word_1_215' title='bbox 527 1744 640 1779; x_wconf 73' lang='lat' dir='ltr'>alienis</span> <span class='ocrx_word' id='word_1_216' title='bbox 664 1751 758 1788; x_wconf 82' lang='lat' dir='ltr'>atque</span> <span class='ocrx_word' id='word_1_217' title='bbox 785 1749 845 1779; x_wconf 62' lang='grc' dir='ltr'>ΒΥ.</span> <span class='ocrx_word' id='word_1_218' title='bbox 874 1748 984 1779; x_wconf 85' lang='lat' dir='ltr'>Notat</span> <span class='ocrx_word' id='word_1_219' title='bbox 999 1747 1134 1777; x_wconf 84' lang='lat' dir='ltr'>Bruns:</span> <span class='ocrx_word' id='word_1_220' title='bbox 1156 1745 1302 1776; x_wconf 80' lang='lat' dir='ltr'>‘Alienis</span> <span class='ocrx_word' id='word_1_221' title='bbox 1319 1744 1593 1785; x_wconf 81' lang='lat' dir='ltr'>superscriptum</span> 
     </span>
     <span class='ocr_line' id='line_1_25' title="bbox 126 1787 1592 1831; baseline -0.003 -9"><span class='ocrx_word' id='word_1_222' title='bbox 126 1801 194 1822; x_wconf 84' lang='lat' dir='ltr'>non</span> <span class='ocrx_word' id='word_1_223' title='bbox 208 1792 328 1831; x_wconf 84' lang='lat' dir='ltr'>literis,</span> <span class='ocrx_word' id='word_1_224' title='bbox 344 1791 464 1831; x_wconf 78' lang='lat' dir='ltr'>quibus</span> <span class='ocrx_word' id='word_1_225' title='bbox 479 1791 600 1831; x_wconf 81' lang='lat' dir='ltr'>glossae</span> <span class='ocrx_word' id='word_1_226' title='bbox 613 1791 748 1822; x_wconf 83' lang='lat' dir='ltr'>exarari</span> <span class='ocrx_word' id='word_1_227' title='bbox 763 1790 954 1831; x_wconf 84' lang='lat' dir='ltr'>solent,sed</span> <span class='ocrx_word' id='word_1_228' title='bbox 969 1787 1241 1829; x_wconf 82' lang='lat' dir='ltr'>majoribus.’—4</span> <span class='ocrx_word' id='word_1_229' title='bbox 1263 1789 1305 1819; x_wconf 90' lang='lat' dir='ltr'>Ut</span> <span class='ocrx_word' id='word_1_230' title='bbox 1317 1790 1470 1827; x_wconf 85' lang='lat' dir='ltr'>comparet</span> <span class='ocrx_word' id='word_1_231' title='bbox 1482 1796 1592 1818; x_wconf 85' lang='lat' dir='ltr'>comm.</span> 
     </span>
     <span class='ocr_line' id='line_1_26' title="bbox 128 1829 1594 1875; baseline -0.003 -10"><span class='ocrx_word' id='word_1_232' title='bbox 128 1836 170 1865; x_wconf 90' lang='lat' dir='ltr'>R.</span> <span class='ocrx_word' id='word_1_233' title='bbox 198 1835 296 1865; x_wconf 81' lang='lat' dir='ltr'>Lind.</span> <span class='ocrx_word' id='word_1_234' title='bbox 343 1835 509 1875; x_wconf 70' lang='lat' dir='ltr'>Compar-et</span> <span class='ocrx_word' id='word_1_235' title='bbox 535 1835 596 1865; x_wconf 74' lang='lat' dir='ltr'>Br-</span> <span class='ocrx_word' id='word_1_236' title='bbox 626 1835 684 1865; x_wconf 77' lang='lat' dir='ltr'>Uti</span> <span class='ocrx_word' id='word_1_237' title='bbox 720 1834 875 1865; x_wconf 86' lang='lat' dir='ltr'>Gov.-—5</span> <span class='ocrx_word' id='word_1_238' title='bbox 901 1832 1004 1864; x_wconf 85' lang='lat' dir='ltr'>Both.</span> <span class='ocrx_word' id='word_1_239' title='bbox 1029 1832 1115 1872; x_wconf 87' lang='lat' dir='ltr'>legit</span> <span class='ocrx_word' id='word_1_240' title='bbox 1139 1832 1218 1862; x_wconf 84' lang='lat' dir='ltr'>Idne</span> <span class='ocrx_word' id='word_1_241' title='bbox 1241 1829 1337 1862; x_wconf 80' lang='lat' dir='ltr'>vero?</span> <span class='ocrx_word' id='word_1_242' title='bbox 1372 1831 1463 1861; x_wconf 81' lang='lat' dir='ltr'>immo</span> <span class='ocrx_word' id='word_1_243' title='bbox 1489 1830 1522 1860; x_wconf 77' lang='lat' dir='ltr'>id</span> <span class='ocrx_word' id='word_1_244' title='bbox 1547 1833 1594 1860; x_wconf 87' lang='lat' dir='ltr'>est</span> 
     </span>
     <span class='ocr_line' id='line_1_27' title="bbox 125 1873 1592 1917; baseline -0.003 -9"><span class='ocrx_word' id='word_1_245' title='bbox 125 1887 300 1916; x_wconf 82' lang='lat' dir='ltr'>pessumum</span> <span class='ocrx_word' id='word_1_246' title='bbox 314 1877 346 1908; x_wconf 83' lang='grc' dir='ltr'>Ιι.</span> <span class='ocrx_word' id='word_1_247' title='bbox 361 1881 463 1916; x_wconf 86' lang='lat' dir='ltr'><strong>g.—6</strong></span> <span class='ocrx_word' id='word_1_248' title='bbox 486 1877 565 1908; x_wconf 88' lang='lat' dir='ltr'>Pet.</span> <span class='ocrx_word' id='word_1_249' title='bbox 583 1881 678 1908; x_wconf 81' lang='lat' dir='ltr'>recte</span> <span class='ocrx_word' id='word_1_250' title='bbox 695 1876 777 1916; x_wconf 82' lang='lat' dir='ltr'>legit</span> <span class='ocrx_word' id='word_1_251' title='bbox 791 1877 927 1917; x_wconf 84' lang='lat' dir='ltr'>paulurn,</span> <span class='ocrx_word' id='word_1_252' title='bbox 945 1881 983 1907; x_wconf 87' lang='lat' dir='ltr'>ut</span> <span class='ocrx_word' id='word_1_253' title='bbox 1000 1876 1149 1906; x_wconf 72' lang='lat' dir='ltr'>creticus</span> <span class='ocrx_word' id='word_1_254' title='bbox 1164 1873 1237 1906; x_wconf 90' lang='lat' dir='ltr'>fiat.</span> <span class='ocrx_word' id='word_1_255' title='bbox 1272 1873 1388 1915; x_wconf 85' lang='lat' dir='ltr'>Atque</span> <span class='ocrx_word' id='word_1_256' title='bbox 1403 1874 1437 1904; x_wconf 82' lang='lat' dir='ltr'>z&#39;n</span> <span class='ocrx_word' id='word_1_257' title='bbox 1455 1882 1592 1913; x_wconf 82' lang='lat' dir='ltr'>appone</span> 
     </span>
     <span class='ocr_line' id='line_1_28' title="bbox 129 1915 1593 1961; baseline -0.003 -11"><span class='ocrx_word' id='word_1_258' title='bbox 129 1920 298 1961; x_wconf 78' lang='lat' dir='ltr'>superiori</span> <span class='ocrx_word' id='word_1_259' title='bbox 312 1920 439 1951; x_wconf 85' lang='lat' dir='ltr'>versui.</span> <span class='ocrx_word' id='word_1_260' title='bbox 461 1920 560 1951; x_wconf 87' lang='lat' dir='ltr'>Bent.</span> <span class='ocrx_word' id='word_1_261' title='bbox 584 1920 624 1950; x_wconf 85' lang='lat' dir='ltr'>In</span> <span class='ocrx_word' id='word_1_262' title='bbox 638 1919 766 1951; x_wconf 80' lang='lat' dir='ltr'>omittit</span> <span class='ocrx_word' id='word_1_263' title='bbox 782 1920 886 1952; x_wconf 85' lang='lat' dir='ltr'>Both.</span> <span class='ocrx_word' id='word_1_264' title='bbox 901 1919 1024 1951; x_wconf 83' lang='lat' dir='ltr'>dividit</span> <span class='ocrx_word' id='word_1_265' title='bbox 1040 1919 1150 1957; x_wconf 77' lang='lat' dir='ltr'>deneg.</span> <span class='ocrx_word' id='word_1_266' title='bbox 1176 1917 1210 1948; x_wconf 79' lang='lat' dir='ltr'>ln</span> <span class='ocrx_word' id='word_1_267' title='bbox 1236 1917 1288 1948; x_wconf 87' lang='lat' dir='ltr'>De</span> <span class='ocrx_word' id='word_1_268' title='bbox 1303 1927 1374 1956; x_wconf 81' lang='lat' dir='ltr'>neg.</span> <span class='ocrx_word' id='word_1_269' title='bbox 1393 1922 1429 1947; x_wconf 88' lang='lat' dir='ltr'>et</span> <span class='ocrx_word' id='word_1_270' title='bbox 1446 1915 1505 1947; x_wconf 84' lang='lat' dir='ltr'>dat</span> <span class='ocrx_word' id='word_1_271' title='bbox 1518 1926 1593 1955; x_wconf 84' lang='lat' dir='ltr'>pau-</span> 
     </span>
     <span class='ocr_line' id='line_1_29' title="bbox 128 1959 1593 2003; baseline -0.003 -10"><span class='ocrx_word' id='word_1_272' title='bbox 128 1964 202 1995; x_wconf 84' lang='lat' dir='ltr'>lum.</span> <span class='ocrx_word' id='word_1_273' title='bbox 246 1963 288 1994; x_wconf 92' lang='lat' dir='ltr'>In</span> <span class='ocrx_word' id='word_1_274' title='bbox 314 1961 382 1993; x_wconf 86' lang='lat' dir='ltr'>fine</span> <span class='ocrx_word' id='word_1_275' title='bbox 406 1963 477 2003; x_wconf 80' lang='lat' dir='ltr'>huj.</span> <span class='ocrx_word' id='word_1_276' title='bbox 504 1973 556 1993; x_wconf 86' lang='lat' dir='ltr'>vs.</span> <span class='ocrx_word' id='word_1_277' title='bbox 583 1967 679 1994; x_wconf 82' lang='lat' dir='ltr'>notat</span> <span class='ocrx_word' id='word_1_278' title='bbox 707 1964 820 2003; x_wconf 81' lang='lat' dir='ltr'>glossa</span> <span class='ocrx_word' id='word_1_279' title='bbox 847 1963 880 1993; x_wconf 87' lang='lat' dir='ltr'>in</span> <span class='ocrx_word' id='word_1_280' title='bbox 898 1963 957 1994; x_wconf 72' lang='grc' dir='ltr'>ΒΓ.</span> <span class='ocrx_word' id='word_1_281' title='bbox 983 1962 1067 1993; x_wconf 89' lang='lat' dir='ltr'>‘Vel</span> <span class='ocrx_word' id='word_1_282' title='bbox 1082 1960 1103 1992; x_wconf 86' lang='lat'>?’</span> <span class='ocrx_word' id='word_1_283' title='bbox 1132 1961 1186 1992; x_wconf 92' lang='lat' dir='ltr'>De</span> <span class='ocrx_word' id='word_1_284' title='bbox 1199 1970 1265 2001; x_wconf 89' lang='lat' dir='ltr'>quo</span> <span class='ocrx_word' id='word_1_285' title='bbox 1282 1961 1330 1991; x_wconf 81' lang='lat' dir='ltr'>ita</span> <span class='ocrx_word' id='word_1_286' title='bbox 1348 1961 1461 1990; x_wconf 80' lang='lat' dir='ltr'>Bruns</span> <span class='ocrx_word' id='word_1_287' title='bbox 1478 1968 1486 1988; x_wconf 91' lang='lat'><strong>:</strong></span> <span class='ocrx_word' id='word_1_288' title='bbox 1512 1959 1593 1990; x_wconf 89' lang='lat' dir='ltr'>Non</span> 
     </span>
     <span class='ocr_line' id='line_1_30' title="bbox 128 2003 1593 2047; baseline -0.003 -10"><span class='ocrx_word' id='word_1_289' title='bbox 128 2006 223 2046; x_wconf 83' lang='lat' dir='ltr'>cepit</span> <span class='ocrx_word' id='word_1_290' title='bbox 235 2010 385 2037; x_wconf 83' lang='lat' dir='ltr'>mentem</span> <span class='ocrx_word' id='word_1_291' title='bbox 402 2005 539 2046; x_wconf 75' lang='lat' dir='ltr'>Poe&#39;tae,</span> <span class='ocrx_word' id='word_1_292' title='bbox 555 2006 614 2047; x_wconf 90' lang='lat' dir='ltr'>qui</span> <span class='ocrx_word' id='word_1_293' title='bbox 630 2006 898 2046; x_wconf 83' lang='lat' dir='ltr'>interrogat.—7</span> <span class='ocrx_word' id='word_1_294' title='bbox 923 2005 1069 2047; x_wconf 87' lang='lat' dir='ltr'>Antiqui</span> <span class='ocrx_word' id='word_1_295' title='bbox 1085 2004 1176 2045; x_wconf 85' lang='lat' dir='ltr'>libri,</span> <span class='ocrx_word' id='word_1_296' title='bbox 1192 2013 1271 2035; x_wconf 88' lang='lat' dir='ltr'>cum</span> <span class='ocrx_word' id='word_1_297' title='bbox 1289 2003 1411 2045; x_wconf 86' lang='lat' dir='ltr'>quibus</span> <span class='ocrx_word' id='word_1_298' title='bbox 1427 2003 1500 2035; x_wconf 75' lang='lat' dir='ltr'>Do.</span> <span class='ocrx_word' id='word_1_299' title='bbox 1514 2010 1593 2033; x_wconf 81' lang='lat' dir='ltr'>con-</span> 
     </span>
    </p>
   </div>
   <div class='ocr_carea' id='block_1_10' title="bbox 785 2102 931 2134">
    <p class='ocr_par' dir='ltr' id='par_1_10' title="bbox 785 2102 931 2134">
     <span class='ocr_line' id='line_1_31' title="bbox 785 2102 931 2134; baseline -0.007 0"><span class='ocrx_word' id='word_1_300' title='bbox 785 2102 931 2134; x_wconf 82' lang='lat' dir='ltr'>NOTAE</span> 
     </span>
    </p>
   </div>
   <div class='ocr_carea' id='block_1_11' title="bbox 122 2172 833 2822">
    <p class='ocr_par' dir='ltr' id='par_1_11' title="bbox 122 2172 833 2822">
     <span class='ocr_line' id='line_1_32' title="bbox 170 2172 831 2213; baseline 0 -10"><span class='ocrx_word' id='word_1_301' title='bbox 170 2175 189 2203; x_wconf 78' lang='lat'><strong>3</strong></span> <span class='ocrx_word' id='word_1_302' title='bbox 216 2173 258 2204; x_wconf 77' lang='lat' dir='ltr'>Ut</span> <span class='ocrx_word' id='word_1_303' title='bbox 285 2172 375 2204; x_wconf 86' lang='lat' dir='ltr'>malis</span> <span class='ocrx_word' id='word_1_304' title='bbox 396 2172 572 2213; x_wconf 78' lang='lat' dir='ltr'>gaudeant]</span> <span class='ocrx_word' id='word_1_305' title='bbox 598 2172 679 2213; x_wconf 86' lang='lat' dir='ltr'>Alii,</span> <span class='ocrx_word' id='word_1_306' title='bbox 694 2174 831 2212; x_wconf 74' lang='lat' dir='ltr'>gaudeat</span> 
     </span>
     <span class='ocr_line' id='line_1_33' title="bbox 127 2223 832 2264; baseline -0.001 -10"><span class='ocrx_word' id='word_1_307' title='bbox 127 2225 257 2264; x_wconf 83' lang='lat' dir='ltr'>legunt.</span> <span class='ocrx_word' id='word_1_308' title='bbox 300 2223 336 2254; x_wconf 89' lang='lat' dir='ltr'>Si</span> <span class='ocrx_word' id='word_1_309' title='bbox 356 2225 513 2262; x_wconf 82' lang='lat' dir='ltr'>gaudeant</span> <span class='ocrx_word' id='word_1_310' title='bbox 535 2224 644 2264; x_wconf 79' lang='lat' dir='ltr'>legas,</span> <span class='ocrx_word' id='word_1_311' title='bbox 667 2233 744 2254; x_wconf 85' lang='lat' dir='ltr'>cum</span> <span class='ocrx_word' id='word_1_312' title='bbox 767 2224 832 2254; x_wconf 88' lang='lat' dir='ltr'>Te-</span> 
     </span>
     <span class='ocr_line' id='line_1_34' title="bbox 128 2273 831 2315; baseline -0.003 -10"><span class='ocrx_word' id='word_1_313' title='bbox 128 2274 257 2305; x_wconf 80' lang='lat' dir='ltr'>rentius</span> <span class='ocrx_word' id='word_1_314' title='bbox 277 2274 419 2305; x_wconf 79' lang='lat' dir='ltr'>dixisset</span> <span class='ocrx_word' id='word_1_315' title='bbox 438 2275 446 2290; x_wconf 87' lang='lat'>‘</span> <span class='ocrx_word' id='word_1_316' title='bbox 464 2273 645 2315; x_wconf 79' lang='lat' dir='ltr'>cuiquam,&#39;</span> <span class='ocrx_word' id='word_1_317' title='bbox 670 2283 831 2304; x_wconf 85' lang='lat' dir='ltr'>numerus</span> 
     </span>
     <span class='ocr_line' id='line_1_35' title="bbox 127 2324 831 2366; baseline -0.001 -10"><span class='ocrx_word' id='word_1_318' title='bbox 127 2325 194 2356; x_wconf 78' lang='lat' dir='ltr'>erit</span> <span class='ocrx_word' id='word_1_319' title='bbox 220 2325 359 2365; x_wconf 79' lang='lat' dir='ltr'>pluralis</span> <span class='ocrx_word' id='word_1_320' title='bbox 391 2334 454 2365; x_wconf 83' lang='lat' dir='ltr'>pro</span> <span class='ocrx_word' id='word_1_321' title='bbox 481 2325 663 2366; x_wconf 78' lang='lat' dir='ltr'>singulari:</span> <span class='ocrx_word' id='word_1_322' title='bbox 689 2329 727 2355; x_wconf 88' lang='lat' dir='ltr'>nt</span> <span class='ocrx_word' id='word_1_323' title='bbox 751 2324 831 2355; x_wconf 86' lang='lat' dir='ltr'>alibi</span> 
     </span>
     <span class='ocr_line' id='line_1_36' title="bbox 126 2375 832 2417; baseline 0.001 -12"><span class='ocrx_word' id='word_1_324' title='bbox 126 2375 215 2406; x_wconf 82' lang='lat' dir='ltr'>idem</span> <span class='ocrx_word' id='word_1_325' title='bbox 241 2375 371 2406; x_wconf 66' lang='lat' dir='ltr'>Poeta:</span> <span class='ocrx_word' id='word_1_326' title='bbox 394 2376 404 2392; x_wconf 85' lang='lat'>‘</span> <span class='ocrx_word' id='word_1_327' title='bbox 421 2376 456 2407; x_wconf 92' lang='lat' dir='ltr'>Si</span> <span class='ocrx_word' id='word_1_328' title='bbox 479 2376 656 2417; x_wconf 82' lang='lat' dir='ltr'>quisquam</span> <span class='ocrx_word' id='word_1_329' title='bbox 683 2381 749 2414; x_wconf 86' lang='lat' dir='ltr'>est,</span> <span class='ocrx_word' id='word_1_330' title='bbox 774 2376 832 2416; x_wconf 82' lang='lat' dir='ltr'>qui</span> 
     </span>
     <span class='ocr_line' id='line_1_37' title="bbox 122 2427 832 2467; baseline 0 -10"><span class='ocrx_word' id='word_1_331' title='bbox 122 2428 246 2467; x_wconf 80' lang='lat' dir='ltr'>placere</span> <span class='ocrx_word' id='word_1_332' title='bbox 273 2436 306 2457; x_wconf 88' lang='lat' dir='ltr'>se</span> <span class='ocrx_word' id='word_1_333' title='bbox 335 2428 459 2458; x_wconf 77' lang='lat' dir='ltr'>studeat</span> <span class='ocrx_word' id='word_1_334' title='bbox 487 2427 588 2458; x_wconf 89' lang='lat' dir='ltr'>bonis</span> <span class='ocrx_word' id='word_1_335' title='bbox 613 2427 832 2467; x_wconf 78' lang='lat' dir='ltr'>Quampluri-</span> 
     </span>
     <span class='ocr_line' id='line_1_38' title="bbox 127 2477 831 2517; baseline 0 -9"><span class='ocrx_word' id='word_1_336' title='bbox 127 2478 201 2517; x_wconf 79' lang='lat' dir='ltr'>niis,</span> <span class='ocrx_word' id='word_1_337' title='bbox 227 2482 262 2508; x_wconf 91' lang='lat' dir='ltr'>et</span> <span class='ocrx_word' id='word_1_338' title='bbox 290 2477 427 2508; x_wconf 83' lang='lat' dir='ltr'>minime</span> <span class='ocrx_word' id='word_1_339' title='bbox 459 2479 582 2508; x_wconf 86' lang='lat' dir='ltr'>multos</span> <span class='ocrx_word' id='word_1_340' title='bbox 610 2478 760 2509; x_wconf 62' lang='lat' dir='ltr'>laudere:</span> <span class='ocrx_word' id='word_1_341' title='bbox 790 2478 831 2508; x_wconf 89' lang='lat' dir='ltr'>In</span> 
     </span>
     <span class='ocr_line' id='line_1_39' title="bbox 125 2527 833 2568; baseline 0.001 -10"><span class='ocrx_word' id='word_1_342' title='bbox 125 2528 177 2560; x_wconf 85' lang='lat' dir='ltr'>his</span> <span class='ocrx_word' id='word_1_343' title='bbox 207 2527 319 2559; x_wconf 72' lang='lat' dir='ltr'>Poc’jta</span> <span class='ocrx_word' id='word_1_344' title='bbox 347 2537 469 2558; x_wconf 88' lang='lat' dir='ltr'>nomen</span> <span class='ocrx_word' id='word_1_345' title='bbox 499 2527 681 2568; x_wconf 80' lang='lat' dir='ltr'>profitetur</span> <span class='ocrx_word' id='word_1_346' title='bbox 711 2527 833 2559; x_wconf 71' lang='lat' dir='ltr'>snum.5</span> 
     </span>
     <span class='ocr_line' id='line_1_40' title="bbox 125 2578 828 2611; baseline 0.001 -2"><span class='ocrx_word' id='word_1_347' title='bbox 125 2578 182 2609; x_wconf 84' lang='lat' dir='ltr'>Sic</span> <span class='ocrx_word' id='word_1_348' title='bbox 210 2578 325 2610; x_wconf 81' lang='lat' dir='ltr'>Plaut.</span> <span class='ocrx_word' id='word_1_349' title='bbox 349 2578 383 2609; x_wconf 88' lang='lat' dir='ltr'>in</span> <span class='ocrx_word' id='word_1_350' title='bbox 410 2579 548 2610; x_wconf 79' lang='lat' dir='ltr'>Curcul.</span> <span class='ocrx_word' id='word_1_351' title='bbox 572 2578 653 2611; x_wconf 84' lang='lat' dir='ltr'>Act.</span> <span class='ocrx_word' id='word_1_352' title='bbox 677 2588 701 2610; x_wconf 79' lang='grc' dir='ltr'>Ι.</span> <span class='ocrx_word' id='word_1_353' title='bbox 723 2579 778 2610; x_wconf 84' lang='lat' dir='ltr'>Sc.</span> <span class='ocrx_word' id='word_1_354' title='bbox 796 2583 828 2610; x_wconf 87' lang='lat'>5.</span> 
     </span>
     <span class='ocr_line' id='line_1_41' title="bbox 127 2628 828 2670; baseline -0.001 -10"><span class='ocrx_word' id='word_1_355' title='bbox 127 2633 135 2646; x_wconf 88' lang='lat'>‘</span> <span class='ocrx_word' id='word_1_356' title='bbox 153 2628 222 2660; x_wconf 83' lang='lat' dir='ltr'>Sua</span> <span class='ocrx_word' id='word_1_357' title='bbox 247 2629 388 2670; x_wconf 81' lang='lat' dir='ltr'>quisque</span> <span class='ocrx_word' id='word_1_358' title='bbox 420 2628 582 2667; x_wconf 82' lang='lat' dir='ltr'>habeant,</span> <span class='ocrx_word' id='word_1_359' title='bbox 610 2628 699 2669; x_wconf 84' lang='lat' dir='ltr'>qnod</span> <span class='ocrx_word' id='word_1_360' title='bbox 732 2638 828 2659; x_wconf 74' lang='lat' dir='ltr'>suum</span> 
     </span>
     <span class='ocr_line' id='line_1_42' title="bbox 127 2680 829 2721; baseline 0.001 -11"><span class='ocrx_word' id='word_1_361' title='bbox 127 2680 202 2712; x_wconf 87' lang='lat' dir='ltr'>est.&#39;</span> <span class='ocrx_word' id='word_1_362' title='bbox 235 2680 329 2719; x_wconf 67' lang='lat' dir='ltr'>Virg.</span> <span class='ocrx_word' id='word_1_363' title='bbox 371 2680 381 2696; x_wconf 87' lang='lat'>‘</span> <span class='ocrx_word' id='word_1_364' title='bbox 399 2680 549 2721; x_wconf 77' lang='lat' dir='ltr'>Quisque</span> <span class='ocrx_word' id='word_1_365' title='bbox 576 2689 655 2710; x_wconf 79' lang='lat' dir='ltr'>suos</span> <span class='ocrx_word' id='word_1_366' title='bbox 682 2681 829 2721; x_wconf 77' lang='lat' dir='ltr'>patimur</span> 
     </span>
     <span class='ocr_line' id='line_1_43' title="bbox 126 2729 828 2771; baseline 0.003 -11"><span class='ocrx_word' id='word_1_367' title='bbox 126 2729 265 2762; x_wconf 56' lang='lat' dir='ltr'>manes!</span> <span class='ocrx_word' id='word_1_368' title='bbox 301 2731 431 2762; x_wconf 82' lang='lat' dir='ltr'>Iterum</span> <span class='ocrx_word' id='word_1_369' title='bbox 456 2731 570 2762; x_wconf 72' lang='lat' dir='ltr'>Plani.</span> <span class='ocrx_word' id='word_1_370' title='bbox 598 2731 631 2762; x_wconf 88' lang='lat' dir='ltr'>in</span> <span class='ocrx_word' id='word_1_371' title='bbox 655 2731 828 2771; x_wconf 73' lang='lat' dir='ltr'>Captivis:</span> 
     </span>
     <span class='ocr_line' id='line_1_44' title="bbox 126 2780 831 2822; baseline 0.004 -11"><span class='ocrx_word' id='word_1_372' title='bbox 126 2785 134 2797; x_wconf 83' lang='lat'><strong>⁴</strong></span> <span class='ocrx_word' id='word_1_373' title='bbox 156 2780 223 2812; x_wconf 84' lang='lat' dir='ltr'>Ubi</span> <span class='ocrx_word' id='word_1_374' title='bbox 251 2780 392 2822; x_wconf 84' lang='lat' dir='ltr'>quisque</span> <span class='ocrx_word' id='word_1_375' title='bbox 414 2781 542 2818; x_wconf 79' lang='lat' dir='ltr'>vident,</span> <span class='ocrx_word' id='word_1_376' title='bbox 561 2787 640 2814; x_wconf 81' lang='lat' dir='ltr'>cunt</span> <span class='ocrx_word' id='word_1_377' title='bbox 660 2782 792 2814; x_wconf 79' lang='lat' dir='ltr'>obviam</span> <span class='ocrx_word' id='word_1_378' title='bbox 810 2782 831 2813; x_wconf 89' lang='lat'>·.‘</span> 
     </span>
    </p>
   </div>
   <div class='ocr_carea' id='block_1_12' title="bbox 884 2169 1594 2772">
    <p class='ocr_par' dir='ltr' id='par_1_12' title="bbox 888 2169 1594 2263">
     <span class='ocr_line' id='line_1_45' title="bbox 888 2169 1594 2211; baseline -0.004 -8"><span class='ocrx_word' id='word_1_379' title='bbox 888 2176 967 2203; x_wconf 86' lang='lat' dir='ltr'>sunt</span> <span class='ocrx_word' id='word_1_380' title='bbox 995 2170 1084 2202; x_wconf 85' lang='lat' dir='ltr'>enim</span> <span class='ocrx_word' id='word_1_381' title='bbox 1113 2170 1213 2211; x_wconf 83' lang='lat' dir='ltr'>signa</span> <span class='ocrx_word' id='word_1_382' title='bbox 1244 2169 1453 2201; x_wconf 86' lang='lat' dir='ltr'>universalia</span> <span class='ocrx_word' id='word_1_383' title='bbox 1481 2169 1594 2211; x_wconf 77' lang='lat' dir='ltr'>‘quIS-</span> 
     </span>
     <span class='ocr_line' id='line_1_46' title="bbox 888 2220 1485 2263; baseline 0 -11"><span class='ocrx_word' id='word_1_384' title='bbox 888 2221 978 2263; x_wconf 88' lang='lat' dir='ltr'>que,’</span> <span class='ocrx_word' id='word_1_385' title='bbox 995 2222 1003 2238; x_wconf 90' lang='lat'>‘</span> <span class='ocrx_word' id='word_1_386' title='bbox 1019 2220 1220 2262; x_wconf 79' lang='lat' dir='ltr'>quisquani,&#39;</span> <span class='ocrx_word' id='word_1_387' title='bbox 1231 2220 1241 2238; x_wconf 84' lang='lat'>‘</span> <span class='ocrx_word' id='word_1_388' title='bbox 1256 2220 1485 2262; x_wconf 62' lang='lat' dir='ltr'>quicumque!</span> 
     </span>
    </p>

    <p class='ocr_par' dir='ltr' id='par_1_13' title="bbox 884 2271 1594 2772">
     <span class='ocr_line' id='line_1_47' title="bbox 929 2271 1592 2311; baseline -0.002 -8"><span class='ocrx_word' id='word_1_389' title='bbox 929 2275 949 2303; x_wconf 84' lang='lat' dir='ltr'>G</span> <span class='ocrx_word' id='word_1_390' title='bbox 973 2273 1166 2311; x_wconf 79' lang='lat' dir='ltr'>Denegando</span> <span class='ocrx_word' id='word_1_391' title='bbox 1189 2272 1276 2302; x_wconf 86' lang='lat' dir='ltr'>modo</span> <span class='ocrx_word' id='word_1_392' title='bbox 1296 2271 1364 2311; x_wconf 85' lang='lat' dir='ltr'>quis</span> <span class='ocrx_word' id='word_1_393' title='bbox 1387 2272 1487 2311; x_wconf 80' lang='lat' dir='ltr'>pudor</span> <span class='ocrx_word' id='word_1_394' title='bbox 1505 2281 1537 2311; x_wconf 88' lang='lat' dir='ltr'>p.</span> <span class='ocrx_word' id='word_1_395' title='bbox 1561 2281 1592 2302; x_wconf 75' lang='grc' dir='ltr'>ιι.</span> 
     </span>
     <span class='ocr_line' id='line_1_48' title="bbox 887 2323 1591 2364; baseline -0.001 -10"><span class='ocrx_word' id='word_1_396' title='bbox 887 2324 947 2364; x_wconf 85' lang='lat' dir='ltr'>[est</span> <span class='ocrx_word' id='word_1_397' title='bbox 961 2323 1136 2364; x_wconf 78' lang='lat' dir='ltr'>paululum]</span> <span class='ocrx_word' id='word_1_398' title='bbox 1172 2324 1266 2354; x_wconf 89' lang='lat' dir='ltr'>Don.</span> <span class='ocrx_word' id='word_1_399' title='bbox 1289 2323 1374 2363; x_wconf 83' lang='lat' dir='ltr'>queis</span> <span class='ocrx_word' id='word_1_400' title='bbox 1392 2324 1494 2362; x_wconf 82' lang='lat' dir='ltr'>pudor</span> <span class='ocrx_word' id='word_1_401' title='bbox 1513 2332 1591 2362; x_wconf 79' lang='lat' dir='ltr'>pau—</span> 
     </span>
     <span class='ocr_line' id='line_1_49' title="bbox 886 2373 1594 2405; baseline -0.001 -1"><span class='ocrx_word' id='word_1_402' title='bbox 886 2375 982 2404; x_wconf 81' lang='lat' dir='ltr'>lulum</span> <span class='ocrx_word' id='word_1_403' title='bbox 997 2374 1094 2404; x_wconf 76' lang='lat' dir='ltr'>adest.</span> <span class='ocrx_word' id='word_1_404' title='bbox 1139 2374 1185 2404; x_wconf 83' lang='lat' dir='ltr'>Et</span> <span class='ocrx_word' id='word_1_405' title='bbox 1204 2373 1260 2404; x_wconf 89' lang='lat' dir='ltr'>hic</span> <span class='ocrx_word' id='word_1_406' title='bbox 1277 2377 1328 2404; x_wconf 84' lang='lat' dir='ltr'>est</span> <span class='ocrx_word' id='word_1_407' title='bbox 1344 2382 1484 2403; x_wconf 85' lang='lat' dir='ltr'>sensns:</span> <span class='ocrx_word' id='word_1_408' title='bbox 1511 2373 1594 2405; x_wconf 79' lang='lat' dir='ltr'>Qui-</span> 
     </span>
     <span class='ocr_line' id='line_1_50' title="bbox 887 2423 1594 2465; baseline -0.004 -9"><span class='ocrx_word' id='word_1_409' title='bbox 887 2425 950 2456; x_wconf 81' lang='lat' dir='ltr'>bus</span> <span class='ocrx_word' id='word_1_410' title='bbox 968 2425 1077 2465; x_wconf 83' lang='lat' dir='ltr'>pudor</span> <span class='ocrx_word' id='word_1_411' title='bbox 1094 2424 1303 2455; x_wconf 87' lang='lat' dir='ltr'>solummodo</span> <span class='ocrx_word' id='word_1_412' title='bbox 1321 2423 1419 2454; x_wconf 86' lang='lat' dir='ltr'>adest</span> <span class='ocrx_word' id='word_1_413' title='bbox 1434 2423 1467 2454; x_wconf 90' lang='lat' dir='ltr'>in</span> <span class='ocrx_word' id='word_1_414' title='bbox 1490 2423 1594 2454; x_wconf 81' lang='lat' dir='ltr'>dene-</span> 
     </span>
     <span class='ocr_line' id='line_1_51' title="bbox 888 2474 1593 2517; baseline -0.001 -11"><span class='ocrx_word' id='word_1_415' title='bbox 888 2475 999 2516; x_wconf 80' lang='lat' dir='ltr'>gando</span> <span class='ocrx_word' id='word_1_416' title='bbox 1017 2485 1071 2515; x_wconf 90' lang='lat' dir='ltr'>ea,</span> <span class='ocrx_word' id='word_1_417' title='bbox 1088 2485 1162 2517; x_wconf 78' lang='lat' dir='ltr'>quae</span> <span class='ocrx_word' id='word_1_418' title='bbox 1177 2474 1219 2505; x_wconf 82' lang='lat' dir='ltr'>ab</span> <span class='ocrx_word' id='word_1_419' title='bbox 1233 2474 1283 2505; x_wconf 88' lang='lat' dir='ltr'>his</span> <span class='ocrx_word' id='word_1_420' title='bbox 1296 2479 1481 2515; x_wconf 79' lang='lat' dir='ltr'>petuntur:</span> <span class='ocrx_word' id='word_1_421' title='bbox 1500 2478 1593 2514; x_wconf 83' lang='lat' dir='ltr'>post·-</span> 
     </span>
     <span class='ocr_line' id='line_1_52' title="bbox 887 2526 1594 2569; baseline -0.003 -11"><span class='ocrx_word' id='word_1_422' title='bbox 887 2537 986 2569; x_wconf 82' lang='lat' dir='ltr'>quam</span> <span class='ocrx_word' id='word_1_423' title='bbox 1017 2526 1160 2568; x_wconf 78' lang='lat' dir='ltr'>polliciti</span> <span class='ocrx_word' id='word_1_424' title='bbox 1187 2530 1279 2565; x_wconf 81' lang='lat' dir='ltr'>sunt,</span> <span class='ocrx_word' id='word_1_425' title='bbox 1307 2531 1342 2557; x_wconf 90' lang='lat' dir='ltr'>et</span> <span class='ocrx_word' id='word_1_426' title='bbox 1373 2531 1509 2565; x_wconf 85' lang='lat' dir='ltr'>tempus</span> <span class='ocrx_word' id='word_1_427' title='bbox 1539 2528 1594 2556; x_wconf 82' lang='lat' dir='ltr'>est</span> 
     </span>
     <span class='ocr_line' id='line_1_53' title="bbox 887 2577 1591 2620; baseline -0.004 -11"><span class='ocrx_word' id='word_1_428' title='bbox 887 2579 1052 2620; x_wconf 77' lang='lat' dir='ltr'>promissa</span> <span class='ocrx_word' id='word_1_429' title='bbox 1069 2577 1200 2619; x_wconf 80' lang='lat' dir='ltr'>perfici,</span> <span class='ocrx_word' id='word_1_430' title='bbox 1226 2582 1307 2608; x_wconf 85' lang='lat' dir='ltr'>tunc</span> <span class='ocrx_word' id='word_1_431' title='bbox 1332 2577 1526 2607; x_wconf 78' lang='lat' dir='ltr'>necessario</span> <span class='ocrx_word' id='word_1_432' title='bbox 1554 2584 1591 2606; x_wconf 89' lang='lat' dir='ltr'>se</span> 
     </span>
     <span class='ocr_line' id='line_1_54' title="bbox 884 2627 1591 2671; baseline -0.007 -10"><span class='ocrx_word' id='word_1_433' title='bbox 884 2631 1058 2671; x_wconf 79' lang='lat' dir='ltr'>aperiunt,</span> <span class='ocrx_word' id='word_1_434' title='bbox 1096 2628 1215 2660; x_wconf 88' lang='lat' dir='ltr'>timide</span> <span class='ocrx_word' id='word_1_435' title='bbox 1247 2632 1387 2659; x_wconf 83' lang='lat' dir='ltr'>tamen:</span> <span class='ocrx_word' id='word_1_436' title='bbox 1427 2627 1487 2658; x_wconf 80' lang='lat' dir='ltr'>sed</span> <span class='ocrx_word' id='word_1_437' title='bbox 1524 2636 1591 2663; x_wconf 78' lang='lat' dir='ltr'>res,</span> 
     </span>
     <span class='ocr_line' id='line_1_55' title="bbox 887 2678 1592 2723; baseline -0.004 -12"><span class='ocrx_word' id='word_1_438' title='bbox 887 2691 983 2723; x_wconf 80' lang='lat' dir='ltr'>quam</span> <span class='ocrx_word' id='word_1_439' title='bbox 1011 2680 1210 2722; x_wconf 76' lang='lat' dir='ltr'>promissam</span> <span class='ocrx_word' id='word_1_440' title='bbox 1231 2679 1314 2711; x_wconf 81' lang='lat' dir='ltr'>dare</span> <span class='ocrx_word' id='word_1_441' title='bbox 1339 2680 1474 2719; x_wconf 86' lang='lat' dir='ltr'>nolunt,</span> <span class='ocrx_word' id='word_1_442' title='bbox 1500 2678 1592 2718; x_wconf 82' lang='lat' dir='ltr'>cogit</span> 
     </span>
     <span class='ocr_line' id='line_1_56' title="bbox 887 2730 1251 2772; baseline -0.005 -9"><span class='ocrx_word' id='word_1_443' title='bbox 887 2742 945 2763; x_wconf 80' lang='lat' dir='ltr'>eos</span> <span class='ocrx_word' id='word_1_444' title='bbox 963 2732 1049 2763; x_wconf 77' lang='lat' dir='ltr'>lianc</span> <span class='ocrx_word' id='word_1_445' title='bbox 1066 2730 1251 2772; x_wconf 76' lang='lat' dir='ltr'>denegare.</span> 
     </span>
    </p>
   </div>
  </div>
 </body>
</html>
