1945 3296
326 223 381 263 4ss
679 233 742 262 DE
775 231 1048 263 TRAGOED1A
1088 230 1144 259 ur
1177 230 1429 261 COMcnmA.

328 339 432 377 saepe
463 327 512 364 ab
550 326 735 364 historica
771 325 849 364 fide
886 325 1042 377 petitur.
1100 324 1247 362 Latinae
1284 324 1445 363 Fabulae
1475 325 1598 376 primo
1629 337 1652 362 a
1673 324 1807 364 Livio>

326 390 551 429 Andronico
572 391 726 442 scriptae
742 397 845 436 sunt,
867 389 979 435 adeo,
991 395 1035 426 ut
1047 388 1095 426 ad
1109 388 1180 426 has
1195 401 1256 426 res
1268 389 1382 427 etiam
1396 396 1477 427 tum
1491 395 1665 426 recentes
1678 388 1781 426 idem

326 461 364 491 et
375 456 491 505 po'e'ta
510 461 550 492 et
569 461 676 492 actor
697 453 930 492 Fabularum
952 466 1107 490 suarum
1124 453 1274 491 suisset.
1318 452 1531 491 Comoediae
1552 459 1681 491 autem
1697 464 1781 490 mo-

324 518 433 555 toriae
455 525 558 566 sunt,
575 524 641 555 aut
655 517 840 564 statariae,
855 516 1073 554 autmistae.
1105 517 1298 563 Motoriae‚
1313 516 1547 555 turbulentae
1563 529 1572 554 ε
1595 515 1780 561 statariae,

326 581 532 632 quietiores
547 593 557 617 t
579 581 718 627 mistae,
734 593 781 618 ex
793 587 957 631 utroque
974 587 1062 617 actu
1080 581 1353 619 consistentes.
1385 580 1589 618 Comoedia
1604 592 1672 632 per
1684 591 1781 630 qua-

326 652 413 684 tuor
431 652 560 696 partes
585 644 789 687 dividitur;
820 643 1039 694 prologum,
1071 644 1259 695 protasin,
1279 644 1458 696 epitasin,
1491 642 1781 694 catastrophen.

327 707 518 759 Prologus
553 718 614 746 est
645 707 753 746 velut
782 707 960 758 praefatio
992 707 1175 757 quaedam
1208 708 1378 745 fabulae:
1409 706 1447 744 in
1469 719 1547 757 quo
1582 705 1667 744 solo
1692 705 1783 743 licet

326 779 466 822 praeter
487 778 756 823 argumentum
791 770 936 822 aliquid
971 771 1021 808 ad
1058 770 1259 821 populum,
1297 770 1358 808 vel
1387 783 1434 808 ex
1467 771 1612 820 po'etae,
1642 769 1704 807 vel
1735 781 1783 806 ex

327 834 448 886 ipsius
482 835 639 880 fabulae,
668 835 796 872 velex
829 834 970 872 actoris
998 833 1217 881 commodo,
1250 834 1370 885 loqui.
1432 833 1607 871 Protasis
1637 833 1782 884 primus

327 903 387 936 e‘st
418 905 542 945 actus,
576 898 803 948 initiumque
836 897 1036 936 dramatis.
1113 898 1283 948 Epitasis
1313 900 1593 938 incrementum
1625 909 1784 950 proces-

328 974 472 1013 susque
492 963 711 1000 turbarum:
744 975 788 1000 ac
810 962 943 1007 totius,
965 968 1010 1000 ut
1032 963 1086 1000 ita
1105 961 1281 1010 dixerim,
1312 971 1442 1002 motus
1466 963 1618 1001 erroris.
1663 961 1782 999 Cata-

328 1026 486 1077 strophe
507 1027 709 1065 conversio
729 1040 854 1065 rerum
875 1033 935 1065 est
955 1027 1005 1065 ad
1028 1027 1226 1078 jucundos
1247 1028 1390 1076 exitus,
1409 1027 1607 1081 patefacta
1630 1026 1782 1065 cunctis

326 1090 549 1141 cognitione
568 1097 779 1141 gestorum.

383 1153 586 1192 Comoedia
605 1161 666 1192 est
684 1155 816 1192 fabula
831 1156 864 1175 ¹0
893 1153 1047 1193 diversa
1062 1155 1242 1193 instituta
1261 1154 1482 1201 continens,
1496 1152 1784 1202 affectuumque

328 1217 494 1256 civilium
527 1231 572 1256 ac
606 1218 866 1269 privatorum:
907 1219 1049 1270 quibus
1080 1219 1257 1265 discitur,
1297 1218 1392 1270 quid
1423 1218 1474 1256 sit
1506 1217 1546 1254 in
1563 1217 1645 1254 vita
1678 1216 1784 1262 utile,

328 1282 419 1331 quid
452 1288 589 1320 contra
625 1282 864 1321 evitandum.
922 1283 1037 1321 Hanc
1070 1282 1200 1320 Graeci
1221 1282 1278 1321 sic
1309 1281 1564 1320 definiere:¹¹
1596 1278 1785 1332 Κωμῳδία

329 1349 430 1385 ἐστὶν
461 1346 651 1385 ἰδιωτικῶν
672 1349 731 1384 καὶ
760 1350 959 1386 πολιτικῶν
990 1350 1221 1398 πραγμάτων
1255 1344 1447 1384 ἀκίνδυνος
1479 1345 1650 1396 περιοχή.
1708 1343 1786 1381 Co·-

328 1410 509 1448 moediam
543 1422 630 1447 esse
666 1409 803 1448 Cicero
824 1410 891 1456 ait,
920 1409 1206 1448 ‘imitationem
1237 1409 1342 1455 vitae,
1379 1408 1582 1461 speculum
1615 1420 1784 1445 consue-

328 1473 489 1519 tudinis,
523 1473 733 1524 imaginem
762 1473 963 1512 veritatis.'
1033 1473 1246 1512 Comoediae
1278 1480 1408 1511 autem
1437 1485 1461 1510 a
1493 1484 1598 1510 more
1625 1470 1785 1521 antiquo

330 1537 472 1575 dictae:
514 1536 606 1587 quia
638 1538 678 1574 in
697 1537 792 1575 vicis
827 1536 1051 1588 hujusmodi
1082 1536 1254 1576 carmina
1283 1536 1392 1574 initio
1419 1536 1649 1587 agebantur,
1680 1533 1786 1585 apud

331 1600 492 1638 Graecos
510 1613 519 1639 z
550 1606 593 1638 ut
612 1600 651 1637 in
673 1600 787 1638 Italia
803 1600 1066 1652 compitalitiis
1087 1600 1259 1647 ludicris,
1277 1600 1444 1638 admisto
1461 1598 1787 1650 pronuntiationis

330 1664 504 1710 modulo,
524 1677 615 1714 quo,
637 1664 729 1701 dum
751 1671 861 1702 actus
881 1671 1182 1710 commutantur,
1195 1664 1363 1717 populus
1379 1662 1674 1703 detinebatur.'²
1707 1662 1787 1700 Aut

329 1728 404 1766 ἀπὸ
424 1735 497 1766 τῶν
518 1735 660 1779 κωμῶν,
679 1728 755 1766 hoc
775 1735 848 1774 est,
880 1729 928 1766 ab
949 1734 1040 1766 actu
1062 1728 1150 1766 vitae
1171 1728 1385 1774 hominum,
1416 1727 1483 1778 qui
1502 1727 1541 1764 in
1561 1726 1656 1764 vicis
1674 1725 1787 1763 habi-

330 1792 479 1837 tabant,
501 1793 550 1829 ob
571 1791 879 1830 mediocritatem
898 1792 1163 1829 fortunarum:
1191 1804 1270 1829 non
1290 1791 1329 1829 in
1352 1790 1451 1829 aulis
1472 1790 1603 1841 regiis,
1630 1796 1674 1827 ut
1693 1794 1786 1827 sunt

330 1868 508 1906 personae
526 1856 699 1907 tragicae.
757 1855 960 1894 Comoedia
979 1869 1084 1903 vero,
1103 1856 1195 1906 quia
1211 1856 1351 1906 po'ema
1370 1855 1441 1893 sub
1460 1853 1677 1892 imitatione
1698 1852 1786 1890 vitae

331 1926 448 1970 atque
469 1933 618 1958 morum
634 1919 886 1959 similitudine
905 1921 1163 1972 compositum
1185 1926 1258 1967 est,
1287 1919 1327 1957 in
1355 1925 1468 1970 gestu
1494 1924 1535 1956 et
1561 1916 1789 1969 pronuntia-

331 1984 437 2021 tione
457 1984 649 2022 consistit.
708 1985 948 2023 Comoediam
970 1985 1074 2036 apud
1103 1984 1264 2022 Graecos
1286 1983 1447 2021 dubium
1476 1987 1538 2020 est
1562 1981 1649 2032 quis
1680 1980 1788 2018 inve-

332 2047 432 2085 nerit
451 2048 622 2098 primus:
654 2048 758 2099 apud
774 2049 933 2087 Latinos
953 2056 1100 2087 certum
1119 2056 1193 2088 est.
1237 2047 1479 2086 Comoediam
1498 2051 1538 2083 et
1557 2043 1788 2095 tragoediam

332 2117 505 2160 togatam
520 2111 643 2161 primo
660 2110 786 2150 Livius
803 2112 1052 2151 Andronicus
1067 2113 1230 2163 reperit:
1261 2112 1405 2162 aitque,
1433 2115 1442 2132 ‘
1457 2107 1688 2148 comoediam
1700 2119 1788 2146 esse

332 2173 571 2223 quotidianae
590 2174 681 2212 vitae
702 2176 903 2226 speculum
921 2189 930 2213 z
946 2175 956 2191 ’
984 2189 1057 2214 nec
1078 2176 1231 2227 injuria.
1274 2176 1388 2221 Nam,
1408 2180 1452 2212 ut
1467 2172 1605 2211 intenti
1626 2171 1787 2223 speculo

334 2237 504 2275 veritatis
526 2238 763 2276 lineamenta
791 2239 905 2277 facile
936 2253 1004 2291 per
1037 2240 1224 2291 imagines
1251 2239 1493 2290 colligimus:
1533 2237 1588 2274 ita
1619 2235 1788 2274 lectione

333 2300 536 2338 comoediae
568 2301 822 2341 imitationem
841 2303 931 2342 vitae
961 2304 1337 2355 consuetudinisque
1368 2315 1445 2340 non
1478 2300 1677 2353 aegerrime
1709 2298 1789 2337 ani·

378 2454 419 2482 10
445 2453 600 2484 Comoedz‘a
615 2453 797 2495 estfabula]
819 2454 860 2486 In
886 2455 970 2487 Mss.
985 2457 1033 2489 sic
1134 2460 1170 2489 11
1198 2457 1292 2488 Hanc
1317 2454 1425 2487 Graeci
1447 2454 1492 2485 sic
1522 2449 1683 2493 definiere]
1708 2449 1789 2480 Dio-

336 2506 406 2532 est:
448 2502 500 2533 De
532 2503 700 2535 Comoedia.
744 2505 902 2536 Comoedia
932 2511 977 2537 est
999 2507 1032 2545 f.
1088 2507 1176 2539 med.
1194 2507 1312 2539 Gram.
1329 2505 1387 2537 lib.
1403 2513 1460 2536 111.
1486 2502 1542 2533 ubi
1559 2500 1678 2533 eadem
1707 2498 1788 2530 defi-

337 2550 434 2582 Adeo
461 2556 510 2591 ut,
535 2562 610 2593 ‹111ae
628 2559 828 2595 sequuntur,
842 2563 907 2586 non
924 2556 1033 2587 Evan-
1088 2557 1170 2588 nitio
1183 2557 1341 2595 habetur,
1352 2554 1404 2586 καὶ
1418 2553 1580 2585 πολιτικῶν
1596 2559 1662 2582 non
1678 2548 1788 2581 addit.

335 2601 397 2632 thii
434 2602 591 2642 amplum,
623 2603 683 2634 sed
713 2604 852 2635 alterius
884 2605 1032 2637 auctoris
1086 2606 1181 2638 Lind.

334 2660 409 2683 esse
447 2652 636 2684 videantur.
673 2654 723 2685 Id.
780 2655 1033 2687 Westerhovius
1131 2659 1171 2688 12
1195 2655 1332 2696 Populus
1359 2651 1572 2692 detinebatur]
1598 2649 1665 2681 Ms.
1691 2657 1788 2689 popu-

337 2701 472 2733 nominc
497 2703 506 2719 ‘
520 2703 712 2744 Fragmenti
728 2705 857 2736 Donati
871 2705 879 2719 ’
901 2704 1031 2737 edidit:
1087 2706 1134 2737 lus
1146 2705 1350 2746 attinebatur,
1365 2709 1400 2736 ut
1417 2708 1452 2735 et
1469 2701 1529 2734 inf.
1554 2700 1605 2731 111.

336 2752 415 2784 satis
430 2753 604 2786 audacter.
627 2755 722 2787 Zezm.
