1903 3306
571 244 635 272 DE
669 243 852 273 METRls
885 243 1100 273 coniers.
1486 235 1572 276 219

114 351 198 377 rum
217 344 408 377 tractatus
428 337 502 375 hac
523 337 560 374 in
582 344 691 387 parte
725 343 817 374 sunt
838 349 954 387 supra
974 350 1090 387 quarn
1111 335 1187 374 dici
1213 343 1342 388 potest
1363 337 1512 375 steriles
1533 350 1573 380 et

109 402 342 453 jejuni‚cum
356 413 487 439 eorum
504 413 619 438 nemo
634 400 672 437 in
689 413 768 438 rem
785 400 900 438 altius
914 400 1138 450 penetrarit,
1152 408 1219 438 aut
1233 401 1440 451 quicquam
1459 401 1573 438 solidi

114 465 330 510 tradiderit,
350 470 492 515 praeter
510 464 685 515 vulgaria
711 464 778 501 illa
797 478 885 515 quae
916 464 953 500 in
986 464 1104 501 triviis
1134 473 1230 503 nota
1261 472 1377 508 sunt;
1419 465 1573 502 decrevi

116 535 207 567 ante
227 528 357 566 omnia
374 528 618 566 licentiarum
652 541 793 566 causas
824 535 863 565 et
896 528 1064 579 origines
1086 535 1272 579 quantum
1304 530 1414 580 potui
1446 529 1573 566 inves-

115 591 252 643 tigare,
281 598 320 629 et
337 591 413 630 nisi
443 591 652 643 plurimum
679 592 806 638 fallor,
828 605 1010 644 quaenam
1042 593 1198 641 fuerint,
1222 606 1302 631 non
1322 594 1485 631 obscure
1506 592 1574 629 dc-

115 655 316 706 prehendi.

169 720 214 757 In
252 719 384 771 primis
417 718 535 770 igitur
567 719 768 758 sciendum
804 728 864 758 est
897 720 1076 758 licentias
1112 721 1375 767 Comicorum,
1395 720 1502 772 quod
1523 719 1574 758 ad

115 788 264 833 partem
284 795 417 821 earum
435 782 553 834 longe
585 783 810 829 maximam,
830 784 944 821 unius
977 797 1063 822 esse
1085 784 1251 835 generis,
1285 791 1325 821 et
1344 784 1382 821 in
1403 784 1443 821 id
1472 784 1576 826 ferri,

115 852 159 883 ut
191 846 419 897 popularem
451 846 728 897 pronuntiandi
765 847 1090 885 consuetudinem
1123 854 1418 899 repraesentent.
1475 848 1576 886 Cum

116 909 219 946 enim
240 910 446 961 Comoedia
464 910 504 947 in
524 923 570 948 eo
592 917 674 949 tota
695 910 745 948 sit
763 917 806 948 ut
830 923 922 949 vera
941 911 1032 948 vitae
1050 911 1233 948 humanae
1265 912 1315 948 sit
1333 912 1476 962 imago,
1496 925 1575 949 non

116 973 211 1011 satis
231 979 314 1011 erat
332 986 399 1012 eas
421 974 492 1011 sibi
522 975 703 1012 materias
739 987 904 1021 sumere,
938 988 1026 1025 quae
1048 988 1068 1013 e
1088 975 1316 1026 quotidiana
1336 975 1416 1013 vita
1444 982 1577 1014 essent

117 1037 333 1088 depromta,
351 1037 614 1089 humilemque
634 1038 742 1076 illum
764 1046 803 1077 et
832 1039 1060 1090 depressum
1091 1039 1222 1091 populi
1255 1052 1471 1077 sermonem
1490 1039 1576 1076 irni-

115 1101 213 1144 tari;
263 1102 433 1152 oportuit
464 1102 623 1153 insuper
660 1103 824 1141 eandem
862 1116 1018 1154 quoque
1052 1103 1331 1154 pronuntiandi
1370 1103 1576 1149 rationem,

117 1171 305 1215 quantum
323 1172 491 1216 poterat,
513 1167 683 1217 assequi,
705 1180 782 1217 qua
802 1168 972 1218 populus
1006 1168 1045 1205 in
1077 1168 1351 1218 congressibus
1385 1174 1425 1206 et
1454 1168 1576 1206 collo-

117 1229 218 1280 quiis
249 1229 499 1268 familiaribus
527 1237 717 1268 uteretur.
773 1231 849 1268 Hic
875 1244 987 1268 verus
1019 1230 1262 1268 licentiarum
1292 1231 1371 1268 fere
1404 1231 1577 1270 omnium

117 1292 219 1339 fons,
239 1306 327 1343 quae
342 1300 499 1331 ‘tantum
519 1293 682 1331 eruditis
703 1295 904 1345 negotium
937 1295 1109 1333 fecerunt
1128 1308 1137 1338 ;
1182 1295 1272 1332 hinc
1298 1302 1358 1332 est
1384 1295 1489 1346 quod
1510 1309 1576 1333 co-

117 1356 227 1394 micis
245 1356 372 1407 poetis
392 1357 514 1403 licuit,
534 1357 641 1407 quod
661 1357 726 1394 alii
747 1357 841 1395 nulli
867 1359 1069 1408 poetarum
1090 1358 1222 1409 generi
1253 1371 1481 1396 concessum
1503 1366 1576 1398 est.

120 1419 261 1458 Cetera
279 1421 460 1471 poemata
481 1421 624 1472 scripta
643 1428 735 1459 sunt
760 1429 803 1459 ut
831 1422 1032 1473 legantur3
1064 1421 1277 1460 Comoediae
1297 1436 1385 1460 vero
1404 1425 1464 1472 (ut
1482 1424 1579 1461 Tra-

119 1483 276 1534 goediae)
294 1490 338 1522 ut
355 1484 579 1523 audiantur.
638 1485 692 1523 Ut
723 1486 839 1536 igitur
860 1499 992 1524 eorum
1025 1499 1209 1524 numeros
1237 1487 1517 1538 intelligamus,
1539 1494 1577 1526 et

119 1547 320 1584 verborum
340 1546 478 1585 modos
499 1547 568 1586 rite
585 1548 836 1595 aestimemus,
857 1562 933 1587 non
955 1557 1034 1587 tam
1055 1550 1105 1588 ad
1124 1550 1255 1588 literas
1282 1563 1370 1600 quae
1392 1564 1432 1588 se
1452 1551 1576 1589 oculis

119 1609 316 1660 ingerunt,
335 1610 572 1661 insitamque
593 1625 724 1650 earum
746 1614 1004 1664 quantitatem
1030 1613 1313 1652 attendendum
1333 1621 1406 1660 est,
1435 1614 1504 1652 sed
1526 1615 1577 1653 ad

120 1685 240 1711 sonos
262 1686 360 1724 quos
381 1674 582 1712 efficerent
605 1688 694 1713 cum
718 1675 757 1713 in
793 1689 858 1715 ore
878 1678 1013 1730 populi
1045 1678 1246 1724 ferrentur,
1281 1678 1496 1730 qualesque
1526 1680 1577 1718 ad

121 1749 232 1775 aures
253 1738 501 1777 accederent.

174 1801 382 1845 Quomodo
414 1803 533 1841 verba
559 1803 856 1854 pronuntiarent
875 1804 1037 1843 Veteres
1071 1804 1253 1852 Romani,
1285 1818 1331 1844 ea
1361 1808 1576 1857 praesertim

119 1879 208 1917 quae
238 1867 277 1904 in
297 1866 502 1917 colloquiis
536 1874 628 1905 sunt
662 1868 933 1918 frequentioris
964 1882 1073 1917 usus,
1103 1868 1220 1919 idque
1250 1869 1295 1906 iis
1325 1872 1576 1921 temporibus,

120 1942 209 1967 cum
226 1929 382 1967 floreret
401 1929 529 1968 adhuc
557 1931 788 1982 respublica,
821 1945 893 1969 nec
914 1932 1007 1970 dum
1036 1932 1214 1970 civilibus
1235 1934 1351 1971 armis
1370 1934 1494 1973 fracta
1512 1937 1578 1985 uni

119 1993 158 2031 in
178 1992 380 2044 imperium
408 1993 608 2040 cessisset,
641 2007 754 2033 nemo
784 1995 945 2038 dixerit;
987 2009 1060 2034 nec
1081 1997 1255 2047 profecto
1276 1997 1313 2034 in
1342 1998 1423 2036 ulla
1441 1998 1577 2050 lingua

122 2069 212 2095 vera
229 2058 508 2107 pronuntiandi
529 2057 626 2096 ratio
647 2066 752 2097 certo
776 2059 864 2097 sciri
885 2066 1031 2110 potest,
1050 2059 1127 2097 nisi
1156 2060 1204 2097 ab
1224 2060 1269 2097 iis
1291 2061 1357 2111 qui
1377 2062 1463 2100 viva
1482 2075 1576 2102 voce

119 2120 325 2172 loquentes
346 2121 542 2159 audierint
559 2134 640 2168 eos,
661 2122 802 2172 quibus
837 2122 985 2173 lingua,
1007 2123 1056 2160 de
1077 2136 1154 2174 qua
1173 2123 1315 2174 agitur,
1348 2125 1462 2163 fuerit
1493 2139 1576 2164 ver-

119 2184 275 2222 nacula.
331 2184 456 2222 Nobis
475 2185 606 2235 igitur,
627 2198 715 2223 cum
737 2186 916 2224 Romana
935 2186 1070 2237 lingua
1099 2201 1168 2239 per
1186 2194 1245 2225 tot
1268 2188 1351 2239 jam
1371 2188 1517 2227 saecula
1536 2189 1577 2227 in

119 2260 196 2292 usu
214 2248 410 2286 communi
440 2262 527 2286 esse
549 2249 720 2296 desierit,
741 2250 859 2301 longe
886 2250 1038 2289 facilius
1065 2262 1125 2289 est
1144 2265 1191 2289 ex
1211 2265 1390 2290 versuum
1410 2254 1576 2291 comico-

120 2324 205 2349 rum
225 2311 504 2350 constitutione
525 2319 564 2350 et
583 2312 825 2350 licentiarum
844 2327 918 2351 usu
940 2314 1218 2365 pronuntiandi
1239 2316 1577 2363 consuetudinem,

121 2387 239 2425 quam
277 2389 325 2413 ex
361 2376 640 2426 pronuntiandi
677 2376 796 2415 modo
815 2391 996 2415 versuum
1041 2386 1080 2416 et
1116 2379 1360 2417 licentiarum
1406 2380 1576 2418 rationes

119 2438 368 2490 investigare.
425 2440 513 2478 Hoc
533 2447 663 2478 tamen
684 2453 798 2479 nemo
818 2454 896 2479 non
926 2442 1059 2488 sentit,
1080 2442 1146 2493 qui
1171 2442 1230 2480 vel
1251 2443 1387 2481 leviter
1407 2444 1576 2482 animum

122 2503 279 2542 adhaec
299 2503 489 2551 advertat,
521 2504 561 2541 in
582 2517 759 2543 sermone
793 2512 832 2544 et
865 2505 1062 2556 colloquio
1093 2506 1271 2543 familiari
1305 2508 1422 2545 verba
1440 2509 1577 2556 multa,

122 2580 170 2605 ea
203 2568 417 2619 praesertim
437 2581 525 2618 quae
546 2568 585 2605 in
605 2569 921 2620 frequentissimo
943 2576 1034 2607 sunt
1052 2583 1140 2617 usu,
1160 2584 1325 2621 quaeque
1356 2571 1503 2609 nullam
1536 2573 1576 2610 in

123 2644 166 2669 se
185 2631 388 2683 emphasin
409 2632 567 2678 habent,
587 2646 660 2671 nec
682 2634 912 2671 sententiam
947 2634 1111 2672 multum
1142 2634 1342 2685 adjuvant,
1373 2635 1442 2673 sed
1464 2638 1576 2687 quasi

122 2695 280 2734 vincula
298 2695 479 2747 quaedam
506 2696 689 2734 orationis
721 2698 895 2748 partibus
924 2697 1088 2736 invicem
1113 2697 1316 2736 nectendis
1348 2698 1575 2747 inserviunt,

123 2758 259 2809 quales
279 2767 370 2799 sunt
389 2760 553 2807 articuli,
588 2762 896 2814 praepositiones,
930 2761 1232 2814 interjectioneS‚
1264 2761 1573 2812 conjunctiones,
