1903 3306
350 233 436 274 280
847 245 887 272 Ρ.
919 243 1161 274 TERENTII
1196 244 1314 274 Arici

351 341 423 381 Ex
444 339 598 381 Andro
619 340 926 392 commigravit
943 340 1028 380 huc
1050 340 1238 389 viciniae,

352 410 511 463 Inopia
531 414 574 449 et
595 413 879 461 cognatorum
902 408 1161 460 negligentia

241 500 265 509 2
260 466 333 529 *Pr*
350 477 551 529 Coacta,
554 470 726 534 egregia
745 471 907 525 forma,
922 480 1055 528 atque
1075 479 1210 517 aetate
1232 476 1407 538 inteora.
1740 481 1800 521 45

292 543 294 546 ’
350 546 428 587 So
463 540 554 586 Hei
574 557 739 594 vereor,
760 557 813 600 ne
834 543 939 597 quid
962 542 1130 585 Andria
1152 509 1355 598 apportet
1373 545 1495 586 mali.

349 614 415 655 Si.
447 602 647 654 Primum
667 612 763 653 haec
783 611 944 664 pudice
964 612 1119 661 vitam,
1139 624 1284 665 parce,
1305 625 1357 653 ac
1378 612 1541 654 duriter

347 680 537 733 Agebat,
557 681 662 721 lana
682 692 734 721 ac
757 679 846 720 tela
867 680 1030 721 victum
1051 681 1284 733 quaeritans
1304 693 1314 721 :

348 750 436 791 Sed
458 753 694 804 postquam
716 760 869 788 amans
889 747 1094 797 accessit,
1112 748 1302 801 pretium
1322 748 1551 802 pollicens,

346 817 490 867 Unus,
514 820 557 858 et
577 818 678 858 item
700 817 833 867 alter3
864 816 930 856 ita
948 820 995 857 ut
1014 815 1230 868 ingenium
1252 819 1322 857 est
1342 816 1538 857 omnium
1737 818 1794 858 50

347 885 587 926 Hominum
609 886 665 926 ab
685 885 833 926 labore
852 884 1047 941 proclive
1066 884 1121 925 ad
1140 884 1381 925 lubidinem
1398 898 1409 936 ;

344 953 535 1006 Accepit
557 952 864 1002 conditionem,
885 951 985 993 dein
1005 941 1226 1005 quaestum
1248 952 1423 1004 occipit.
1529 940 1566 1007 ἦ

346 1019 436 1069 Qui
458 1026 549 1062 tum
570 1019 692 1061 illam
713 1020 934 1069 amabant,
955 1019 1079 1068 forte,
1099 1019 1162 1059 ita
1181 1023 1230 1059 ut
1250 1018 1315 1069 fit,
1333 1018 1472 1060 filium

344 1088 598 1129 Perduxere
621 1088 740 1136 illuc,
763 1100 913 1127 secum
933 1091 980 1128 ut
999 1099 1090 1128 una
1110 1091 1244 1136 esset,
1264 1099 1424 1128 meum.

343 1155 530 1207 Egomet
550 1155 760 1196 continuo
780 1167 976 1195 mecum:
1008 1153 1139 1195 Certe
1162 1159 1320 1207 captus
1340 1155 1428 1196 est!
1735 1156 1792 1197 55

343 1223 522 1263 Habet!
553 1222 843 1263 observabam
862 1235 989 1262 mane
1010 1221 1184 1262 illorum
1206 1223 1406 1263 servulos

341 1290 582 1332 Venientes
603 1294 680 1330 aut
702 1290 934 1330 abeuntes:
966 1289 1232 1353 rogitabam:
1265 1289 1392 1330 Heus
1413 1303 1536 1343 puer,

338 1446 446 1475 annos,
464 1436 598 1472 foemina
623 1437 762 1477 quoedam
785 1445 826 1467 ex
840 1436 950 1467 Andro
974 1435 1076 1467 insula
1101 1435 1135 1466 in
1160 1437 1238 1468 hanc
1260 1436 1406 1468 viciniam
1426 1446 1459 1468 se
1485 1437 1628 1473 contulit,
1653 1440 1790 1477 egestate

338 1484 367 1510 et
397 1480 589 1518 negligentia
614 1489 855 1519 propinquorum
886 1482 1016 1510 coacta:
1050 1479 1167 1510 eximia
1187 1480 1302 1517 formoe
1327 1480 1439 1519 specie,
1469 1484 1499 1512 et
1520 1480 1651 1521 florenti
1682 1484 1788 1512 aetate.

338 1523 395 1552 So.
422 1522 488 1552 Hei
518 1523 611 1553 timeo
639 1532 676 1553 ne
705 1523 778 1562 quid
804 1522 866 1552 ista
892 1522 1014 1552 Andria
1037 1525 1178 1562 apportet
1204 1523 1289 1554 mali.
1340 1524 1390 1554 Sl.
1416 1523 1560 1554 Primum
1583 1523 1648 1554 hoec
1667 1523 1789 1563 pudice,

330 1563 516 1604 frugaliter,
546 1569 576 1595 et
604 1565 751 1596 laboriose
780 1564 925 1601 viv,·ebat
955 1565 1053 1595 nendo
1082 1566 1184 1595 lanam
1213 1568 1244 1595 et
1271 1567 1402 1596 texendo
1424 1567 1518 1596 telam
1543 1565 1658 1596 victum
1680 1567 1791 1606 ᾳαιεή-

335 1611 416 1639 tans.
461 1608 590 1647 Aliquot
614 1611 753 1638 amantes
777 1611 966 1638 accesserunt
990 1608 1124 1646 pretium
1148 1608 1312 1638 libidinum
1336 1608 1521 1648 pollicentes,
1565 1609 1630 1646 Ila,
1650 1613 1684 1639 ut
1701 1609 1789 1648 inge-

335 1650 421 1680 nium
443 1654 487 1681 est
502 1650 636 1681 omnium
658 1651 813 1681 hominum
834 1660 852 1681 a
875 1650 979 1680 labore
1002 1651 1136 1689 proclive
1157 1651 1196 1681 ad
1219 1650 1391 1689 libidinem,
1413 1651 1564 1682 consensit
1587 1651 1790 1692 pollicitatio·

335 1693 423 1723 nibus
434 1703 446 1730 ;
468 1694 576 1724 deiude
590 1694 678 1733 coepit
694 1697 843 1733 quaestmn
858 1702 981 1732 corpore
988 1692 1108 1730 facere.
1155 1693 1220 1728 Qui
1242 1697 1314 1724 tunc
1335 1695 1419 1724 illam
1442 1694 1599 1733 amabant,
1612 1693 1702 1731 forte
1723 1693 1788 1735 (ita

335 1735 439 1777 utfit)
460 1737 532 1766 illuc
545 1736 653 1777 filium
668 1746 767 1767 meum
791 1737 1000 1775 perduxerunt
1016 1737 1055 1766 ad
1073 1735 1268 1776 Chrysidem,
1297 1740 1331 1766 ul
1353 1747 1414 1767 111111
1435 1746 1505 1767 cum
1527 1736 1590 1767 iuis
1612 1737 1789 1767 convivare-

334 1781 399 1809 tur.
446 1780 579 1818 Egomet
594 1779 701 1809 statim
716 1779 793 1818 coepi
809 1788 924 1808 mecum
939 1779 1098 1817 cogitare;
1125 1780 1243 1818 Captus
1266 1783 1311 1809 est
1335 1783 1418 1810 certe
1431 1789 1544 1818 amore,
1559 1779 1650 1810 habet
1672 1780 1790 1811 vulnus.

337 1820 543 1852 Observabam
558 1831 645 1852 mane
660 1822 783 1852 illorum
805 1821 941 1852 servulos
960 1821 1116 1852 venientes
1138 1823 1178 1852 ad
1195 1821 1406 1861 Pamphilum,
1426 1826 1481 1853 aut
1497 1822 1650 1853 abeuntes.
1694 1821 1785 1862 Saepe

943 1931 1181 1943 ‘oeeeaeooee‘o

334 2010 449 2042 Plaut.
466 2009 540 2040 Mil.
556 2019 597 2041 ιῐ,
616 2011 646 2040 3.
664 2012 695 2041 2.
719 2009 729 2026 ‘
743 2008 811 2039 Hic
829 2008 993 2048 proximae
1010 2007 1170 2040 viciniae.’
1200 2009 1249 2039 Ut
1264 2008 1348 2039 adeo
1365 2018 1431 2039 non
1448 2018 1532 2049 opus
1546 2009 1590 2040 sit
1607 2009 1693 2040 tueri
1715 2008 1786 2040 huic

331 2052 466 2090 viciniae,
482 2052 571 2093 quod
587 2061 630 2082 ex
649 2052 772 2091 Nonio,
796 2052 990 2090 Prisciano,
1016 2057 1052 2082 et
1080 2051 1233 2082 charisio
1257 2052 1397 2082 laudant
1423 2052 1595 2092 Muretus,
1626 2051 1724 2084 Lind.
1748 2056 1786 2082 et

330 2095 625 2127 Pa1·.1=Vest.1n
652 2095 745 2135 regio
781 2095 967 2133 exemplari
993 2094 1075 2125 huic.
1102 2095 1200 2125 Lind.
1246 2094 1366 2125 Nostri
1391 2093 1491 2125 codd.
1518 2104 1634 2126 omnes
1661 2095 1784 2126 vitiose

330 2139 451 2179 legunt
466 2138 548 2169 huic.
573 2138 677 2168 Bent.
722 2137 810 2168 Huic
827 2141 861 2168 et
878 2137 905 2167 P
912 2147 936 2167 r.
953 2141 988 2168 et
1004 2137 1117 2169 Guelf.
1133 2140 1164 2169 2.
1181 2140 1211 2168 3.
1215 2139 1298 2169 -44
1322 2137 1427 2168 Bent.
1442 2137 1646 2177 neclegentia,
1668 2141 1785 2177 etymo

329 2191 385 2212 nec
401 2181 577 2219 indagato,
593 2181 679 2211 sieut
695 2190 761 2211 nec·
751 2181 872 2215 -otz‘um‚
889 2180 921 2210 h.
937 2189 966 2210 e.
978 2181 1144 2216 negotium.
1168 2180 1261 2211 Ρειὶ.
1264 2182 1350 2210 -46
1375 2180 1461 2210 Eiv.
1478 2180 1537 2210 ΒΓ.
1541 2182 1627 2210 -48
1651 2179 1738 2210 Lana
1752 2182 1784 2210 et

330 2227 354 2254 t.
379 2224 438 2254 ΒΓ.
458 2222 573 2254 Gnelf.
591 2225 622 2253 2.
626 2225 707 2253 -51
732 2222 819 2254 Abl
843 2223 900 2253 Sic
919 2222 985 2253 Gn.
1014 2227 1045 2254 1.
1067 2221 1155 2263 qnod
1173 2222 1367 2262 elegantius
1384 2223 1523 2262 vulgato
1539 2233 1558 2253 a
1581 2224 1601 2253 l.
1626 2222 1784 2253 Botbins.

329 2266 397 2297 Al.
414 2266 515 2297 etiam
532 2267 590 2297 Bi.
609 2266 735 2298 Z.—54
761 2264 816 2296 Ita
841 2265 997 2305 quaedam
1025 2265 1193 2296 editiones
1220 2270 1313 2295 recte
1340 2265 1513 2296 exhibent.
1556 2264 1683 2303 Vulgo,
1709 2265 1783 2295 illuc

329 2318 442 2349 secum,
457 2313 490 2340 ut
503 2319 566 2339 111111
578 2312 667 2340 esset.
688 2309 886 2340 West.—57
913 2308 1099 2347 Cogitabam
1112 2309 1259 2340 Βι.-59
1275 2308 1392 2349 Friget
1408 2307 1468 2340 illi.
1514 2308 1553 2339 C.
1570 2307 1628 2338 Illi
1643 2307 1698 2337 hoc
1713 2316 1739 2339 e.
1752 2316 1782 2339 n.

986 2424 1016 2454 N
1023 2423 1127 2456 0⁹1*AE

373 2507 415 2535 43
440 2504 512 2534 Huc
553 2503 673 2543 [Huic]
709 2503 847 2543 viciniae]
883 2503 924 2534 Id
961 2509 1028 2543 est,
1124 2506 1166 2535 56
1192 2503 1309 2543 Habet]
1333 2503 1542 2535 Vulneratus
1566 2506 1626 2534 est.
1658 2502 1782 2533 Trans-

327 2556 362 2587 in
390 2555 475 2585 hanc
498 2554 665 2585 viciniam.
703 2554 850 2584 Dativus
875 2563 937 2594 pro
960 2553 1027 2584 Ac-
1082 2554 1164 2585 latio
1178 2554 1219 2585 ab
1233 2553 1515 2594 Amphitheatro;
1531 2552 1688 2591 ubi,cum
1702 2551 1783 2583 Gla·

329 2606 494 2643 cusafivo,
524 2610 562 2636 ut
596 2603 728 2635 Nonius
764 2608 799 2635 et
834 2604 1028 2635 Priscianus
1082 2605 1231 2635 diatores
1257 2605 1379 2634 vulnus
1408 2606 1626 2642 acceperunt,
1654 2601 1781 2633 habere

330 2659 544 2688 annotarunt.
590 2654 746 2685 Donatus
771 2654 866 2695 legit,
887 2656 951 2685 huc
978 2655 1026 2685 vi·
1083 2654 1253 2685 dicuntur.
1275 2653 1368 2692 Virg.
1393 2661 1461 2683 xu.
1488 2651 1561 2683 AEn.
1594 2652 1603 2668 ‘
1622 2651 1698 2682 Hoc
1723 2652 1780 2682 ha·

330 2707 440 2738 ciniae.
1082 2704 1161 2735 bet:
1198 2705 1271 2735 haec
1300 2703 1419 2734 melior
1448 2702 1577 2742 magnis
1604 2701 1684 2733 data
1710 2702 1777 2734 vic-

371 2759 413 2787 46
436 2755 502 2786 Hei
523 2753 644 2793 vereor]
675 2755 684 2771 ⁴
703 2752 796 2794 Hei,'
827 2753 1026 2795 interjectio
1081 2755 1164 2785 tima
1179 2754 1300 2784 Divis!
1692 2794 1694 2799 .

331 2806 480 2838 timentis
496 2811 532 2838 et
544 2803 700 2836 dolentis.
1123 2806 1162 2834 57
1188 2802 1293 2844 Heus]
1317 2801 1530 2834 Adverbium
1546 2802 1712 2834 vocantis.
