1903 3306
651 223 711 253 DE
744 221 1014 252 TEREN'rlo.
1479 208 1569 247 ΕΗΓ·

454 358 663 400 Sidonius
685 356 934 411 Apollinar.
956 354 1103 396 Carm.
1127 364 1218 394 XX.

333 448 452 498 Quid
473 460 555 489 vos
576 447 739 500 eloquii
764 459 921 486 canam
944 445 1107 492 Latini,

332 515 538 568 Arpinas,
562 514 789 563 Patavine,
811 513 1070 561 Mantuane,

332 582 390 623 Et
408 587 467 632 te,
489 583 663 624 comica
684 582 761 635 qui
783 581 934 631 doces,
957 580 1149 628 Terenti,

332 650 392 691 Et
412 654 469 699 te,
489 653 686 702 tempore
708 648 784 702 qui
808 653 933 689 satus
957 660 1135 696 severo,

332 715 513 766 Graios,
536 716 713 765 Plaute,
735 715 854 755 sales
875 714 1031 767 lepore
1053 713 1246 754 transis?

380 847 572 888 Rufinus
594 846 928 888 Grammaticus
950 844 1278 886 Antiochensis.

215 935 412 990 Agnovit
431 940 616 977 metrum
638 939 879 988 servatque
894 933 1130 975 Terentius
1150 937 1283 974 artem
1300 945 1312 984 3

219 1004 340 1045 Nam
360 1003 566 1057 prologos
587 1002 781 1043 trimetro
804 1002 963 1042 didicit
985 1013 1250 1054 componere
1270 1013 1415 1050 versu,

218 1071 548 1124 Scenarumque
570 1074 697 1112 actus
717 1069 882 1124 primos
903 1068 1016 1123 pede
1038 1068 1208 1110 claudit
1225 1068 1396 1109 eodem.

220 1202 402 1243 Servius
422 1202 467 1243 in
487 1201 614 1252 illud,
633 1201 711 1242 lib.
737 1212 768 1240 1.
800 1200 979 1241 AEneid.
1009 1202 1020 1220 ‘
1035 1198 1226 1239 Talibus
1248 1195 1453 1238 incusat.’

163 1291 396 1332 Sciendum
436 1294 505 1332 est
539 1289 812 1339 Terentium,
845 1293 1023 1342 propter
1060 1288 1203 1329 solam
1234 1285 1566 1342 proprietatem,

105 1359 306 1400 omnibus
330 1358 526 1400 Comicis
559 1369 659 1398 esse
692 1356 1006 1410 praepositum3
1039 1356 1205 1408 quibus
1234 1358 1317 1403 est,
1355 1358 1567 1407 quantum

108 1426 165 1468 ad
183 1430 326 1467 cetera
345 1428 536 1479 spectat,
556 1424 749 1465 inferior.

462 1557 528 1598 Fl.
551 1556 778 1610 Sosipater
800 1554 1041 1604 Charisius,
1063 1555 1141 1595 lib.
1166 1565 1219 1595 11.

158 1644 274 1696 ''Hfim
308 1651 356 1688 ut
390 1647 453 1688 ait
472 1645 618 1687 Varro
650 1645 705 1686 de
728 1645 891 1687 Latino
924 1644 1148 1693 Sermone,
1179 1643 1252 1684 lib.
1278 1653 1322 1682 v.
1352 1640 1461 1682 nulli
1493 1640 1569 1681 alii

110 1728 283 1756 servare
317 1714 529 1756 convenit
568 1726 701 1767 quam
732 1712 932 1753 Titinnio
971 1714 1013 1752 et
1045 1710 1266 1752 Terentio.
1327 1706 1430 1756 Πάθη
1462 1720 1568 1749 vero

108 1781 299 1832 Trabea,
319 1782 476 1836 inquit,
496 1787 540 1822 et
560 1780 745 1822 Attilius
765 1783 809 1820 et
825 1778 1036 1820 Caecilius
1056 1778 1188 1819 facile
1208 1780 1455 1818 moverant.

482 1897 644 1939 Isidor.
667 1895 837 1949 Origin.
855 1895 934 1937 lib.
958 1906 989 1934 1.
1011 1907 1112 1947 cap.
1133 1894 1203 1934 39.

170 1987 366 2029 Fabulas
409 1987 560 2041 po'etae
608 1985 824 2040 quasdam
871 1983 1118 2025 delectandi
1159 1995 1299 2024 causa
1339 1981 1568 2028 finxerunt,

112 2055 325 2109 quasdam
349 2054 405 2096 ad
425 2060 607 2096 naturas
637 2067 796 2103 rerum,
817 2052 1056 2093 nonnullas
1088 2051 1145 2091 ad
1173 2062 1317 2090 mores
1346 2048 1571 2089 hominum

109 2122 385 2176 interpretati
415 2126 528 2162 sunt.
590 2120 850 2162 Delectandi
885 2131 1023 2160 causa
1060 2118 1204 2168 fictas,
1244 2123 1295 2158 ut
1333 2129 1427 2165 eas,
1460 2128 1568 2169 quas

111 2190 246 2242 vulgo
268 2190 434 2239 dicunt,
454 2191 525 2231 vel
546 2203 656 2243 quas
676 2189 863 2229 Plautus
885 2191 928 2228 et
942 2187 1177 2227 Terentius
1199 2188 1558 2239 composuerunt.

248 2310 319 2350 Ex
340 2310 523 2364 antiquo
547 2309 644 2351 cod.
669 2308 759 2349 Ms.
780 2309 826 2349 in
847 2306 1127 2349 Bibliotheca
1151 2305 1287 2358 Regis
1308 2304 1427 2345 Gall.

172 2400 322 2442 Natus
344 2400 389 2440 in
412 2399 604 2440 excelsis
626 2399 757 2440 tectis
780 2396 1058 2449 Carthaginis
1080 2395 1183 2435 altae

229 2467 448 2509 Romanis
468 2467 654 2508 ducibus
675 2466 836 2507 bellica
856 2465 1009 2518 praeda
1027 2463 1104 2504 fui.

173 2535 407 2589 Descripsi
428 2547 571 2575 mores
591 2534 831 2583 hominum,
846 2536 1164 2588 Juvenumque,
1186 2544 1444 2584 senumque,

232 2602 437 2654 Qualiter
458 2607 505 2643 et
525 2602 643 2642 servi
664 2601 889 2655 decipiant
910 2599 1139 2641 dominos:

176 2670 299 2721 Quid
319 2670 536 2718 meretriX‚
558 2669 663 2722 quid
683 2669 784 2709 leno
805 2667 921 2709 dolis
943 2666 1164 2718 confingat
1185 2668 1371 2716 ava'ru53

236 2738 354 2781 Haec
373 2738 640 2791 quicumque
661 2737 780 2789 legit,
803 2737 883 2786 sic,
907 2739 1034 2789 puto,
1055 2738 1213 2776 cautus
1235 2734 1331 2775 erit.
