1945 3296
723 208 992 238 PRAEm'rio.
1527 195 1581 236 29

131 319 247 362 pere,
291 306 549 348 varietatem
583 303 787 344 lectionis
823 307 1042 350 annotare,
1089 302 1450 341 commentatores
1487 301 1580 342 lau-

132 376 251 416 dare.
311 374 363 414 In
383 372 609 414 volumine
627 372 729 412 olim
750 383 776 410 a
796 383 864 410 me
898 369 1090 422 perlecto
1121 372 1165 407 et
1196 366 1431 420 descripto,
1463 368 1582 420 quod

130 443 187 483 ab
208 441 480 494 Imperatore
503 437 688 479 Octavio
710 435 913 488 Augusto
933 434 1106 487 incipit,
1137 434 1237 474 loca
1260 439 1412 474 extant
1442 435 1583 475 multa.

131 509 341 561 decerpta
361 519 419 547 ex
445 505 601 559 poetis,
632 510 682 545 ut
716 504 952 556 scriptores
988 501 1218 559 prosaicos
1240 501 1452 550 omittam,
1477 501 1583 542 Ovi-

130 576 220 626 dio,
243 575 415 622 Persio,
437 574 633 622 Lucano,
658 573 815 621 Statio,
835 572 864 612 J
870 570 1058 618 uvenali,
1082 568 1341 617 Claudiano,
1373 581 1463 608 una
1484 581 1583 609 cum

129 644 267 684 variis
286 642 550 683 lectionibus
573 653 626 681 ac
649 639 835 693 glossis3
866 650 1006 690 neque
1037 636 1182 685 aliam,
1204 635 1349 684 credo,
1372 635 1583 675 rationem

128 710 226 751 iniit
244 710 289 750 in
308 708 604 750 voluminibus
626 705 993 760 praecedentibus,
1014 717 1113 757 quae
1136 703 1324 744 fortasse
1347 703 1516 743 alicubi
1537 704 1583 743 in

129 776 404 818 Bibliotheca
427 775 495 815 vel
513 774 708 815 Archivo
730 771 1052 824 Guestphalico
1075 771 1222 811 latent.

187 842 307 893 Quid
326 843 364 883 si
392 843 505 883 idem
536 842 628 891 ille,
661 840 735 894 qui
758 839 953 880 codicem
975 838 1222 891 descripsit,
1253 837 1386 878 etiam
1408 838 1582 879 notulas

131 910 330 964 adjecit?
390 910 493 951 Hoc
515 909 620 949 mihi
640 907 743 948 inde
764 906 993 960 probabile
1015 911 1097 954 est,
1129 906 1231 958 quia
1253 918 1458 957 magnum
1480 919 1583 946 con-

130 990 305 1018 sensum
324 982 472 1018 textus
489 990 588 1018 cum
611 976 724 1017 notis
747 974 884 1015 etiam
904 974 1006 1014 istis
1029 973 1158 1021 locis,
1187 973 1262 1012 ubi
1285 977 1433 1012 textus
1453 973 1582 1013 falsae

129 1045 333 1086 lectionis
356 1045 477 1097 argui
499 1049 667 1097 potest,
691 1042 958 1096 deprehendi
977 1056 987 1092 3
1019 1055 1053 1081 e.
1075 1055 1115 1093 g.
1140 1041 1195 1081 ad
1219 1040 1471 1081 mendosam
1494 1041 1584 1081 lec-

129 1114 298 1154 tionem
327 1111 518 1167 praedz'cto
550 1112 687 1153 Andr.
723 1123 753 1151 1.
788 1111 828 1150 l.
860 1110 929 1151 19.
963 1112 1142 1149 notatur
1173 1121 1272 1148 esse
1305 1109 1482 1148 verbum
1504 1108 1585 1148 fre-

131 1180 458 1234 quentativum3
489 1179 593 1220 ibid.
628 1189 658 1218 1.
688 1179 728 1219 2.
751 1178 821 1218 21.
853 1177 1113 1217 scholiastes
1135 1175 1238 1228 cepit
1267 1174 1466 1215 confudit
1485 1188 1585 1215 cum

131 1246 274 1301 coepz't,·
303 1259 438 1300 quare
458 1246 502 1286 in
523 1250 629 1287 nota
649 1244 822 1286 addidit
853 1247 865 1265 ‘
884 1243 1043 1284 habere
1062 1243 1086 1284 :'
1116 1243 1224 1284 ibid.
1262 1254 1338 1282 ιιι.
1371 1242 1411 1282 2.
1442 1242 1511 1283 27¹.
1541 1243 1587 1282 in

131 1318 258 1355 textu
287 1313 442 1365 legitur
473 1312 588 1352 citius
618 1325 696 1366 pro
730 1310 868 1361 secius,
911 1312 1005 1351 sine
1041 1311 1179 1351 dubio
1213 1323 1404 1350 erronee.
1479 1309 1585 1359 Sed,

132 1394 382 1435 quanquam
403 1381 563 1422 melior
583 1380 715 1421 lectio
737 1379 860 1419 secius
887 1379 931 1419 in
956 1378 1041 1418 Ms.
1062 1383 1249 1427 notatur,
1271 1382 1417 1418 tamen
1436 1378 1587 1430 glossa

132 1447 388 1490 ‘velocius'
422 1448 618 1501 explicat
651 1446 889 1487 lectionem
924 1449 1172 1486 contextus.
1231 1444 1413 1485 Scholia
1448 1445 1586 1485 nostri

131 1516 304 1557 codicis
325 1515 631 1556 commendant
651 1528 697 1555 se
717 1515 930 1555 brevitate
953 1517 996 1554 et
1017 1513 1353 1566 perspicuitate,
1382 1516 1510 1565 atque
1531 1513 1587 1553 ob

129 1583 209 1624 has
229 1585 412 1624 virtutes
432 1582 649 1623 tironibus
674 1581 801 1622 utilia
823 1594 922 1622 esse
945 1586 1156 1634 possunt,
1175 1594 1289 1630 cum,
1311 1593 1411 1634 quae
1439 1580 1587 1620 Dona-

131 1655 202 1693 tus
225 1656 269 1692 et
289 1650 568 1704 Eugraphius
591 1650 875 1703 scripserunt,
910 1649 1022 1689 adeo
1046 1649 1224 1702 prolixa
1246 1650 1342 1697 sint,
1364 1651 1411 1688 ut
1430 1647 1589 1688 fortas-

133 1731 181 1759 se
203 1731 256 1759 ea
276 1717 541 1759 eruditorum
560 1717 706 1757 nullus
721 1730 746 1756 a
762 1717 909 1770 capite
926 1716 981 1756 ad
1005 1716 1171 1756 calcem
1193 1715 1435 1768 perlegerit,
1449 1715 1588 1755 multo

131 1786 276 1827 minus
309 1784 520 1838 juvenum
557 1786 730 1838 ingenio
767 1788 871 1838 apta
903 1784 1003 1824 sint.
1076 1783 1247 1823 Deinde
1279 1782 1510 1823 afferuntur
1546 1783 1591 1822 in

132 1854 314 1896 scholiis
333 1855 563 1904 lectiones,
597 1867 710 1908 quae,
742 1854 780 1893 si
807 1853 903 1906 jam
923 1866 977 1893 ex
1014 1852 1114 1893 aliis
1147 1851 1376 1892 codicibus
1407 1850 1588 1904 prolatae

131 1922 309 1972 fuerint,
330 1922 402 1963 hic
423 1926 561 1963 testes
582 1922 895 1962 nanciscuntur
915 1933 1053 1960 novos
1075 1924 1120 1960 et
1142 1932 1321 1971 graves3
1352 1918 1418 1958 sin
1433 1918 1591 1966 minus,

133 2003 305 2030 summa
325 1991 565 2031 attentione
587 1988 917 2030 considerandae
943 1993 1063 2037 sunt,
1089 1988 1193 2040 quia
1214 1999 1363 2026 omnes
1384 1998 1590 2037 magnam

134 2057 440 2111 antiquitatem
472 2070 564 2111 prae
587 2071 634 2097 se
662 2057 814 2097 ferunt.
875 2055 1083 2096 Varietas
1118 2054 1458 2102 distinctionum,
1490 2065 1591 2105 quae

134 2137 192 2165 ex
216 2125 299 2165 hoc
327 2124 485 2165 codice
522 2124 614 2177 peti
647 2127 809 2177 potest,
848 2123 978 2176 plane
1006 2135 1167 2162 novum
1198 2122 1420 2161 varietatis
1454 2133 1591 2174 genus

135 2192 374 2241 constituit,
405 2204 431 2231 a
451 2191 732 2231 collatoribus
753 2189 857 2229 mihi
876 2189 991 2229 notis
1013 2188 1371 2241 praetermissum.

192 2257 367 2298 Glossae
387 2261 611 2298 auctorem
627 2256 807 2297 natione
830 2256 991 2296 Italum
1011 2255 1189 2309 prodere
1209 2254 1420 2296 videntur.
1473 2254 1590 2294 Nam

135 2324 230 2365 ‘si’
262 2326 428 2377 saepius
461 2325 651 2365 usitatur
683 2336 743 2364 ex
773 2336 895 2364 more
929 2323 1099 2364 Italicae
1129 2323 1251 2363 vocis
1283 2336 1321 2361 se
1356 2335 1438 2375 pro
1481 2325 1492 2344 ‘
1509 2322 1594 2371 an,’

136 2396 150 2414 ‘
166 2391 295 2433 num!
355 2390 466 2432 Cum
487 2403 589 2431 vero
611 2390 778 2432 codicis
800 2390 1064 2443 scriptorem
1087 2389 1275 2429 eundem
1305 2401 1404 2429 esse
1440 2395 1593 2442 putem

136 2473 235 2500 cum
255 2459 510 2507 scholiasta,
543 2456 687 2498 codex
708 2456 894 2497 sortasse
914 2457 957 2496 in
977 2456 1113 2497 Italia
1131 2456 1320 2508 scriptus
1341 2459 1421 2495 est.

194 2525 331 2576 Quod
357 2526 413 2566 ad
444 2529 608 2566 textum
629 2525 778 2578 ipsum
799 2523 1005 2573 Terentii,
1027 2523 1171 2577 qualis
1191 2523 1235 2562 in
1254 2523 1338 2563 hoc
1360 2522 1514 2563 codice
1535 2523 1593 2563 le-

136 2594 266 2647 gitur,
289 2593 459 2641 attinet,
483 2592 732 2645 saepissime
757 2604 857 2631 cum
874 2590 1103 2632 codicibus
1124 2590 1238 2638 istis,
1258 2590 1349 2643 qui,
1365 2589 1594 2643 judicibus

137 2660 245 2700 viris
281 2659 479 2709 summis,
519 2658 691 2698 Fa‘erno
726 2661 770 2698 et
801 2657 1018 2706 Bensseio,
1049 2657 1241 2710 palmam
1264 2657 1422 2697 ceteris
1443 2658 1594 2710 praeri-

140 2728 282 2781 piunt,
314 2726 559 2776 consentit;
589 2724 710 2778 quod
731 2724 912 2766 cuilibet
933 2724 1079 2766 Notas
1109 2728 1282 2765 nostras
1313 2725 1593 2777 percurrenti,
