<?xml version="1.0" encoding="UTF-8"?>
<!DOCTYPE html PUBLIC "-//W3C//DTD XHTML 1.0 Transitional//EN"
    "http://www.w3.org/TR/xhtml1/DTD/xhtml1-transitional.dtd">
<html xmlns="http://www.w3.org/1999/xhtml" xml:lang="en" lang="en">
 <head>
  <title>
</title>
<meta http-equiv="Content-Type" content="text/html;charset=utf-8" />
  <meta name='ocr-system' content='tesseract 3.04.00' />
  <meta name='ocr-capabilities' content='ocr_page ocr_carea ocr_par ocr_line ocrx_word'/>
</head>
<body>
  <div class='ocr_page' id='page_1' title='image "./pubterentiiafric01tereuoft/pubterentiiafric01tereuoft_0177.png"; bbox 0 0 1903 3306; ppageno 0'>
   <div class='ocr_carea' id='block_1_1' title="bbox 261 231 1561 271">
    <p class='ocr_par' dir='ltr' id='par_1_1' title="bbox 261 231 1561 271">
     <span class='ocr_line' id='line_1_1' title="bbox 261 231 1561 271; baseline 0.002 -3"><span class='ocrx_word' id='word_1_1' title='bbox 261 238 435 268; x_wconf 77' lang='lat' dir='ltr'>JOACH.</span> <span class='ocrx_word' id='word_1_2' title='bbox 470 235 798 267; x_wconf 72' lang='lat' dir='ltr'>cAMERARms</span> <span class='ocrx_word' id='word_1_3' title='bbox 834 235 895 263; x_wconf 85' lang='lat' dir='ltr'>DE</span> <span class='ocrx_word' id='word_1_4' title='bbox 929 235 1126 265; x_wconf 73' lang='lat' dir='ltr'>comicis</span> <span class='ocrx_word' id='word_1_5' title='bbox 1161 238 1416 268; x_wconf 62' lang='lat' dir='ltr'>vitasinvs.</span> <span class='ocrx_word' id='word_1_6' title='bbox 1479 231 1561 271; x_wconf 80' lang='lat'>167</span> 
     </span>
    </p>
   </div>
   <div class='ocr_carea' id='block_1_2' title="bbox 470 405 1190 448">
    <p class='ocr_par' dir='ltr' id='par_1_2' title="bbox 470 405 1190 448">
     <span class='ocr_line' id='line_1_2' title="bbox 470 405 1190 448; baseline 0 -1"><span class='ocrx_word' id='word_1_7' title='bbox 470 405 790 448; x_wconf 89' lang='lat' dir='ltr'><strong>JOACHIMI</strong></span> <span class='ocrx_word' id='word_1_8' title='bbox 823 405 1190 448; x_wconf 83' lang='lat' dir='ltr'><strong>CAMERARII</strong></span> 
     </span>
    </p>
   </div>
   <div class='ocr_carea' id='block_1_3' title="bbox 344 528 1315 567">
    <p class='ocr_par' dir='ltr' id='par_1_3' title="bbox 344 528 1315 567">
     <span class='ocr_line' id='line_1_3' title="bbox 344 528 1315 567; baseline 0 -1"><span class='ocrx_word' id='word_1_9' title='bbox 344 529 416 566; x_wconf 94' lang='lat' dir='ltr'>DE</span> <span class='ocrx_word' id='word_1_10' title='bbox 462 529 688 567; x_wconf 87' lang='lat' dir='ltr'>COMICIS</span> <span class='ocrx_word' id='word_1_11' title='bbox 733 529 995 566; x_wconf 85' lang='lat' dir='ltr'>VERSIBUS</span> <span class='ocrx_word' id='word_1_12' title='bbox 1044 528 1315 566; x_wconf 76' lang='lat' dir='ltr'>DIATRIBA.</span> 
     </span>
    </p>
   </div>
   <div class='ocr_carea' id='block_1_4' title="bbox 91 646 1560 2804">
    <p class='ocr_par' dir='ltr' id='par_1_4' title="bbox 91 646 1560 2804">
     <span class='ocr_line' id='line_1_4' title="bbox 107 646 1560 699; baseline 0 -14"><span class='ocrx_word' id='word_1_13' title='bbox 107 649 173 685; x_wconf 80' lang='lat' dir='ltr'>DE</span> <span class='ocrx_word' id='word_1_14' title='bbox 193 647 335 686; x_wconf 88' lang='lat' dir='ltr'>Plauto</span> <span class='ocrx_word' id='word_1_15' title='bbox 355 648 590 686; x_wconf 89' lang='lat' dir='ltr'>Fabularum</span> <span class='ocrx_word' id='word_1_16' title='bbox 610 649 770 686; x_wconf 87' lang='lat' dir='ltr'>istarum</span> <span class='ocrx_word' id='word_1_17' title='bbox 790 654 948 685; x_wconf 88' lang='lat' dir='ltr'>auctore</span> <span class='ocrx_word' id='word_1_18' title='bbox 967 661 1093 698; x_wconf 84' lang='lat' dir='ltr'>pauca</span> <span class='ocrx_word' id='word_1_19' title='bbox 1114 646 1256 694; x_wconf 83' lang='lat' dir='ltr'>dicam,</span> <span class='ocrx_word' id='word_1_20' title='bbox 1291 648 1328 684; x_wconf 93' lang='lat' dir='ltr'>in</span> <span class='ocrx_word' id='word_1_21' title='bbox 1366 649 1495 699; x_wconf 83' lang='lat' dir='ltr'>primis</span> <span class='ocrx_word' id='word_1_22' title='bbox 1517 655 1560 685; x_wconf 91' lang='lat' dir='ltr'>ut</span> 
     </span>
     <span class='ocr_line' id='line_1_5' title="bbox 105 710 1557 763; baseline -0.001 -14"><span class='ocrx_word' id='word_1_23' title='bbox 105 718 260 750; x_wconf 89' lang='lat' dir='ltr'>constet</span> <span class='ocrx_word' id='word_1_24' title='bbox 276 724 354 763; x_wconf 90' lang='lat' dir='ltr'>quo</span> <span class='ocrx_word' id='word_1_25' title='bbox 373 718 546 762; x_wconf 84' lang='lat' dir='ltr'>ternpore</span> <span class='ocrx_word' id='word_1_26' title='bbox 576 711 724 749; x_wconf 88' lang='lat' dir='ltr'>vixerit.</span> <span class='ocrx_word' id='word_1_27' title='bbox 784 711 900 748; x_wconf 90' lang='lat' dir='ltr'>Hunc</span> <span class='ocrx_word' id='word_1_28' title='bbox 931 710 1099 748; x_wconf 85' lang='lat' dir='ltr'>incidere</span> <span class='ocrx_word' id='word_1_29' title='bbox 1133 711 1172 747; x_wconf 90' lang='lat' dir='ltr'>in</span> <span class='ocrx_word' id='word_1_30' title='bbox 1203 717 1358 748; x_wconf 85' lang='lat' dir='ltr'>aetatem</span> <span class='ocrx_word' id='word_1_31' title='bbox 1381 711 1557 756; x_wconf 85' lang='lat' dir='ltr'>Catonis,</span> 
     </span>
     <span class='ocr_line' id='line_1_6' title="bbox 104 774 1558 826; baseline 0.001 -15"><span class='ocrx_word' id='word_1_32' title='bbox 104 787 182 824; x_wconf 91' lang='lat' dir='ltr'>quo</span> <span class='ocrx_word' id='word_1_33' title='bbox 214 781 253 813; x_wconf 90' lang='lat' dir='ltr'>et</span> <span class='ocrx_word' id='word_1_34' title='bbox 282 775 367 826; x_wconf 91' lang='lat' dir='ltr'>ipso</span> <span class='ocrx_word' id='word_1_35' title='bbox 397 788 558 813; x_wconf 86' lang='lat' dir='ltr'>censore</span> <span class='ocrx_word' id='word_1_36' title='bbox 584 782 777 812; x_wconf 81' lang='lat' dir='ltr'>mortuum</span> <span class='ocrx_word' id='word_1_37' title='bbox 798 787 898 820; x_wconf 86' lang='lat' dir='ltr'>esse,</span> <span class='ocrx_word' id='word_1_38' title='bbox 931 774 1084 824; x_wconf 84' lang='lat' dir='ltr'>scripsit</span> <span class='ocrx_word' id='word_1_39' title='bbox 1104 774 1255 821; x_wconf 89' lang='lat' dir='ltr'>Cicero,</span> <span class='ocrx_word' id='word_1_40' title='bbox 1290 781 1379 812; x_wconf 87' lang='lat' dir='ltr'>ante</span> <span class='ocrx_word' id='word_1_41' title='bbox 1400 787 1441 812; x_wconf 93' lang='lat' dir='ltr'>se</span> <span class='ocrx_word' id='word_1_42' title='bbox 1463 776 1558 813; x_wconf 88' lang='lat' dir='ltr'>Cos.</span> 
     </span>
     <span class='ocr_line' id='line_1_7' title="bbox 108 837 1557 885; baseline 0.001 -10"><span class='ocrx_word' id='word_1_43' title='bbox 108 839 196 876; x_wconf 87' lang='lat'>160.</span> <span class='ocrx_word' id='word_1_44' title='bbox 231 838 357 884; x_wconf 87' lang='lat' dir='ltr'>annis,</span> <span class='ocrx_word' id='word_1_45' title='bbox 390 838 465 876; x_wconf 87' lang='lat' dir='ltr'>hoc</span> <span class='ocrx_word' id='word_1_46' title='bbox 494 845 567 885; x_wconf 89' lang='lat' dir='ltr'>est,</span> <span class='ocrx_word' id='word_1_47' title='bbox 602 839 650 876; x_wconf 85' lang='lat' dir='ltr'>ab</span> <span class='ocrx_word' id='word_1_48' title='bbox 685 838 733 876; x_wconf 90' lang='lat' dir='ltr'>U.</span> <span class='ocrx_word' id='word_1_49' title='bbox 755 838 801 876; x_wconf 89' lang='lat' dir='ltr'>C.</span> <span class='ocrx_word' id='word_1_50' title='bbox 835 838 985 875; x_wconf 80' lang='lat' dir='ltr'>circiter</span> <span class='ocrx_word' id='word_1_51' title='bbox 1020 838 1069 876; x_wconf 94' lang='lat' dir='ltr'>D.</span> <span class='ocrx_word' id='word_1_52' title='bbox 1091 838 1135 876; x_wconf 92' lang='lat' dir='ltr'>P.</span> <span class='ocrx_word' id='word_1_53' title='bbox 1159 837 1340 884; x_wconf 88' lang='lat' dir='ltr'>Claudio,</span> <span class='ocrx_word' id='word_1_54' title='bbox 1361 838 1404 875; x_wconf 90' lang='lat' dir='ltr'>L.</span> <span class='ocrx_word' id='word_1_55' title='bbox 1425 837 1557 876; x_wconf 89' lang='lat' dir='ltr'>Portio</span> 
     </span>
     <span class='ocr_line' id='line_1_8' title="bbox 105 900 1555 953; baseline 0.002 -16"><span class='ocrx_word' id='word_1_56' title='bbox 105 901 218 938; x_wconf 87' lang='lat' dir='ltr'>Coss.</span> <span class='ocrx_word' id='word_1_57' title='bbox 240 901 361 952; x_wconf 84' lang='lat' dir='ltr'>Cujus</span> <span class='ocrx_word' id='word_1_58' title='bbox 383 902 524 948; x_wconf 75' lang='lat' dir='ltr'>aetatis,</span> <span class='ocrx_word' id='word_1_59' title='bbox 544 901 583 939; x_wconf 93' lang='lat' dir='ltr'>in</span> <span class='ocrx_word' id='word_1_60' title='bbox 604 914 720 952; x_wconf 90' lang='lat' dir='ltr'>quam</span> <span class='ocrx_word' id='word_1_61' title='bbox 743 900 901 939; x_wconf 88' lang='lat' dir='ltr'>Naevius</span> <span class='ocrx_word' id='word_1_62' title='bbox 923 914 1079 952; x_wconf 91' lang='lat' dir='ltr'>quoque</span> <span class='ocrx_word' id='word_1_63' title='bbox 1098 901 1322 948; x_wconf 80' lang='lat' dir='ltr'>includitur,</span> <span class='ocrx_word' id='word_1_64' title='bbox 1346 901 1555 953; x_wconf 82' lang='lat' dir='ltr'>participes</span> 
     </span>
     <span class='ocr_line' id='line_1_9' title="bbox 101 964 1556 1016; baseline 0.001 -15"><span class='ocrx_word' id='word_1_65' title='bbox 101 964 208 1002; x_wconf 87' lang='lat' dir='ltr'>fuere</span> <span class='ocrx_word' id='word_1_66' title='bbox 227 965 328 1003; x_wconf 88' lang='lat' dir='ltr'>ultra</span> <span class='ocrx_word' id='word_1_67' title='bbox 347 966 519 1016; x_wconf 88' lang='lat' dir='ltr'>citraque</span> <span class='ocrx_word' id='word_1_68' title='bbox 540 965 704 1012; x_wconf 85' lang='lat' dir='ltr'>Ennius,</span> <span class='ocrx_word' id='word_1_69' title='bbox 725 965 922 1011; x_wconf 69' lang='lat' dir='ltr'>Caecilius,</span> <span class='ocrx_word' id='word_1_70' title='bbox 943 965 1153 1011; x_wconf 89' lang='lat' dir='ltr'>Pacuvius,</span> <span class='ocrx_word' id='word_1_71' title='bbox 1173 965 1388 1004; x_wconf 84' lang='lat' dir='ltr'>Terentius.</span> <span class='ocrx_word' id='word_1_72' title='bbox 1429 965 1556 1002; x_wconf 86' lang='lat' dir='ltr'>Pacu-</span> 
     </span>
     <span class='ocr_line' id='line_1_10' title="bbox 101 1028 1556 1079; baseline 0 -14"><span class='ocrx_word' id='word_1_73' title='bbox 101 1028 204 1066; x_wconf 90' lang='lat' dir='ltr'>vium</span> <span class='ocrx_word' id='word_1_74' title='bbox 223 1028 378 1079; x_wconf 88' lang='lat' dir='ltr'>quidem</span> <span class='ocrx_word' id='word_1_75' title='bbox 400 1042 444 1068; x_wconf 91' lang='lat' dir='ltr'>ac</span> <span class='ocrx_word' id='word_1_76' title='bbox 464 1029 665 1068; x_wconf 82' lang='lat' dir='ltr'>Caecilium</span> <span class='ocrx_word' id='word_1_77' title='bbox 699 1029 799 1067; x_wconf 84' lang='lat' dir='ltr'>male</span> <span class='ocrx_word' id='word_1_78' title='bbox 833 1029 1002 1075; x_wconf 88' lang='lat' dir='ltr'>locutos,</span> <span class='ocrx_word' id='word_1_79' title='bbox 1038 1030 1173 1068; x_wconf 90' lang='lat' dir='ltr'>Cicero</span> <span class='ocrx_word' id='word_1_80' title='bbox 1205 1030 1270 1067; x_wconf 88' lang='lat' dir='ltr'>ait.</span> <span class='ocrx_word' id='word_1_81' title='bbox 1328 1028 1495 1066; x_wconf 88' lang='lat' dir='ltr'>Ennium</span> <span class='ocrx_word' id='word_1_82' title='bbox 1517 1035 1556 1065; x_wconf 88' lang='lat' dir='ltr'>et</span> 
     </span>
     <span class='ocr_line' id='line_1_11' title="bbox 102 1091 1555 1144; baseline 0.001 -16"><span class='ocrx_word' id='word_1_83' title='bbox 102 1091 282 1130; x_wconf 88' lang='lat' dir='ltr'>Naevium</span> <span class='ocrx_word' id='word_1_84' title='bbox 301 1095 451 1144; x_wconf 87' lang='lat' dir='ltr'>probat.</span> <span class='ocrx_word' id='word_1_85' title='bbox 509 1094 587 1131; x_wconf 87' lang='lat' dir='ltr'>Sed</span> <span class='ocrx_word' id='word_1_86' title='bbox 607 1100 740 1132; x_wconf 91' lang='lat' dir='ltr'>nostro</span> <span class='ocrx_word' id='word_1_87' title='bbox 763 1093 892 1131; x_wconf 88' lang='lat' dir='ltr'>studio</span> <span class='ocrx_word' id='word_1_88' title='bbox 914 1093 1070 1131; x_wconf 89' lang='lat' dir='ltr'>relictus</span> <span class='ocrx_word' id='word_1_89' title='bbox 1091 1099 1150 1131; x_wconf 86' lang='lat' dir='ltr'>est</span> <span class='ocrx_word' id='word_1_90' title='bbox 1170 1093 1332 1130; x_wconf 82' lang='lat' dir='ltr'>Plautus</span> <span class='ocrx_word' id='word_1_91' title='bbox 1353 1099 1393 1130; x_wconf 92' lang='lat' dir='ltr'>et</span> <span class='ocrx_word' id='word_1_92' title='bbox 1411 1092 1555 1130; x_wconf 88' lang='lat' dir='ltr'>Teren-</span> 
     </span>
     <span class='ocr_line' id='line_1_12' title="bbox 99 1155 1556 1208; baseline -0.001 -14"><span class='ocrx_word' id='word_1_93' title='bbox 99 1155 176 1194; x_wconf 88' lang='lat' dir='ltr'>tius</span> <span class='ocrx_word' id='word_1_94' title='bbox 196 1162 361 1196; x_wconf 87' lang='lat' dir='ltr'>tantum.</span> <span class='ocrx_word' id='word_1_95' title='bbox 420 1158 481 1195; x_wconf 91' lang='lat' dir='ltr'>De</span> <span class='ocrx_word' id='word_1_96' title='bbox 514 1157 574 1195; x_wconf 86' lang='lat' dir='ltr'>his</span> <span class='ocrx_word' id='word_1_97' title='bbox 607 1157 724 1208; x_wconf 88' lang='lat' dir='ltr'>igitur</span> <span class='ocrx_word' id='word_1_98' title='bbox 753 1156 924 1208; x_wconf 87' lang='lat' dir='ltr'>petenda</span> <span class='ocrx_word' id='word_1_99' title='bbox 956 1157 1077 1194; x_wconf 86' lang='lat' dir='ltr'>forma</span> <span class='ocrx_word' id='word_1_100' title='bbox 1104 1156 1252 1193; x_wconf 89' lang='lat' dir='ltr'>Latinae</span> <span class='ocrx_word' id='word_1_101' title='bbox 1272 1155 1496 1200; x_wconf 88' lang='lat' dir='ltr'>locutionis,</span> <span class='ocrx_word' id='word_1_102' title='bbox 1517 1163 1556 1193; x_wconf 90' lang='lat' dir='ltr'>et</span> 
     </span>
     <span class='ocr_line' id='line_1_13' title="bbox 101 1219 1553 1273; baseline -0.001 -17"><span class='ocrx_word' id='word_1_103' title='bbox 101 1220 353 1259; x_wconf 88' lang='lat' dir='ltr'>sternendum</span> <span class='ocrx_word' id='word_1_104' title='bbox 373 1222 485 1272; x_wconf 86' lang='lat' dir='ltr'>quasi</span> <span class='ocrx_word' id='word_1_105' title='bbox 515 1222 654 1268; x_wconf 89' lang='lat' dir='ltr'>solum,</span> <span class='ocrx_word' id='word_1_106' title='bbox 685 1234 799 1273; x_wconf 90' lang='lat' dir='ltr'>super</span> <span class='ocrx_word' id='word_1_107' title='bbox 819 1233 896 1271; x_wconf 92' lang='lat' dir='ltr'>quo</span> <span class='ocrx_word' id='word_1_108' title='bbox 917 1221 1038 1258; x_wconf 85' lang='lat' dir='ltr'>oratio</span> <span class='ocrx_word' id='word_1_109' title='bbox 1058 1221 1161 1258; x_wconf 90' lang='lat' dir='ltr'>bona</span> <span class='ocrx_word' id='word_1_110' title='bbox 1180 1226 1219 1257; x_wconf 93' lang='lat' dir='ltr'>et</span> <span class='ocrx_word' id='word_1_111' title='bbox 1239 1219 1397 1265; x_wconf 88' lang='lat' dir='ltr'>diserta,</span> <span class='ocrx_word' id='word_1_112' title='bbox 1427 1219 1553 1256; x_wconf 87' lang='lat' dir='ltr'>verbis</span> 
     </span>
     <span class='ocr_line' id='line_1_14' title="bbox 100 1283 1552 1336; baseline -0.001 -16"><span class='ocrx_word' id='word_1_113' title='bbox 100 1289 139 1320; x_wconf 88' lang='lat' dir='ltr'>et</span> <span class='ocrx_word' id='word_1_114' title='bbox 166 1285 367 1322; x_wconf 86' lang='lat' dir='ltr'>sententiis</span> <span class='ocrx_word' id='word_1_115' title='bbox 395 1292 484 1336; x_wconf 87' lang='lat' dir='ltr'>apte</span> <span class='ocrx_word' id='word_1_116' title='bbox 512 1292 737 1323; x_wconf 88' lang='lat' dir='ltr'>constructa</span> <span class='ocrx_word' id='word_1_117' title='bbox 770 1285 996 1323; x_wconf 86' lang='lat' dir='ltr'>collocetur.</span> <span class='ocrx_word' id='word_1_118' title='bbox 1055 1285 1145 1322; x_wconf 91' lang='lat' dir='ltr'>Non</span> <span class='ocrx_word' id='word_1_119' title='bbox 1175 1284 1276 1321; x_wconf 86' lang='lat' dir='ltr'>enim</span> <span class='ocrx_word' id='word_1_120' title='bbox 1307 1283 1552 1333; x_wconf 87' lang='lat' dir='ltr'>compositio,</span> 
     </span>
     <span class='ocr_line' id='line_1_15' title="bbox 98 1348 1555 1400; baseline 0.003 -17"><span class='ocrx_word' id='word_1_121' title='bbox 98 1359 225 1396; x_wconf 89' lang='lat' dir='ltr'>neque</span> <span class='ocrx_word' id='word_1_122' title='bbox 245 1348 364 1385; x_wconf 92' lang='lat' dir='ltr'>veluti</span> <span class='ocrx_word' id='word_1_123' title='bbox 383 1348 591 1387; x_wconf 87' lang='lat' dir='ltr'>aedificatio</span> <span class='ocrx_word' id='word_1_124' title='bbox 613 1349 740 1400; x_wconf 87' lang='lat' dir='ltr'>qualis</span> <span class='ocrx_word' id='word_1_125' title='bbox 761 1361 847 1386; x_wconf 87' lang='lat' dir='ltr'>esse</span> <span class='ocrx_word' id='word_1_126' title='bbox 874 1348 1016 1387; x_wconf 84' lang='lat' dir='ltr'>debeat</span> <span class='ocrx_word' id='word_1_127' title='bbox 1049 1348 1165 1392; x_wconf 90' lang='lat' dir='ltr'>illius,</span> <span class='ocrx_word' id='word_1_128' title='bbox 1198 1348 1288 1386; x_wconf 92' lang='lat' dir='ltr'>hinc</span> <span class='ocrx_word' id='word_1_129' title='bbox 1308 1348 1493 1398; x_wconf 82' lang='lat' dir='ltr'>cognosci</span> <span class='ocrx_word' id='word_1_130' title='bbox 1513 1355 1555 1387; x_wconf 84' lang='lat' dir='ltr'>et</span> 
     </span>
     <span class='ocr_line' id='line_1_16' title="bbox 99 1409 1551 1462; baseline 0.002 -16"><span class='ocrx_word' id='word_1_131' title='bbox 99 1409 196 1447; x_wconf 90' lang='lat' dir='ltr'>disci</span> <span class='ocrx_word' id='word_1_132' title='bbox 215 1418 357 1462; x_wconf 88' lang='lat' dir='ltr'>potest.</span> <span class='ocrx_word' id='word_1_133' title='bbox 414 1412 539 1450; x_wconf 88' lang='lat' dir='ltr'>Etiam</span> <span class='ocrx_word' id='word_1_134' title='bbox 561 1413 762 1450; x_wconf 71' lang='lat' dir='ltr'>munditiae</span> <span class='ocrx_word' id='word_1_135' title='bbox 783 1419 821 1449; x_wconf 90' lang='lat' dir='ltr'>et</span> <span class='ocrx_word' id='word_1_136' title='bbox 840 1412 967 1457; x_wconf 85' lang='lat' dir='ltr'>nitori,</span> <span class='ocrx_word' id='word_1_137' title='bbox 995 1418 1047 1458; x_wconf 89' lang='lat' dir='ltr'>et,</span> <span class='ocrx_word' id='word_1_138' title='bbox 1068 1418 1111 1449; x_wconf 91' lang='lat' dir='ltr'>ut</span> <span class='ocrx_word' id='word_1_139' title='bbox 1129 1412 1185 1448; x_wconf 89' lang='lat' dir='ltr'>ita</span> <span class='ocrx_word' id='word_1_140' title='bbox 1204 1411 1344 1457; x_wconf 89' lang='lat' dir='ltr'>dicam,</span> <span class='ocrx_word' id='word_1_141' title='bbox 1365 1411 1551 1449; x_wconf 89' lang='lat' dir='ltr'>innocen-</span> 
     </span>
     <span class='ocr_line' id='line_1_17' title="bbox 96 1473 1552 1526; baseline 0.002 -16"><span class='ocrx_word' id='word_1_142' title='bbox 96 1474 162 1511; x_wconf 88' lang='lat' dir='ltr'>tiae</span> <span class='ocrx_word' id='word_1_143' title='bbox 183 1486 228 1511; x_wconf 88' lang='lat' dir='ltr'>ac</span> <span class='ocrx_word' id='word_1_144' title='bbox 247 1473 459 1525; x_wconf 82' lang='lat' dir='ltr'>integritati</span> <span class='ocrx_word' id='word_1_145' title='bbox 480 1475 666 1513; x_wconf 88' lang='lat' dir='ltr'>sermonis</span> <span class='ocrx_word' id='word_1_146' title='bbox 688 1476 897 1525; x_wconf 82' lang='lat' dir='ltr'>antiquitas</span> <span class='ocrx_word' id='word_1_147' title='bbox 919 1475 1052 1521; x_wconf 83' lang='lat' dir='ltr'>officit,</span> <span class='ocrx_word' id='word_1_148' title='bbox 1083 1488 1171 1512; x_wconf 84' lang='lat' dir='ltr'>curn</span> <span class='ocrx_word' id='word_1_149' title='bbox 1191 1475 1281 1526; x_wconf 83' lang='lat' dir='ltr'>quia</span> <span class='ocrx_word' id='word_1_150' title='bbox 1301 1475 1471 1512; x_wconf 88' lang='lat' dir='ltr'>omnium</span> <span class='ocrx_word' id='word_1_151' title='bbox 1493 1488 1552 1513; x_wconf 85' lang='lat' dir='ltr'>re·</span> 
     </span>
     <span class='ocr_line' id='line_1_18' title="bbox 97 1538 1550 1590; baseline 0.001 -16"><span class='ocrx_word' id='word_1_152' title='bbox 97 1550 180 1575; x_wconf 88' lang='lat' dir='ltr'>rum</span> <span class='ocrx_word' id='word_1_153' title='bbox 200 1544 261 1575; x_wconf 89' lang='lat' dir='ltr'>est</span> <span class='ocrx_word' id='word_1_154' title='bbox 280 1550 351 1576; x_wconf 91' lang='lat' dir='ltr'>sua</span> <span class='ocrx_word' id='word_1_155' title='bbox 369 1538 580 1576; x_wconf 88' lang='lat' dir='ltr'>elaboratio</span> <span class='ocrx_word' id='word_1_156' title='bbox 611 1546 650 1577; x_wconf 87' lang='lat' dir='ltr'>et</span> <span class='ocrx_word' id='word_1_157' title='bbox 683 1539 900 1590; x_wconf 84' lang='lat' dir='ltr'>perpolitio,</span> <span class='ocrx_word' id='word_1_158' title='bbox 934 1552 1022 1589; x_wconf 89' lang='lat' dir='ltr'>quae</span> <span class='ocrx_word' id='word_1_159' title='bbox 1057 1539 1243 1589; x_wconf 83' lang='lat' dir='ltr'>perfectio</span> <span class='ocrx_word' id='word_1_160' title='bbox 1277 1539 1550 1585; x_wconf 84' lang='lat' dir='ltr'>existimanda,</span> 
     </span>
     <span class='ocr_line' id='line_1_19' title="bbox 97 1601 1551 1654; baseline 0.001 -16"><span class='ocrx_word' id='word_1_161' title='bbox 97 1607 178 1639; x_wconf 86' lang='lat' dir='ltr'>tum</span> <span class='ocrx_word' id='word_1_162' title='bbox 207 1601 314 1652; x_wconf 93' lang='lat' dir='ltr'>quod</span> <span class='ocrx_word' id='word_1_163' title='bbox 347 1602 518 1640; x_wconf 92' lang='lat' dir='ltr'>studium</span> <span class='ocrx_word' id='word_1_164' title='bbox 554 1602 760 1653; x_wconf 84' lang='lat' dir='ltr'>elegantiae</span> <span class='ocrx_word' id='word_1_165' title='bbox 789 1609 832 1640; x_wconf 90' lang='lat' dir='ltr'>ut</span> <span class='ocrx_word' id='word_1_166' title='bbox 862 1603 900 1639; x_wconf 91' lang='lat' dir='ltr'>in</span> <span class='ocrx_word' id='word_1_167' title='bbox 920 1602 1013 1648; x_wconf 89' lang='lat' dir='ltr'>vita,</span> <span class='ocrx_word' id='word_1_168' title='bbox 1034 1602 1090 1640; x_wconf 89' lang='lat' dir='ltr'>sic</span> <span class='ocrx_word' id='word_1_169' title='bbox 1112 1615 1288 1640; x_wconf 88' lang='lat' dir='ltr'>sermone</span> <span class='ocrx_word' id='word_1_170' title='bbox 1304 1616 1463 1654; x_wconf 69' lang='lat' dir='ltr'>vquoque</span> <span class='ocrx_word' id='word_1_171' title='bbox 1484 1603 1551 1640; x_wconf 87' lang='lat' dir='ltr'>illa</span> 
     </span>
     <span class='ocr_line' id='line_1_20' title="bbox 96 1665 1550 1718; baseline 0.002 -17"><span class='ocrx_word' id='word_1_172' title='bbox 96 1677 174 1703; x_wconf 89' lang='lat' dir='ltr'>non</span> <span class='ocrx_word' id='word_1_173' title='bbox 194 1665 409 1717; x_wconf 87' lang='lat' dir='ltr'>usurpavit.</span> <span class='ocrx_word' id='word_1_174' title='bbox 464 1667 711 1718; x_wconf 85' lang='lat' dir='ltr'>Quapropter</span> <span class='ocrx_word' id='word_1_175' title='bbox 730 1666 963 1717; x_wconf 83' lang='lat' dir='ltr'>posteriores</span> <span class='ocrx_word' id='word_1_176' title='bbox 994 1666 1033 1702; x_wconf 92' lang='lat' dir='ltr'>in</span> <span class='ocrx_word' id='word_1_177' title='bbox 1067 1679 1243 1704; x_wconf 82' lang='lat' dir='ltr'>sermone</span> <span class='ocrx_word' id='word_1_178' title='bbox 1262 1666 1432 1717; x_wconf 86' lang='lat' dir='ltr'>priorum</span> <span class='ocrx_word' id='word_1_179' title='bbox 1453 1680 1550 1705; x_wconf 86' lang='lat' dir='ltr'>non-</span> 
     </span>
     <span class='ocr_line' id='line_1_21' title="bbox 95 1729 1549 1782; baseline 0.002 -16"><span class='ocrx_word' id='word_1_180' title='bbox 95 1729 204 1766; x_wconf 89' lang='lat' dir='ltr'>nulla</span> <span class='ocrx_word' id='word_1_181' title='bbox 221 1737 421 1769; x_wconf 83' lang='lat' dir='ltr'>mutarunt</span> <span class='ocrx_word' id='word_1_182' title='bbox 438 1730 703 1776; x_wconf 81' lang='lat' dir='ltr'>emendantes,</span> <span class='ocrx_word' id='word_1_183' title='bbox 735 1731 895 1768; x_wconf 88' lang='lat' dir='ltr'>formam</span> <span class='ocrx_word' id='word_1_184' title='bbox 917 1738 1021 1768; x_wconf 84' lang='lat' dir='ltr'>certe</span> <span class='ocrx_word' id='word_1_185' title='bbox 1047 1731 1332 1782; x_wconf 89' lang='lat' dir='ltr'>componendo,</span> <span class='ocrx_word' id='word_1_186' title='bbox 1365 1738 1403 1768; x_wconf 91' lang='lat' dir='ltr'>et</span> <span class='ocrx_word' id='word_1_187' title='bbox 1436 1732 1549 1782; x_wconf 89' lang='lat' dir='ltr'>quasi</span> 
     </span>
     <span class='ocr_line' id='line_1_22' title="bbox 96 1793 1548 1846; baseline 0.001 -15"><span class='ocrx_word' id='word_1_188' title='bbox 96 1795 408 1845; x_wconf 84' lang='lat' dir='ltr'>coagmentando</span> <span class='ocrx_word' id='word_1_189' title='bbox 439 1802 555 1846; x_wconf 86' lang='lat' dir='ltr'>atque</span> <span class='ocrx_word' id='word_1_190' title='bbox 586 1794 902 1834; x_wconf 90' lang='lat' dir='ltr'>reconcinnando</span> <span class='ocrx_word' id='word_1_191' title='bbox 932 1793 1187 1832; x_wconf 84' lang='lat' dir='ltr'>reddiderunt</span> <span class='ocrx_word' id='word_1_192' title='bbox 1217 1802 1256 1832; x_wconf 87' lang='lat' dir='ltr'>et</span> <span class='ocrx_word' id='word_1_193' title='bbox 1289 1794 1548 1844; x_wconf 81' lang='lat' dir='ltr'>pulchriorem</span> 
     </span>
     <span class='ocr_line' id='line_1_23' title="bbox 96 1858 1547 1910; baseline 0 -15"><span class='ocrx_word' id='word_1_194' title='bbox 96 1865 135 1896; x_wconf 90' lang='lat' dir='ltr'>et</span> <span class='ocrx_word' id='word_1_195' title='bbox 155 1858 364 1897; x_wconf 90' lang='lat' dir='ltr'>meliorem.</span> <span class='ocrx_word' id='word_1_196' title='bbox 422 1860 518 1898; x_wconf 88' lang='lat' dir='ltr'>Haec</span> <span class='ocrx_word' id='word_1_197' title='bbox 545 1859 628 1910; x_wconf 88' lang='lat' dir='ltr'>jam</span> <span class='ocrx_word' id='word_1_198' title='bbox 658 1859 724 1897; x_wconf 93' lang='lat' dir='ltr'>illa</span> <span class='ocrx_word' id='word_1_199' title='bbox 744 1866 804 1897; x_wconf 89' lang='lat' dir='ltr'>est</span> <span class='ocrx_word' id='word_1_200' title='bbox 823 1866 929 1897; x_wconf 87' lang='lat' dir='ltr'>certa</span> <span class='ocrx_word' id='word_1_201' title='bbox 950 1865 989 1896; x_wconf 93' lang='lat' dir='ltr'>et</span> <span class='ocrx_word' id='word_1_202' title='bbox 1008 1866 1208 1904; x_wconf 87' lang='lat' dir='ltr'>constans,</span> <span class='ocrx_word' id='word_1_203' title='bbox 1240 1865 1357 1909; x_wconf 88' lang='lat' dir='ltr'>atque</span> <span class='ocrx_word' id='word_1_204' title='bbox 1377 1859 1547 1896; x_wconf 81' lang='lat' dir='ltr'>omnium</span> 
     </span>
     <span class='ocr_line' id='line_1_24' title="bbox 95 1922 1547 1974; baseline 0.001 -15"><span class='ocrx_word' id='word_1_205' title='bbox 95 1922 323 1961; x_wconf 88' lang='lat' dir='ltr'>eruditionis</span> <span class='ocrx_word' id='word_1_206' title='bbox 354 1932 471 1974; x_wconf 89' lang='lat' dir='ltr'>atque</span> <span class='ocrx_word' id='word_1_207' title='bbox 503 1925 690 1961; x_wconf 88' lang='lat' dir='ltr'>bonarum</span> <span class='ocrx_word' id='word_1_208' title='bbox 724 1925 860 1961; x_wconf 88' lang='lat' dir='ltr'>artium</span> <span class='ocrx_word' id='word_1_209' title='bbox 882 1923 1113 1973; x_wconf 87' lang='lat' dir='ltr'>cupidorum</span> <span class='ocrx_word' id='word_1_210' title='bbox 1133 1922 1336 1960; x_wconf 85' lang='lat' dir='ltr'>imitationi</span> <span class='ocrx_word' id='word_1_211' title='bbox 1357 1922 1441 1960; x_wconf 92' lang='lat' dir='ltr'>sola</span> <span class='ocrx_word' id='word_1_212' title='bbox 1460 1935 1547 1973; x_wconf 86' lang='lat' dir='ltr'>pro-</span> 
     </span>
     <span class='ocr_line' id='line_1_25' title="bbox 95 1986 1546 2038; baseline -0.001 -15"><span class='ocrx_word' id='word_1_213' title='bbox 95 1987 236 2036; x_wconf 87' lang='lat' dir='ltr'>posita,</span> <span class='ocrx_word' id='word_1_214' title='bbox 257 1988 472 2034; x_wconf 86' lang='lat' dir='ltr'>Ciceronis,</span> <span class='ocrx_word' id='word_1_215' title='bbox 494 1994 533 2025; x_wconf 92' lang='lat' dir='ltr'>et</span> <span class='ocrx_word' id='word_1_216' title='bbox 552 2001 682 2025; x_wconf 90' lang='lat' dir='ltr'>eorum</span> <span class='ocrx_word' id='word_1_217' title='bbox 704 1988 768 2038; x_wconf 92' lang='lat' dir='ltr'>qui</span> <span class='ocrx_word' id='word_1_218' title='bbox 790 1994 904 2024; x_wconf 86' lang='lat' dir='ltr'>aetate</span> <span class='ocrx_word' id='word_1_219' title='bbox 925 1987 992 2024; x_wconf 89' lang='lat' dir='ltr'>illa</span> <span class='ocrx_word' id='word_1_220' title='bbox 1011 1987 1211 2024; x_wconf 86' lang='lat' dir='ltr'>vixerunt:</span> <span class='ocrx_word' id='word_1_221' title='bbox 1243 1986 1313 2023; x_wconf 89' lang='lat' dir='ltr'>sed</span> <span class='ocrx_word' id='word_1_222' title='bbox 1335 1986 1546 2031; x_wconf 85' lang='lat' dir='ltr'>Ciceronis,</span> 
     </span>
     <span class='ocr_line' id='line_1_26' title="bbox 95 2048 1545 2101; baseline -0.001 -14"><span class='ocrx_word' id='word_1_223' title='bbox 95 2056 139 2087; x_wconf 92' lang='lat' dir='ltr'>ut</span> <span class='ocrx_word' id='word_1_224' title='bbox 167 2050 350 2101; x_wconf 88' lang='lat' dir='ltr'>principis</span> <span class='ocrx_word' id='word_1_225' title='bbox 384 2058 423 2088; x_wconf 91' lang='lat' dir='ltr'>et</span> <span class='ocrx_word' id='word_1_226' title='bbox 453 2051 619 2089; x_wconf 90' lang='lat' dir='ltr'>auctoris</span> <span class='ocrx_word' id='word_1_227' title='bbox 652 2051 800 2088; x_wconf 78' lang='lat' dir='ltr'>Latinae</span> <span class='ocrx_word' id='word_1_228' title='bbox 821 2050 980 2100; x_wconf 77' lang='lat' dir='ltr'>linguae,</span> <span class='ocrx_word' id='word_1_229' title='bbox 1016 2049 1064 2087; x_wconf 91' lang='lat' dir='ltr'>de</span> <span class='ocrx_word' id='word_1_230' title='bbox 1086 2062 1162 2099; x_wconf 90' lang='lat' dir='ltr'>quo</span> <span class='ocrx_word' id='word_1_231' title='bbox 1185 2048 1273 2086; x_wconf 86' lang='lat' dir='ltr'>alibi</span> <span class='ocrx_word' id='word_1_232' title='bbox 1293 2048 1545 2086; x_wconf 86' lang='lat' dir='ltr'>disseruimus</span> 
     </span>
     <span class='ocr_line' id='line_1_27' title="bbox 95 2112 1544 2166; baseline 0 -15"><span class='ocrx_word' id='word_1_233' title='bbox 95 2115 305 2164; x_wconf 82' lang='lat' dir='ltr'>copiosius,</span> <span class='ocrx_word' id='word_1_234' title='bbox 333 2127 422 2152; x_wconf 89' lang='lat' dir='ltr'>cum</span> <span class='ocrx_word' id='word_1_235' title='bbox 442 2124 578 2153; x_wconf 89' lang='lat' dir='ltr'>contra</span> <span class='ocrx_word' id='word_1_236' title='bbox 607 2115 903 2166; x_wconf 89' lang='lat' dir='ltr'>reprehensores</span> <span class='ocrx_word' id='word_1_237' title='bbox 939 2113 1053 2163; x_wconf 87' lang='lat' dir='ltr'>hujus</span> <span class='ocrx_word' id='word_1_238' title='bbox 1087 2112 1206 2151; x_wconf 77' lang='lat' dir='ltr'>studii</span> <span class='ocrx_word' id='word_1_239' title='bbox 1242 2112 1544 2164; x_wconf 82' lang='lat' dir='ltr'>disputaremus.</span> 
     </span>
     <span class='ocr_line' id='line_1_28' title="bbox 95 2176 1546 2230; baseline -0.001 -16"><span class='ocrx_word' id='word_1_240' title='bbox 95 2177 194 2215; x_wconf 90' lang='lat' dir='ltr'>Haec</span> <span class='ocrx_word' id='word_1_241' title='bbox 214 2185 342 2216; x_wconf 86' lang='lat' dir='ltr'>autem</span> <span class='ocrx_word' id='word_1_242' title='bbox 362 2178 427 2229; x_wconf 92' lang='lat' dir='ltr'>qui</span> <span class='ocrx_word' id='word_1_243' title='bbox 446 2179 698 2230; x_wconf 82' lang='lat' dir='ltr'>perspexerit,</span> <span class='ocrx_word' id='word_1_244' title='bbox 727 2178 765 2214; x_wconf 92' lang='lat' dir='ltr'>in</span> <span class='ocrx_word' id='word_1_245' title='bbox 788 2177 978 2215; x_wconf 88' lang='lat' dir='ltr'>Plautinis</span> <span class='ocrx_word' id='word_1_246' title='bbox 999 2184 1038 2214; x_wconf 90' lang='lat' dir='ltr'>et</span> <span class='ocrx_word' id='word_1_247' title='bbox 1057 2176 1298 2214; x_wconf 89' lang='lat' dir='ltr'>Terentianis</span> <span class='ocrx_word' id='word_1_248' title='bbox 1319 2176 1471 2226; x_wconf 87' lang='lat' dir='ltr'>scriptis</span> <span class='ocrx_word' id='word_1_249' title='bbox 1491 2177 1546 2213; x_wconf 84' lang='lat' dir='ltr'>ita</span> 
     </span>
     <span class='ocr_line' id='line_1_29' title="bbox 92 2240 1546 2292; baseline 0 -14"><span class='ocrx_word' id='word_1_250' title='bbox 92 2241 321 2288; x_wconf 88' lang='lat' dir='ltr'>versabitur,</span> <span class='ocrx_word' id='word_1_251' title='bbox 341 2249 385 2280; x_wconf 92' lang='lat' dir='ltr'>ut</span> <span class='ocrx_word' id='word_1_252' title='bbox 403 2243 516 2292; x_wconf 85' lang='lat' dir='ltr'>quasi</span> <span class='ocrx_word' id='word_1_253' title='bbox 535 2243 735 2280; x_wconf 87' lang='lat' dir='ltr'>materiam</span> <span class='ocrx_word' id='word_1_254' title='bbox 757 2241 941 2279; x_wconf 83' lang='lat' dir='ltr'>orationis</span> <span class='ocrx_word' id='word_1_255' title='bbox 961 2241 1089 2286; x_wconf 89' lang='lat' dir='ltr'>bonae,</span> <span class='ocrx_word' id='word_1_256' title='bbox 1124 2246 1175 2286; x_wconf 88' lang='lat' dir='ltr'>et,</span> <span class='ocrx_word' id='word_1_257' title='bbox 1211 2240 1242 2278; x_wconf 90' lang='lat' dir='ltr'>si</span> <span class='ocrx_word' id='word_1_258' title='bbox 1271 2241 1330 2277; x_wconf 85' lang='lat' dir='ltr'>fas</span> <span class='ocrx_word' id='word_1_259' title='bbox 1352 2240 1462 2277; x_wconf 90' lang='lat' dir='ltr'>nobis</span> <span class='ocrx_word' id='word_1_260' title='bbox 1485 2247 1546 2278; x_wconf 86' lang='lat' dir='ltr'>est</span> 
     </span>
     <span class='ocr_line' id='line_1_30' title="bbox 95 2303 1541 2356; baseline -0.001 -14"><span class='ocrx_word' id='word_1_261' title='bbox 95 2304 236 2351; x_wconf 88' lang='lat' dir='ltr'>dicere,</span> <span class='ocrx_word' id='word_1_262' title='bbox 265 2306 496 2356; x_wconf 86' lang='lat' dir='ltr'>eloquentiae</span> <span class='ocrx_word' id='word_1_263' title='bbox 528 2306 675 2344; x_wconf 85' lang='lat' dir='ltr'>Latinae</span> <span class='ocrx_word' id='word_1_264' title='bbox 706 2307 754 2344; x_wconf 88' lang='lat' dir='ltr'>ab</span> <span class='ocrx_word' id='word_1_265' title='bbox 783 2305 858 2343; x_wconf 90' lang='lat' dir='ltr'>illis</span> <span class='ocrx_word' id='word_1_266' title='bbox 893 2313 1033 2351; x_wconf 85' lang='lat' dir='ltr'>sumat,</span> <span class='ocrx_word' id='word_1_267' title='bbox 1063 2318 1187 2355; x_wconf 88' lang='lat' dir='ltr'>neque</span> <span class='ocrx_word' id='word_1_268' title='bbox 1223 2304 1261 2340; x_wconf 89' lang='lat' dir='ltr'>in</span> <span class='ocrx_word' id='word_1_269' title='bbox 1297 2303 1450 2341; x_wconf 90' lang='lat' dir='ltr'>delectu</span> <span class='ocrx_word' id='word_1_270' title='bbox 1484 2303 1541 2341; x_wconf 86' lang='lat' dir='ltr'>vel</span> 
     </span>
     <span class='ocr_line' id='line_1_31' title="bbox 92 2366 1543 2421; baseline -0.001 -15"><span class='ocrx_word' id='word_1_271' title='bbox 92 2370 295 2406; x_wconf 89' lang='lat' dir='ltr'>verborum</span> <span class='ocrx_word' id='word_1_272' title='bbox 315 2370 376 2408; x_wconf 90' lang='lat' dir='ltr'>vel</span> <span class='ocrx_word' id='word_1_273' title='bbox 393 2371 602 2421; x_wconf 84' lang='lat' dir='ltr'>figurarum</span> <span class='ocrx_word' id='word_1_274' title='bbox 624 2371 810 2409; x_wconf 89' lang='lat' dir='ltr'>sermonis</span> <span class='ocrx_word' id='word_1_275' title='bbox 829 2369 1141 2407; x_wconf 88' lang='lat' dir='ltr'>hallucinabitur.</span> <span class='ocrx_word' id='word_1_276' title='bbox 1189 2367 1266 2406; x_wconf 89' lang='lat' dir='ltr'>Sed</span> <span class='ocrx_word' id='word_1_277' title='bbox 1286 2367 1334 2405; x_wconf 91' lang='lat' dir='ltr'>de</span> <span class='ocrx_word' id='word_1_278' title='bbox 1354 2366 1427 2405; x_wconf 90' lang='lat' dir='ltr'>hoc</span> <span class='ocrx_word' id='word_1_279' title='bbox 1441 2367 1543 2417; x_wconf 86' lang='lat' dir='ltr'>jam-</span> 
     </span>
     <span class='ocr_line' id='line_1_32' title="bbox 93 2431 1540 2481; baseline -0.001 -12"><span class='ocrx_word' id='word_1_280' title='bbox 93 2431 237 2469; x_wconf 91' lang='lat' dir='ltr'>dudum</span> <span class='ocrx_word' id='word_1_281' title='bbox 260 2433 368 2471; x_wconf 87' lang='lat' dir='ltr'>satis.</span> <span class='ocrx_word' id='word_1_282' title='bbox 427 2433 487 2471; x_wconf 89' lang='lat' dir='ltr'>De</span> <span class='ocrx_word' id='word_1_283' title='bbox 507 2434 655 2471; x_wconf 84' lang='lat' dir='ltr'>comico</span> <span class='ocrx_word' id='word_1_284' title='bbox 676 2442 805 2471; x_wconf 86' lang='lat' dir='ltr'>autem</span> <span class='ocrx_word' id='word_1_285' title='bbox 825 2433 994 2471; x_wconf 86' lang='lat' dir='ltr'>carmine</span> <span class='ocrx_word' id='word_1_286' title='bbox 1013 2432 1086 2469; x_wconf 91' lang='lat' dir='ltr'>etsi</span> <span class='ocrx_word' id='word_1_287' title='bbox 1119 2431 1183 2469; x_wconf 89' lang='lat' dir='ltr'>alii</span> <span class='ocrx_word' id='word_1_288' title='bbox 1215 2431 1417 2481; x_wconf 88' lang='lat' dir='ltr'>scripsere,</span> <span class='ocrx_word' id='word_1_289' title='bbox 1453 2444 1540 2481; x_wconf 83' lang='lat' dir='ltr'>quac</span> 
     </span>
     <span class='ocr_line' id='line_1_33' title="bbox 93 2493 1541 2546; baseline 0 -16"><span class='ocrx_word' id='word_1_290' title='bbox 93 2501 132 2530; x_wconf 89' lang='lat' dir='ltr'>et</span> <span class='ocrx_word' id='word_1_291' title='bbox 151 2495 383 2545; x_wconf 83' lang='lat' dir='ltr'>magnifacio</span> <span class='ocrx_word' id='word_1_292' title='bbox 404 2503 442 2534; x_wconf 87' lang='lat' dir='ltr'>et</span> <span class='ocrx_word' id='word_1_293' title='bbox 461 2497 594 2546; x_wconf 87' lang='lat' dir='ltr'>probo,</span> <span class='ocrx_word' id='word_1_294' title='bbox 623 2504 752 2534; x_wconf 88' lang='lat' dir='ltr'>tamen</span> <span class='ocrx_word' id='word_1_295' title='bbox 786 2503 919 2533; x_wconf 88' lang='lat' dir='ltr'>nostro</span> <span class='ocrx_word' id='word_1_296' title='bbox 947 2508 1102 2546; x_wconf 91' lang='lat' dir='ltr'>quoque</span> <span class='ocrx_word' id='word_1_297' title='bbox 1123 2494 1253 2532; x_wconf 83' lang='lat' dir='ltr'>studio</span> <span class='ocrx_word' id='word_1_298' title='bbox 1273 2494 1450 2531; x_wconf 84' lang='lat' dir='ltr'>existimo</span> <span class='ocrx_word' id='word_1_299' title='bbox 1472 2493 1541 2531; x_wconf 74' lang='lat' dir='ltr'>ad-</span> 
     </span>
     <span class='ocr_line' id='line_1_34' title="bbox 91 2557 1539 2610; baseline 0.001 -16"><span class='ocrx_word' id='word_1_300' title='bbox 91 2557 168 2595; x_wconf 86' lang='lat' dir='ltr'>hue</span> <span class='ocrx_word' id='word_1_301' title='bbox 189 2558 264 2596; x_wconf 94' lang='lat' dir='ltr'>loci</span> <span class='ocrx_word' id='word_1_302' title='bbox 283 2559 428 2609; x_wconf 86' lang='lat' dir='ltr'>aliquid</span> <span class='ocrx_word' id='word_1_303' title='bbox 458 2561 631 2598; x_wconf 87' lang='lat' dir='ltr'>relictum</span> <span class='ocrx_word' id='word_1_304' title='bbox 651 2574 749 2599; x_wconf 84' lang='lat' dir='ltr'>esse.</span> <span class='ocrx_word' id='word_1_305' title='bbox 807 2561 906 2598; x_wconf 87' lang='lat' dir='ltr'>Cum</span> <span class='ocrx_word' id='word_1_306' title='bbox 926 2573 985 2597; x_wconf 92' lang='lat' dir='ltr'>res</span> <span class='ocrx_word' id='word_1_307' title='bbox 1006 2560 1072 2597; x_wconf 87' lang='lat' dir='ltr'>illa</span> <span class='ocrx_word' id='word_1_308' title='bbox 1091 2559 1246 2610; x_wconf 86' lang='lat' dir='ltr'>quidem</span> <span class='ocrx_word' id='word_1_309' title='bbox 1266 2559 1454 2609; x_wconf 87' lang='lat' dir='ltr'>ejusmodi</span> <span class='ocrx_word' id='word_1_310' title='bbox 1477 2560 1539 2602; x_wconf 87' lang='lat' dir='ltr'>sit,</span> 
     </span>
     <span class='ocr_line' id='line_1_35' title="bbox 92 2622 1538 2674; baseline 0.001 -17"><span class='ocrx_word' id='word_1_311' title='bbox 92 2628 136 2658; x_wconf 90' lang='lat' dir='ltr'>ut</span> <span class='ocrx_word' id='word_1_312' title='bbox 154 2622 305 2671; x_wconf 88' lang='lat' dir='ltr'>penitus</span> <span class='ocrx_word' id='word_1_313' title='bbox 321 2625 608 2674; x_wconf 81' lang='lat' dir='ltr'>comprehendi,</span> <span class='ocrx_word' id='word_1_314' title='bbox 629 2633 668 2662; x_wconf 88' lang='lat' dir='ltr'>et</span> <span class='ocrx_word' id='word_1_315' title='bbox 682 2626 852 2663; x_wconf 84' lang='lat' dir='ltr'>omnium</span> <span class='ocrx_word' id='word_1_316' title='bbox 869 2625 984 2663; x_wconf 78' lang='lat' dir='ltr'>etiam</span> <span class='ocrx_word' id='word_1_317' title='bbox 1000 2623 1203 2674; x_wconf 89' lang='lat' dir='ltr'>diligentia</span> <span class='ocrx_word' id='word_1_318' title='bbox 1218 2622 1328 2673; x_wconf 87' lang='lat' dir='ltr'>quasi</span> <span class='ocrx_word' id='word_1_319' title='bbox 1345 2622 1538 2660; x_wconf 83' lang='lat' dir='ltr'>enucleari</span> 
     </span>
     <span class='ocr_line' id='line_1_36' title="bbox 92 2685 1539 2739; baseline -0.001 -17"><span class='ocrx_word' id='word_1_320' title='bbox 92 2685 151 2722; x_wconf 92' lang='lat' dir='ltr'>his</span> <span class='ocrx_word' id='word_1_321' title='bbox 171 2687 405 2737; x_wconf 86' lang='lat' dir='ltr'>temporibus</span> <span class='ocrx_word' id='word_1_322' title='bbox 437 2701 682 2739; x_wconf 85' lang='lat' dir='ltr'>nequaquam</span> <span class='ocrx_word' id='word_1_323' title='bbox 713 2701 827 2739; x_wconf 83' lang='lat' dir='ltr'>posse</span> <span class='ocrx_word' id='word_1_324' title='bbox 860 2687 1046 2725; x_wconf 87' lang='lat' dir='ltr'>videatur.</span> <span class='ocrx_word' id='word_1_325' title='bbox 1102 2687 1190 2730; x_wconf 87' lang='lat' dir='ltr'>Quo</span> <span class='ocrx_word' id='word_1_326' title='bbox 1211 2693 1338 2724; x_wconf 84' lang='lat' dir='ltr'>autem</span> <span class='ocrx_word' id='word_1_327' title='bbox 1359 2693 1419 2723; x_wconf 88' lang='lat' dir='ltr'>est</span> <span class='ocrx_word' id='word_1_328' title='bbox 1439 2685 1539 2722; x_wconf 84' lang='lat' dir='ltr'>diffi-</span> 
     </span>
     <span class='ocr_line' id='line_1_37' title="bbox 92 2748 1537 2804; baseline 0 -19"><span class='ocrx_word' id='word_1_329' title='bbox 92 2748 198 2787; x_wconf 89' lang='lat' dir='ltr'>cilior</span> <span class='ocrx_word' id='word_1_330' title='bbox 216 2749 337 2798; x_wconf 88' lang='lat' dir='ltr'>labor,</span> <span class='ocrx_word' id='word_1_331' title='bbox 366 2765 412 2790; x_wconf 88' lang='lat' dir='ltr'>eo</span> <span class='ocrx_word' id='word_1_332' title='bbox 432 2753 671 2792; x_wconf 84' lang='lat' dir='ltr'>assiduitatis</span> <span class='ocrx_word' id='word_1_333' title='bbox 691 2753 910 2804; x_wconf 89' lang='lat' dir='ltr'>plusculum</span> <span class='ocrx_word' id='word_1_334' title='bbox 932 2752 969 2789; x_wconf 90' lang='lat' dir='ltr'>in</span> <span class='ocrx_word' id='word_1_335' title='bbox 991 2751 1221 2803; x_wconf 76' lang='lat' dir='ltr'>vestigando</span> <span class='ocrx_word' id='word_1_336' title='bbox 1243 2750 1414 2787; x_wconf 87' lang='lat' dir='ltr'>adhiberi</span> <span class='ocrx_word' id='word_1_337' title='bbox 1446 2762 1537 2786; x_wconf 88' lang='lat' dir='ltr'>con-</span> 
     </span>
    </p>
   </div>
  </div>
 </body>
</html>
