1945 3296
347 240 404 279 (3ss
910 252 972 280 niz
1006 248 1261 280 'rammam

348 343 438 389 cris,
464 343 633 382 admisto
662 345 989 394 pronuntiationis
1023 344 1197 389 modulo,
1230 355 1322 393 quo,
1355 343 1448 381 dum
1470 351 1581 383 actus
1602 350 1822 383 commuta⁴

348 408 501 452 bantur,
529 408 698 459 populus
719 408 971 446 detineretur.
1029 407 1285 458 Compitalitii
1319 414 1449 445 autem
1484 407 1583 445 Ludi
1613 407 1719 454 dicti,
1749 408 1816 458 qui

348 484 417 522 per
435 472 604 522 compita
623 472 794 514 fiebant;
827 485 1035 522 scenaeque
1058 471 1226 508 ductiles
1248 472 1285 508 in
1308 471 1493 522 plaustris
1514 472 1564 509 ob
1585 471 1623 508 id
1646 471 1816 522 antiquis

348 535 595 585 excogitatae,
653 535 798 573 Postea
818 548 908 573 vero
935 535 1094 575 factum,
1128 542 1170 572 ut
1205 534 1323 572 Ludis
1345 535 1510 586 publicis
1531 541 1570 573 et
1588 535 1627 572 in
1646 535 1817 573 Theatro

349 605 556 650 agerentur
580 599 703 636 Novae
724 599 938 636 Comoediae
961 597 1064 648 apud
1088 598 1303 635 Romanos.

403 662 534 700 Ludos
554 663 746 700 vocabant
766 662 921 713 publica
943 661 1186 711 spectacula,
1217 674 1307 711 quae
1328 668 1410 700 tum
1431 662 1470 699 in
1492 663 1657 713 gratiam
1679 662 1814 714 populi

345 728 426 765 fieri
447 726 617 764 solerent
647 739 669 762 a
700 733 851 768 senatu,
880 731 919 762 et
951 738 974 761 a
1002 724 1240 775 principibus
1269 725 1433 772 institui,
1468 726 1530 765 vel
1561 725 1611 764 ad
1642 726 1814 764 favorem

347 790 481 842 populi
501 788 791 827 conciliandum
812 791 872 837 (ut
892 788 1103 825 nonnullos
1137 787 1317 826 Caesares
1351 788 1492 827 fecisse
1528 789 1724 841 legimus),
1753 789 1816 828 vel

347 855 398 893 ad
419 854 632 892 animorum
652 853 931 891 relaxationem
953 860 991 889 et
1011 852 1327 891 oblectationem.
1388 853 1519 891 Multo
1539 853 1664 904 magis
1685 852 1736 891 ad
1756 865 1817 891 re-

346 918 532 970 ligionem
554 917 719 955 instituti
741 925 832 955 sunt
856 916 965 954 Ludi.
1008 916 1109 954 Nam
1132 916 1218 954 Diis
1239 923 1331 967 post
1346 916 1539 956 sacrificia
1553 917 1669 955 etiam
1687 916 1816 955 Ludos

349 982 526 1033 publicos
548 982 846 1019 consecrabant.

405 1047 503 1083 Ludi
529 1046 657 1095 igitur,
689 1052 728 1082 et
758 1045 937 1090 Ludicra,
970 1058 1059 1095 quae
1081 1044 1195 1082 etiam
1220 1044 1444 1082 Certamina
1468 1050 1656 1083 vocarunt
1677 1045 1816 1092 Latini,

350 1109 482 1147 Graeci
503 1110 678 1160 Agonas,
711 1108 920 1145 multorum
952 1121 1137 1159 generum
1159 1107 1340 1146 fuerunt:
1370 1120 1498 1159 neque
1518 1121 1609 1146 vero
1629 1122 1709 1146 uno
1728 1116 1815 1147 tan-

346 1181 428 1212 tum
450 1172 677 1225 spectaculo
693 1174 731 1210 in
758 1172 922 1223 publicis
944 1170 1062 1209 Ludis
1089 1170 1334 1209 detinebatur
1361 1172 1546 1224 populus.
1605 1172 1727 1210 Erant
1748 1186 1816 1211 au-

350 1246 428 1277 tem
449 1237 547 1275 Ludi
566 1236 747 1289 Gymnici
769 1243 808 1274 et
828 1235 1038 1273 Athletici:
1071 1233 1167 1272 Ludi
1190 1234 1420 1273 Circenses:
1442 1236 1541 1273 Ludi
1563 1235 1814 1274 Gladiatorii:

349 1310 389 1341 et
410 1302 509 1340 Ludi
539 1301 692 1340 Scenici
711 1314 720 1344 ;
751 1300 800 1338 de
823 1299 964 1350 quibus
987 1311 1091 1336 nunc
1114 1298 1343 1348 singulatim
1368 1307 1430 1337 est
1459 1300 1594 1350 paucis
1621 1299 1816 1338 disseren-

351 1367 458 1413 dum,
478 1366 617 1417 partim
639 1379 685 1403 ex
708 1364 872 1410 Budaeo,
892 1370 1038 1401 nostrae
1060 1361 1203 1400 Galliae
1224 1362 1382 1409 lumine,
1406 1364 1545 1414 partim
1564 1376 1612 1402 ex
1628 1363 1816 1410 Vitruvio,

351 1431 537 1475 Luciano,
559 1438 598 1467 et
618 1429 701 1467 aliis
724 1428 896 1479 antiquis
918 1427 1156 1465 auctoribus.

404 1494 586 1546 Gymnici
601 1500 639 1531 et
654 1492 840 1531 Athletici
863 1492 961 1529 Ludi
981 1493 1018 1529 in
1035 1492 1229 1543 palaestris
1248 1505 1293 1530 ac
1315 1492 1530 1544 gymnasiis
1548 1492 1695 1530 fiebant
1711 1492 1816 1543 apud

352 1559 528 1603 Graecos,
559 1571 648 1608 quae
683 1557 771 1594 loca
799 1557 957 1594 fuerunt
975 1557 1204 1594 exercendis
1225 1563 1264 1594 et
1282 1556 1455 1607 corporis
1476 1563 1516 1595 et
1534 1556 1651 1594 animi
1672 1556 1816 1594 viribus

350 1621 662 1660 accommodata.
722 1621 823 1658 Nam
857 1621 973 1658 etiam
999 1621 1035 1657 in
1057 1620 1102 1657 iis
1123 1620 1317 1671 palaestris
1340 1627 1408 1658 aut
1427 1618 1642 1672 gymnasiis
1662 1619 1816 1659 exedrae

351 1688 522 1732 fuerunt,
555 1687 592 1723 in
626 1686 768 1736 quibus
798 1684 1022 1735 philosophi
1052 1684 1182 1735 Graeci
1209 1684 1391 1722 sedentes
1412 1684 1680 1735 disputabant.
1738 1683 1817 1722 Sed

352 1759 391 1789 et
420 1750 615 1802 palaestrae
643 1749 854 1800 appellatio
876 1762 1028 1787 omnem
1050 1749 1273 1786 athleticam
1297 1756 1418 1786 artem
1439 1755 1478 1786 et
1499 1748 1817 1787 exercitationem

353 1815 635 1865 complectitur,
654 1813 970 1863 decentiamque:
993 1825 1071 1863 qua
1091 1819 1231 1858 status,
1251 1818 1396 1858 motus,
1413 1812 1615 1863 flexusque
1630 1811 1817 1863 corporis,

354 1892 398 1916 ac
417 1891 551 1916 omnes
572 1878 729 1915 omnino
752 1878 908 1915 babitus
933 1883 1176 1914 venustatem
1196 1876 1395 1926 quandam
1412 1876 1662 1926 leporemque
1678 1888 1759 1926 prae
1775 1889 1817 1914 se

353 1943 504 1980 ferunt:
535 1955 651 1992 quam
684 1942 748 1992 qui
782 1955 858 1979 non
891 1941 1122 1987 didicerant,
1157 1941 1181 1978 ii
1216 1940 1422 1991 apalaestoi
1453 1941 1501 1978 ab
1534 1939 1704 1990 antiquis
1725 1939 1818 1977 dicti

353 2015 456 2043 sunt.
516 2006 611 2043 Eam
634 2019 723 2043 vero
744 2013 863 2043 artem
886 2007 951 2056 qui
972 2007 1219 2051 exercebant,
1253 2012 1320 2042 aut
1340 2005 1406 2055 qui
1433 2005 1470 2041 in
1497 2004 1680 2055 palaestra
1709 2017 1818 2042 exer-

355 2071 555 2110 cebantur,
576 2068 636 2106 vel
659 2069 914 2106 decertabant
938 2069 1121 2119 praemiis,
1151 2069 1374 2119 palaestritae
1404 2067 1463 2106 vel
1495 2068 1702 2119 palaestrici
1725 2067 1819 2106 dicti

354 2139 466 2171 sunt:
498 2133 712 2184 Gyninicos
735 2133 864 2171 Graeci
884 2134 999 2170 etiam
1021 2139 1223 2178 vocarunt,
1244 2121 1349 2183 quod
1370 2132 1465 2169 nudi
1486 2132 1643 2170 athletae
1664 2145 1818 2170 exerce-

354 2205 498 2235 rentur.
557 2198 739 2235 Ceterum
775 2198 811 2233 in
845 2197 1030 2248 palaestra
1064 2195 1257 2248 gymnasii
1291 2195 1436 2246 (inquit
1470 2195 1653 2244 Plautus)
1685 2208 1816 2242 cursu,

355 2261 555 2307 luctando,
581 2260 708 2303 hasta,
741 2260 864 2305 disco,
896 2260 1090 2310 pugilatu,
1124 2258 1300 2297 saliendo
1331 2272 1372 2297 se
1392 2259 1626 2296 exercebant
1645 2258 1816 2297 athletae.

357 2324 592 2375 Hujusmocli
625 2324 720 2362 Ludi
747 2325 785 2361 in
809 2325 960 2374 Campo
984 2324 1128 2361 Martio
1151 2324 1255 2375 apud
1279 2323 1479 2360 Romanos
1511 2323 1592 2360 fieri
1623 2323 1816 2361 solebant.

410 2388 487 2431 Qui
508 2389 716 2426 currebant
734 2389 771 2425 in
796 2388 913 2425 Ludis
935 2388 1155 2440 Gymnicis,
1185 2388 1260 2425 hoc
1288 2394 1361 2433 est,
1391 2401 1507 2425 cursu
1528 2399 1690 2438 corpora
1709 2399 1818 2425 exer-

357 2453 512 2497 cebant,
542 2452 601 2489 vel
631 2465 677 2490 eo
709 2452 975 2497 decertabant,
1011 2452 1160 2489 Graecis
1194 2451 1317 2489 dromi
1349 2450 1608 2502 appellantur,
1639 2449 1714 2488 hoc
1743 2457 1817 2496 est,

356 2528 547 2553 cursores.
606 2516 778 2558 Quorum
801 2516 865 2553 alii
887 2515 1142 2553 stadiodromi
1175 2514 1418 2560 dicebantur,
1450 2514 1516 2565 qui
1540 2513 1708 2551 stadium
1729 2527 1816 2565 per-

357 2580 590 2616 currebant:
622 2580 685 2616 alii
706 2579 979 2622 diaulodromi,
1001 2592 1023 2616 a
1043 2579 1279 2616 circumactu
1302 2577 1493 2623 curriculi,
1524 2577 1563 2615 id
1591 2586 1665 2624 est,
1696 2578 1816 2628 duplo

358 2643 564 2687 curriculo,
581 2643 682 2692 quod
706 2642 863 2680 diaulon
886 2644 1102 2679 vocabant:
1127 2655 1214 2679 nam
1235 2643 1258 2679 ii
1280 2655 1472 2687 cursores,
1493 2655 1581 2679 cum
1602 2641 1649 2678 ad
1673 2648 1816 2679 metam

358 2714 625 2756 pervenerant,
657 2707 873 2752 flectentes,
905 2719 951 2743 eo
973 2720 1103 2744 rursus
1126 2707 1387 2753 recurrebant,
1418 2706 1522 2744 unde
1543 2718 1697 2744 cursum
1720 2705 1816 2743 inie-

360 2776 459 2807 rant.
499 2771 619 2808 Erant
635 2777 673 2809 et.
689 2770 987 2816 dolichoslromi,
1009 2771 1073 2821 qui
1096 2770 1222 2808 sexies
1239 2770 1408 2808 stadium
1424 2769 1614 2808 curriculo
1632 2769 1814 2808 obibant:

361 2847 449 2870 nam
470 2833 644 2871 dolichos
664 2833 912 2884 longissimus
935 2847 1070 2871 cursus
1093 2833 1304 2871 dicebatur.
