1903 3306
321 238 407 281 298
821 253 859 282 P.
891 253 1128 284 TERENTH
1162 254 1279 284 Arm

324 345 518 387 Uxorem
541 346 739 390 decrerat
757 347 862 389 dare
883 362 981 389 sese
1003 348 1108 389 mihi
1134 348 1288 389 hodie:
1319 361 1462 390 nonne
1482 351 1680 403 oportuit

321 413 570 454 Praescisse
592 428 661 455 me
682 416 809 456 ante?
839 428 984 455 nonne
1006 416 1129 468 prius
1152 416 1522 456 communicatum
1544 419 1770 471 oportuit?

325 479 428 522 MY.
460 480 672 523 Miseram
693 496 759 523 me
777 482 786 523 ἱ
818 481 935 535 quod
957 483 1136 523 verbum
1159 482 1325 523 audio?
1744 486 1773 525 5

323 547 412 589 PA.
446 547 568 598 Quid
589 548 828 591 Chremes?
861 550 934 602 qui
954 549 1191 601 denegarat
1212 562 1258 589 se
1280 549 1617 591 commissurum
1636 551 1744 591 mihi

325 614 516 657 Gnatam
549 629 674 657 suam
703 629 916 668 uxorem3
948 615 991 655 id
1013 617 1213 665 mutavit,
1252 617 1358 669 quia
1388 630 1458 657 me
1490 617 1772 659 immutatum

496 684 648 725 videt?

296 749 451 813 ,qutane
491 750 708 791 obstinate
750 764 931 804 operam
970 751 1060 801 dat,
1080 754 1136 812 Et
1173 764 1242 792 me
1276 764 1302 791 a
1333 750 1539 805 Glycerio
1568 752 1772 792 miserum

495 817 755 865 abstrahat?
1657 812 1664 818 ’

327 882 460 933 Quod
480 885 519 924 si
538 884 602 935 fit,
623 898 758 939 pereo
780 885 989 926 funditus.

326 949 494 992 Adeon'
514 952 729 993 hominem
749 966 846 994 esse
865 953 1160 1003 invenustum,
1181 958 1259 994 aut
1274 953 1491 995 infelicem
1508 965 1775 1007 quenquam,

497 1023 545 1060 ut
567 1033 648 1073 ego
671 1033 765 1062 sum
785 1022 794 1062 l
1719 1020 1776 1061 10

326 1137 453 1186 tremelio
468 1148 526 1170 non
541 1142 598 1178 est,
613 1140 685 1180 quid
707 1141 815 1172 deinde
838 1140 959 1174 nomine
982 1142 1173 1173 contumelioe
1194 1142 1408 1182 appellandum
1431 1140 1516 1173 erit?
1538 1141 1576 1172 Si
1596 1145 1687 1182 pater
1708 1151 1777 1172 con-

326 1184 473 1212 stztuerat
488 1182 564 1212 mihi
578 1184 653 1213 dare
667 1184 755 1214 hodie
770 1193 908 1223 uxorem,
922 1194 1020 1215 vianne
1035 1188 1106 1215 ante
1128 1186 1164 1215 (le
1187 1184 1243 1214 huc
1258 1194 1292 1215 re
1306 1185 1420 1215 certior
1432 1184 1510 1225 fieri
1531 1182 1644 1216 debui?
1667 1185 1778 1215 Nonne

326 1223 486 1254 consilium
501 1228 532 1255 et
555 1225 801 1257 deliberationem
826 1227 1037 1267 participare?
1081 1228 1159 1258 MY.
1184 1227 1224 1256 M
1226 1228 1336 1257 iseram
1359 1236 1417 1265 me,
1432 1228 1510 1267 quod
1524 1227 1648 1258 verbum
1663 1228 1779 1257 audio?

327 1264 397 1296 ΡΑ.
422 1267 507 1301 Quid
523 1268 559 1298 de
577 1268 738 1299 Chremete
751 1269 864 1308 dicam,
881 1270 932 1308 qui
947 1271 1151 1309 denegaverat
1166 1279 1198 1300 se
1211 1269 1467 1310 datmwnfiliam
1481 1279 1566 1300 suam
1581 1269 1614 1299 in
1629 1279 1755 1299 uxorem
1766 1272 1779 1298 ¹?

327 1308 468 1340 Mutavit
482 1311 674 1350 sententiam,
699 1311 773 1351 quia
795 1321 842 1341 me
867 1312 1002 1342 animum
1026 1312 1236 1342 'imnzutavz'sse
1257 1312 1406 1351 intelligit
1418 1323 1429 1349 ;
1454 1312 1540 1342 itane
1565 1311 1718 1342 obstinate
1733 1311 1777 1341 la-

327 1350 429 1389 horat,
443 1355 478 1382 ut
494 1362 541 1383 me
555 1353 697 1383 miserum
712 1364 731 1383 α
749 1354 895 1394 Glycerio
917 1354 1098 1385 abstrahat?
1123 1355 1213 1389 Quod
1238 1356 1265 1384 sz·
1281 1354 1340 1396 fit,
1361 1364 1451 1395 pereo
1474 1364 1612 1394 prorsus.
1655 1355 1779 1384 Adeone

329 1393 489 1434 quisquam
502 1395 657 1427 hominum
672 1395 790 1427 invisus
805 1400 850 1428 est
873 1396 986 1428 Veneri
999 1400 1028 1428 et
1044 1397 1205 1438 Fortunae,
1232 1400 1265 1428 ut
1281 1407 1338 1437 ego
1352 1407 1418 1427 sum
1428 1395 1444 1428 ί)
1467 1397 1554 1428 Proh
1567 1397 1671 1428 Deum
1687 1400 1778 1437 atque

937 1491 1171 1503 “uttan-en

330 1562 439 1593 Porro
455 1563 510 1593 hoc
532 1562 634 1594 habet
650 1563 747 1594 CCC.
763 1567 798 1593 et
813 1563 981 1594 Donatus.
1006 1563 1127 1593 Recte.
1152 1562 1246 1593 Bent.
1295 1561 1401 1592 Recte
1415 1561 1516 1592 Bent.
1527 1560 1583 1591 hoc
1594 1559 1703 1591 edidit
1719 1570 1780 1600 pro

329 1605 422 1645 vulg.
439 1606 513 1637 lzoec.
531 1607 571 1637 R.
591 1607 635 1637 D.
660 1607 746 1637 Proh
763 1605 991 1647 Deumfidem!
1006 1606 1093 1645 quid,
1107 1605 1134 1635 si
1150 1604 1205 1634 hoc
1219 1615 1292 1642 mm,
1308 1604 1491 1634 contumelia
1506 1601 1578 1634 est?
1601 1603 1703 1635 Both.
1722 1604 1781 1643 qui

331 1652 445 1678 notat:
469 1650 478 1665 ‘
498 1649 635 1688 Legitur
647 1649 746 1689 vulgo
762 1649 836 1689 quid
851 1652 907 1688 esc,
923 1648 963 1686 si,
978 1651 1031 1688 35⁶⁶·
1053 1648 1202 1678 numeris
1219 1647 1424 1685 durioribus,
1439 1650 1476 1676 ut
1493 1646 1548 1676 vix
1566 1645 1718 1676 dubitem
1734 1649 1780 1676 est

332 1690 523 1729 profectum
541 1701 613 1722 esse
638 1701 656 1721 a
681 1693 797 1722 nescio
816 1701 881 1732 quo
898 1691 1024 1722 sciolo?
1070 1690 1158 1720 Proh
1173 1690 1275 1725 Deum
1291 1689 1403 1730 fidem,
1419 1688 1492 1728 quid
1507 1685 1580 1719 est?
1601 1688 1630 1718 si
1652 1688 1706 1719 hoc
1720 1698 1781 1719 non

332 1734 513 1764 contumelia
542 1734 581 1764 ’st
604 1735 697 1765 l’erl.
744 1735 753 1751 ‘
769 1735 869 1764 Bent.
899 1737 988 1773 utque
1015 1733 1169 1763 hominum
1201 1732 1318 1763 abesse
1344 1732 1391 1762 ait
1415 1741 1434 1762 a
1460 1731 1580 1762 codice
1610 1730 1780 1770 primariae

331 1780 433 1806 notae.
477 1776 586 1808 Abest
602 1777 703 1807 etiam
721 1787 740 1807 a
767 1777 827 1807 ΒΓ.
874 1776 925 1807 En
941 1776 1044 1815 igitur
1060 1775 1168 1816 qualis
1185 1775 1241 1805 ille
1258 1774 1322 1805 sit.’
1347 1775 1466 1805 Bruns.
1513 1773 1551 1804 Si
1565 1773 1630 1804 hoec
1641 1783 1698 1803 non
1717 1773 1781 1803 eti-

333 1819 455 1850 arnBr.
473 1819 582 1850 Fidem
593 1829 659 1850 non
671 1819 795 1850 habere
812 1828 915 1849 unum
926 1823 1098 1849 vetustum
1114 1817 1370 1857 exe1np1ar,nec
1378 1820 1470 1856 atque
1484 1816 1639 1846 hominum
1654 1816 1780 1846 habere

332 1861 476 1892 alterurn
492 1867 608 1893 monet
623 1862 778 1893 Gov.—3
803 1862 893 1892 Mur.
912 1866 948 1892 et
964 1862 1024 1891 Fa.
1043 1864 1246 1900 repererunt
1261 1860 1294 1890 iu
1311 1860 1397 1890 Mss.
1414 1858 1617 1899 quibusdam
1632 1859 1780 1899 decrevit.

332 1904 463 1935 Probat
477 1905 514 1935 T.
535 1905 656 1944 Faber,
671 1905 847 1944 explicans
863 1904 904 1940 de
922 1903 1071 1934 secundo
1095 1903 1240 1934 Simonis
1265 1902 1403 1933 consilio
1426 1901 1681 1941 repentinarurn
1698 1910 1782 1941 nup-

332 1947 465 1978 tiarum.
494 1948 593 1979 West.
637 1948 681 1979 G.
697 1947 768 1978 EA.
787 1952 821 1977 et
848 1947 916 1977 ET.
939 1955 1014 1976 cum
1032 1946 1113 1976 EM.
1130 1945 1280 1976 decrevit.-
1303 1944 1393 1985 quod
1410 1944 1532 1984 probat
1554 1943 1592 1975 F.
1605 1944 1643 1975 F.
1688 1943 1737 1973 Id.
1749 1944 1783 1974 in

333 1990 417 2021 Add.
456 1990 624 2030 Decrerat,
641 1994 779 2021 auctore
796 1988 940 2027 Faerno,
955 1989 1058 2019 habet
1084 1988 1170 2019 liber
1186 1988 1426 2025 Vlctorianus;
1451 1986 1508 2017 alii
1519 1985 1591 2016 fere
1603 1995 1732 2026 omnes,
1747 1992 1784 2017 et

333 2032 505 2068 Donatus,
520 2034 717 2068 decreverat‚·
740 2032 932 2072 paucissimi
949 2031 1038 2072 iique
1056 2029 1293 2068 recentissimi,
1309 2030 1454 2060 decrevit.
1501 2029 1585 2059 Duo?
1599 2032 1728 2059 tantum
1741 2039 1784 2059 ex

334 2075 460 2105 nostris
473 2076 627 2112 decrevit‚·
653 2076 708 2105 alii
721 2083 842 2114 magno
865 2083 1006 2105 numero
1021 2074 1171 2104 decrerat.
1193 2073 1295 2104 Bent.
1340 2072 1392 2102 Mi
1408 2081 1469 2112 pro
1485 2071 1561 2102 mihi
1573 2071 1675 2102 Both.
1689 2070 1785 2102 Perl.

339 2117 474 2148 Uxorem
488 2128 552 2149 sese
562 2119 736 2149 decreverat
748 2119 822 2147 dare
834 2117 910 2147 mihi
920 2117 976 2147 ΒΓ.
999 2116 1089 2147 Dare
1104 2116 1138 2146 in
1148 2115 1315 2156 aliquibus
1330 2114 1429 2145 codd.
1443 2123 1508 2145 non
1518 2114 1660 2154 legitur:
1674 2123 1784 2154 neque

336 2168 471 2190 carmen
489 2162 649 2201 postulat,
664 2166 698 2191 et
713 2160 822 2190 iratus
841 2160 1053 2199 supprimere
1069 2159 1174 2190 multa
1197 2157 1307 2189 solet.'
1333 2156 1479 2188 Gom—4
1501 2155 1604 2187 Antea
1619 2154 1736 2188 Guelf.
1751 2158 1784 2187 2.

336 2206 372 2232 et
383 2212 488 2234 comm.
504 2213 567 2233 esse
582 2206 697 2243 op.—-6
722 2203 939 2241 Denegat-erat
961 2202 1033 2233 vult
1054 2201 1141 2233 Gov.
1167 2205 1204 2232 et
1225 2200 1273 2231 sic
1297 2199 1461 2240 scriptum
1485 2198 1786 2240 i·eperisse,testa·

336 2249 470 2276 tun—7
496 2245 589 2280 Quia.
612 2244 665 2275 Al.
689 2245 844 2285 quoniam.
870 2244 966 2276 Lind.
1013 2244 1109 2282 Quia,
1127 2253 1187 2283 pro
1210 2243 1341 2283 vulgari
1367 2241 1522 2282 quoniam,
1546 2240 1785 2281 comprobatur

337 2288 541 2319 auctoritate
567 2287 667 2318 codd.
714 2287 831 2318 Malim
860 2288 868 2304 ‘
883 2287 1048 2318 mutavit’
1071 2287 1182 2326 accipi
1205 2286 1371 2323 absolute,
1395 2288 1432 2315 ut
1455 2292 1569 2325 supra,
1586 2292 1610 2314 1.
1629 2286 1659 2315 l.
1676 2286 1728 2315 13.
1749 2288 1786 2314 et

336 2329 369 2359 id
386 2331 510 2361 mutari
535 2330 567 2360 in
584 2330 622 2369 is,
637 2334 672 2360 ut
695 2330 866 2370 oppositio
890 2330 1064 2360 venustior
1081 2328 1259 2360 efficiatur.
1285 2328 1381 2358 Bent.
1404 2335 1502 2367 quem
1518 2327 1670 2366 sequitur
1683 2326 1785 2357 Both.

340 2372 494 2407 Quoniam
524 2373 649 2403 Br.-8
674 2373 743 2403 Pro
776 2372 864 2403 Itane
894 2372 1040 2403 rescribe
1071 2372 1134 2402 Ita.
1162 2372 1264 2402 Bent.
1296 2379 1393 2410 quern
1425 2369 1579 2410 sequitur
1605 2368 1698 2399 Perl.
1728 2369 1786 2408 qui

339 2414 458 2448 eodem
473 2416 575 2446 Bent.
591 2418 767 2456 praeeunte
794 2414 902 2448 edidit
925 2416 979 2446 (lat
1001 2425 1049 2456 op.
1095 2414 1249 2446 Collocat
1265 2411 1381 2445 Guelt'.
1395 2414 1427 2444 2.
1443 2415 1479 2445 ut
1498 2421 1545 2442 me
1560 2410 1717 2445 mis.--10
1743 2411 1785 2441 Ut

993 2515 1138 2549 NOTAE

383 2584 402 2612 5
429 2580 582 2611 Miseram
596 2580 668 2612 me!
689 2581 767 2620 quocl
783 2579 907 2611 terbum
930 2579 1036 2619 audio]
1091 2578 1292 2620 frequenter
1302 2577 1468 2619 jaciebat,
1484 2580 1658 2616 venustus,
1672 2576 1706 2608 id
1721 2581 1786 2617 est,

341 2630 471 2662 Audito
500 2630 614 2661 uxoris
638 2631 785 2670 nomine,
814 2639 856 2660 ex
890 2634 1039 2661 terretur
1092 2628 1286 2660 fortunatus
1311 2627 1518 2666 habebatur3
1549 2631 1667 2658 contra
1695 2627 1788 2658 inve-

343 2681 466 2722 Mysis.
1092 2684 1222 2719 nustus,
1238 2678 1273 2710 id
1286 2682 1350 2717 est,
1366 2675 1610 2708 infortunatus.
1646 2675 1716 2707 Alii
1732 2686 1787 2708 ve-

387 2735 427 2763 10
451 2731 666 2771 Inrenustum]
694 2731 809 2761 Venus
834 2730 865 2760 in
892 2730 1038 2761 talorum
1093 2733 1228 2760 nustum
1249 2737 1324 2758 eum
1346 2726 1478 2766 (licum,
1501 2725 1599 2766 cujus
1624 2726 1788 2766 geniturae

337 2783 435 2823 jactu
460 2782 694 2821 invocabatur,
719 2783 765 2818 et,
791 2780 849 2821 qui
868 2780 1039 2811 Venerem
1093 2779 1227 2812 domina
1243 2778 1439 2817 sitVenus3
1463 2777 1606 2809 maxime
1631 2776 1658 2808 si
1684 2776 1789 2808 fuerit
