1945 3296
348 251 405 292 84
652 262 894 293 DANIELIS
927 262 1120 294 HElNSll
1156 262 1505 295 DISSERTATIO.

346 370 453 394 mum
475 356 628 395 culmen
652 369 697 395 ac
719 357 917 409 fastigium
949 363 1086 396 evecta
1117 357 1204 405 suit,
1233 358 1409 410 ignorare
1439 358 1566 410 potuit
1591 357 1829 410 judicium;'

345 421 402 458 vir
422 427 572 474 tantus,
605 428 658 467 et,
687 421 794 472 quod
828 422 881 458 rei
911 429 1031 472 caput
1065 421 1240 468 arbitror,
1274 421 1528 473 principibus,
1551 423 1617 474 qui
1649 423 1750 461 inter
1769 436 1813 462 se

347 484 521 536 quotidie
544 484 592 522 de
621 484 668 522 iis
694 483 942 534 judicabant,
971 485 1104 522 intime
1125 484 1324 522 familiaris
1346 498 1392 524 ac
1413 486 1575 525 amicus.
1631 486 1811 538 Augusto

346 555 489 594 autem,
518 549 662 598 optimo
695 547 941 598 ingeniorum
968 548 1108 598 judici,
1136 555 1214 586 tam
1241 556 1376 599 gratus
1399 556 1517 601 atque
1536 557 1736 602 acceptus,
1769 557 1814 589 ut

345 624 424 650 non
443 625 529 650 raro
550 611 816 663 lepidissimus
836 611 1046 650 homuncio
1073 612 1121 649 ab
1142 625 1188 650 eo
1209 611 1415 660 diceretur,
1449 621 1488 653 et
1507 627 1638 666 quem,
1659 614 1691 652 si
1712 614 1812 652 anti-

345 676 484 727 quitati
503 675 685 713 habenda
703 675 767 712 hic
786 674 898 721 fides,
928 675 1045 713 etiam
1074 675 1217 714 habere
1238 677 1286 714 ab
1307 677 1484 727 epistolis
1513 678 1676 729 optavit.
1734 678 1812 722 Qui

346 753 435 778 cum
455 746 591 778 contra
611 739 709 778 tanti
728 738 899 777 Terentii
928 739 1064 777 fecerit
1097 739 1292 787 Fabellas,
1326 747 1371 778 ut
1402 748 1442 779 et
1469 741 1648 793 integras
1680 754 1729 780 ex
1762 741 1810 780 iis

345 805 467 853 ῥήσεις
487 803 750 855 descripserit,
780 810 820 840 et
839 803 983 854 ubique
1003 803 1287 850 accommodet,
1317 804 1390 843 soli
1415 804 1584 856 denique
1605 811 1726 844 artem
1745 806 1813 843 tri-

345 868 465 911 buat3
496 867 663 906 hominis
685 867 866 906 αὐθάδους
887 867 1014 918 potius
1035 880 1154 918 quam
1174 867 1316 906 eruditi
1335 874 1453 916 esset,
1487 868 1543 906 ita
1561 868 1768 907 dissentire
1788 881 1813 907 a

346 937 457 969 tanto
477 931 572 976 viro,
607 938 651 968 ut
685 944 734 969 ne
767 943 928 969 causam
958 930 1066 981 prius
1087 931 1404 982 cognoscendam
1432 931 1622 972 crederet.
1680 932 1811 976 Quare

344 994 544 1032 videamus
565 996 716 1041 saltem,
747 994 841 1045 quid
873 993 998 1032 afferri
1027 1006 1097 1045 pro
1117 1001 1283 1047 utroque
1304 995 1440 1047 possit.
1499 997 1561 1034 Ne
1580 996 1643 1035 vel
1677 995 1812 1035 Flacci

337 1058 532 1109 judicium
562 1059 600 1096 in
636 1065 850 1110 posterum,
884 1064 928 1096 ut
961 1059 1101 1104 solent,
1137 1065 1204 1097 aut
1236 1059 1460 1099 Terentium
1494 1073 1629 1099 secure
1648 1059 1811 1098 nimium

345 1122 531 1160 damnare
551 1123 709 1174 quidam
737 1130 905 1174 pergant
924 1122 962 1160 in
985 1123 1201 1161 Comoedia.
1251 1124 1394 1162 Omnia
1415 1131 1545 1162 autem
1565 1137 1635 1175 pro
1658 1123 1811 1162 Horatii

338 1186 501 1237 judicio,
532 1187 598 1237 qui
619 1187 803 1225 Plautum
826 1187 880 1225 sic
903 1200 1080 1225 amamus
1100 1193 1144 1225 ut
1163 1200 1184 1224 e
1204 1187 1385 1226 manibus
1405 1187 1602 1226 rarissime
1627 1193 1808 1239 putemus

346 1250 638 1301 deponendum,
673 1251 853 1288 dicentur
885 1250 1015 1301 potius
1041 1263 1159 1301 quam
1180 1257 1326 1289 nostro.
1385 1252 1444 1289 Ac
1465 1251 1513 1290 de
1534 1251 1705 1289 numeris
1725 1250 1811 1302 qui-

346 1313 433 1351 dem
458 1315 646 1353 nonnulla
668 1316 848 1353 Donatus
866 1329 875 1353 :
896 1328 974 1365 qua
993 1315 1108 1354 etiam
1129 1316 1167 1353 in
1187 1321 1296 1366 parte
1315 1314 1423 1354 haud
1444 1327 1582 1367 parum
1598 1314 1808 1354 Veteribus

345 1377 544 1415 nonnullis
579 1378 726 1428 placuit
758 1378 976 1416 Terentius.
1037 1378 1180 1417 Rufino
1216 1377 1375 1428 quidem
1410 1379 1691 1426 Grammatico,
1719 1390 1809 1418 cum

343 1442 493 1493 inquit:

507 1516 680 1568 Agnovit
699 1525 878 1564 metrum,
899 1523 1106 1568 servatque
1127 1516 1331 1556 Terentius
1354 1523 1474 1556 artem
1491 1530 1499 1555 :

505 1580 607 1618 Nam
628 1581 813 1632 prologos
835 1581 1005 1618 trimetro
1026 1580 1164 1618 didicit
1183 1593 1416 1631 componere
1436 1593 1565 1628 versu,

503 1645 794 1696 Scenarumque
814 1651 923 1682 actus
941 1645 1085 1695 primos
1106 1643 1207 1695 pede
1227 1643 1378 1682 claudit
1397 1643 1548 1682 eodem.

344 1730 579 1781 Quanquam
600 1736 703 1769 certe
724 1730 868 1768 Fabius
891 1742 967 1767 non
991 1729 1145 1766 stetisse
1168 1729 1268 1766 intra
1287 1729 1479 1766 trimetros
1503 1727 1695 1779 deplorat.
1745 1729 1807 1769 De

344 1808 421 1846 quo
443 1795 540 1832 forte
560 1794 657 1832 alias
680 1793 819 1831 dicturi
849 1805 997 1830 sumus.
1055 1792 1117 1829 Ad
1151 1791 1314 1829 alterum
1344 1791 1573 1842 priusquam
1592 1792 1806 1841 veniamus,

343 1858 525 1909 quaedam
542 1857 816 1908 praemittenda
835 1863 960 1894 erunt.
1000 1857 1101 1894 Cum
1122 1856 1270 1895 eaedem
1289 1855 1504 1894 Comoediae
1523 1856 1808 1906 propemodum

343 1924 421 1960 sint
440 1928 569 1973 partes
591 1935 636 1960 ac
656 1920 887 1972 Tragoediae,
919 1920 1007 1957 finis
1038 1932 1194 1971 quoque
1215 1932 1262 1957 ex
1283 1926 1392 1971 parte
1414 1919 1530 1966 idem,
1551 1932 1598 1958 ex
1617 1926 1727 1971 parte
1748 1920 1806 1959 di-
1844 1944 1846 1946 -

342 1999 491 2031 versus,
512 1984 634 2023 multa
654 1998 740 2022 esse
759 1985 910 2034 utrique
931 1982 1152 2021 communia
1171 1996 1336 2022 necesse
1355 1989 1428 2021 est.
1469 1981 1677 2021 Delectare
1700 1983 1804 2022 enim

343 2065 388 2089 ac
409 2051 548 2088 docere
570 2057 629 2087 est
650 2047 885 2087 Comoediae:
918 2060 1042 2098 neque
1064 2047 1191 2085 minus
1210 2045 1359 2084 Comici
1380 2045 1601 2084 διδάσκαλοι
1620 2052 1659 2084 et
1677 2062 1803 2100 κωμῳ-

344 2114 576 2159 ὃιὸάσκαλοι,
605 2126 722 2164 quam
743 2112 911 2163 Tragici,
933 2125 956 2150 a
976 2111 1126 2150 Graecis
1149 2111 1344 2150 dicuntur.
1403 2110 1489 2148 Nec
1507 2122 1661 2149 movere
1682 2111 1803 2149 risum

344 2192 437 2217 sane
471 2178 673 2216 constituit
704 2176 961 2222 Comoediam,
997 2175 1067 2214 sed
1098 2175 1222 2226 plebis
1258 2173 1467 2225 aucupium
1498 2179 1619 2212 estet
1639 2176 1803 2214 abusus.

345 2244 444 2280 Nam
466 2242 683 2288 ridiculum,
704 2248 747 2278 ut
767 2249 871 2278 recte
891 2239 1137 2284 Aristoteles,
1159 2243 1168 2260 ‘
1182 2239 1317 2277 vitium
1335 2244 1396 2277 est
1416 2244 1455 2276 et
1469 2237 1639 2285 foeditas,
1659 2237 1804 2276 doloris

345 2320 504 2357 expers;
536 2319 624 2356 quae
651 2311 799 2356 partem
820 2304 858 2341 in
880 2304 1035 2342 homine
1057 2303 1225 2354 aliquam
1245 2302 1455 2354 corrumpit
1474 2302 1622 2353 absque
1641 2302 1804 2340 morbo.'

345 2372 453 2407 Sicut
474 2369 577 2407 foeda
597 2379 635 2407 et
655 2369 808 2406 detorta
828 2368 962 2415 facies,
998 2368 1029 2405 si
1065 2367 1172 2405 nullo
1206 2380 1294 2405 cum
1316 2366 1450 2405 dolore
1470 2366 1545 2404 hoc
1564 2366 1647 2412 fiat,
1681 2365 1802 2403 risum

343 2442 483 2471 movet.
541 2432 654 2470 Unde
676 2433 800 2483 ipsum
822 2445 976 2482 quoque
997 2432 1115 2468 risum
1150 2444 1284 2470 omnes
1319 2431 1398 2469 fere
1420 2429 1680 2481 antiquissimi
1708 2429 1802 2467 Phi-

342 2497 494 2547 losophi
529 2495 734 2545 indignum
767 2495 944 2545 sapiente
973 2494 1212 2545 judicarunt.
1271 2494 1382 2532 Adeo
1401 2500 1445 2532 ut
1464 2492 1592 2540 Plato,
1612 2498 1803 2544 tanquam

342 2561 588 2609 sacrilegum,
623 2558 824 2596 traducere
848 2572 924 2596 non
947 2559 1098 2596 dubitet
1119 2559 1346 2606 Homerum,
1377 2557 1443 2608 qui
1478 2557 1650 2596 ridentes
1682 2557 1802 2596 intro-

343 2624 453 2661 duxit
485 2624 590 2660 Deos
611 2636 619 2659 :
651 2622 755 2672 quod
790 2624 827 2660 in
864 2622 1019 2660 homine
1041 2638 1118 2663 non
1139 2634 1200 2670 τῆς
1218 2625 1310 2660 κατὰ
1330 2624 1460 2670 λόγον,
1495 2634 1628 2660 verum
1647 2631 1709 2668 τῆς
1728 2624 1804 2659 κατ’

342 2692 529 2733 αἴσθησιν,
560 2686 888 2736 quemadmodum
913 2686 1140 2739 Philosophi
1172 2688 1399 2737 loquuntur,
1435 2683 1634 2723 διαθέσεως
1653 2685 1704 2723 sit
1723 2685 1802 2735 sig-

344 2765 432 2789 num
454 2766 461 2794 ;
495 2764 517 2788 a
550 2763 627 2800 qua
648 2750 762 2800 longe
787 2750 896 2786 abest
919 2750 1026 2788 Deus
1047 2765 1053 2788 2
1087 2754 1176 2796 abr»)
1200 2754 1218 2796 ἣ
1238 2753 1347 2788 οὐσία
1367 2751 1497 2797 λόγου,
1532 2751 1589 2786 καὶ
1612 2750 1797 2788 αὐτ-ὄνους.

350 2816 457 2853 Undc
482 2814 669 2863 Thespis:
