1903 3306
340 219 425 261 336
837 227 878 256 P.
911 225 1152 255 TERENTH
1186 225 1300 255 Auni

343 324 449 374 Sed,
474 324 511 364 si
532 334 589 362 ex
610 333 663 362 ea
683 333 725 361 re
746 320 847 374 plus
868 320 974 360 mali
996 320 1063 368 'st,
1087 332 1221 373 quam
1244 318 1466 360 commodi
1736 318 1792 359 15

342 394 545 446 Utrique,
565 389 611 430 id
634 401 709 429 oro
732 392 786 437 te,
807 388 852 428 in
873 399 1104 428 commune
1126 391 1176 427 ut
1195 386 1431 427 consulas:

343 460 489 512 Quasi
508 443 584 498 illa
597 448 682 497 “tua
702 455 774 504 sit,
797 453 1108 506 Pamphilique
1128 465 1209 505 ego
1229 454 1312 493 sim
1334 458 1473 506 pater.

343 530 410 570 Si.
443 528 583 568 Immo
603 525 668 564 ita
687 523 806 571 volo,
825 522 975 574 itaque
995 521 1187 574 postulo,
1207 526 1257 561 ut
1277 520 1369 570 fiat,
1388 520 1604 572 Chreme:

343 597 503 649 Neque
525 592 744 646 postulem
765 590 847 630 abs
869 594 928 639 te,
960 589 1043 629 nisi
1066 589 1166 643 ipsa
1186 601 1255 630 res
1276 593 1463 630 moneat.
1538 588 1627 629 CH.
1672 587 1793 639 Quid

511 660 604 701 est?

343 733 410 774 81.
442 730 526 771 Irae
548 730 650 768 sunt
669 726 777 766 inter
795 724 1046 778 Glycerium
1066 726 1108 764 et
1128 726 1318 776 gnatum.
1378 723 1467 764 CH.
1498 721 1659 764 Audio.
1737 722 1794 764 20

344 801 410 840 Si.
444 797 515 838 Ita
535 807 719 847 magnae,
742 797 792 847 ut
811 804 982 845 sperem
1004 803 1142 843 posse
1162 791 1309 831 avelli.
1370 790 1458 832 CH.
1491 789 1689 831 Fabulae.

344 867 412 908 S1.
444 864 647 906 Profecto
669 861 735 902 sic
758 864 838 900 est.
871 850 874 852 ’
901 857 990 900 CH.
1021 858 1097 899 Sic
1118 858 1281 908 hercle,
1297 861 1346 899 ut
1366 858 1512 899 dicam
1532 857 1638 898 tibi:

342 931 597 976 Amantium
618 930 710 978 irae,
733 927 896 969 amoris
917 926 1152 979 integratio
1173 925 1243 966 'st.
1893 965 1901 993 <

344 1003 410 1043 Si.
445 999 579 1047 Hem,
602 996 647 1037 id
669 1002 710 1037 te
732 1008 826 1044 oro,
846 997 892 1035 ut
913 998 1013 1035 ante
1036 1005 1208 1043 eamus,
1231 993 1336 1033 dum
1355 996 1526 1048 tempus
1548 993 1690 1044 datur,
1742 984 1882 1041 “5922''

345 1071 552 1120 Dumque
572 1063 669 1118 ejus
688 1062 828 1104 libido
849 1062 1034 1103 occlusa
1053 1060 1109 1103 'st
1132 1060 1435 1103 contumeliis:
1469 1058 1483 1086 s
1533 1083 1538 1087 ,
1662 1066 1672 1089 ἳ-
1740 1059 1797 1101 25

345 1137 476 1178 Prius
499 1145 630 1188 quam
651 1131 805 1171 harum
826 1129 1010 1179 scelera,
1031 1132 1075 1170 et
1093 1115 1302 1170 lacrumae
1323 1128 1526 1170 confictae
1547 1128 1682 1179 dolis,

345 1203 584 1245 Reducunt
601 1200 792 1240 animum
813 1201 1026 1250 aegrotum
1046 1196 1103 1237 ad
1123 1196 1484 1246 misericordiam,

345 1271 542 1313 Uxorem
564 1268 720 1308 demus
739 1278 749 1307 :
772 1278 902 1320 spero
926 1264 1240 1306 consuetudine

346 1337 405 1380 Et
425 1336 629 1392 conjugio
648 1334 818 1376 liberali
839 1333 1110 1383 devinctum,
1133 1332 1331 1383 Chreme,

346 1459 436 1489 quam
451 1446 600 1479 commodi
616 1445 740 1486 utrique
753 1445 824 1485 plus
839 1448 1018 1476 eventurum
1033 1448 1090 1485 est,
1107 1444 1141 1475 id
1163 1454 1216 1475 oro
1238 1447 1281 1482 te,
1304 1446 1340 1474 ut
1355 1443 1415 1474 mei
1430 1442 1535 1483 tuique
1548 1441 1702 1473 rationem
1716 1451 1800 1483 oeque

347 1493 468 1528 habeas,
482 1494 626 1530 tanquam
640 1489 715 1529 filia
741 1498 808 1518 mea
828 1491 882 1518 tua
902 1488 958 1526 sit,
984 1490 1012 1519 et
1029 1487 1121 1530 filius
1145 1491 1217 1518 tuus
1241 1496 1334 1518 meus,
1380 1487 1428 1517 Sl.
1453 1486 1539 1521 Quin
1551 1494 1608 1524 ego
1623 1485 1670 1516 ita
1683 1485 1750 1515 volo
1765 1487 1800 1515 ut

346 1534 449 1570 dicis,·
473 1535 576 1572 itaque
597 1535 631 1562 ut
647 1531 712 1572 fiat
734 1531 865 1571 postulo,
893 1531 1044 1566 Chreme;
1067 1539 1163 1570 neque
1177 1530 1212 1560 ia
1226 1540 1245 1560 a
1261 1533 1290 1560 te
1303 1530 1457 1568 postulare
1480 1528 1582 1566 velim,
1603 1527 1665 1558 ‘nisi
1679 1536 1713 1558 re
1734 1527 1802 1567 ipsa

345 1586 481 1618 proesens
505 1574 622 1606 occasio
647 1574 679 1604 z'd
704 1574 843 1604 suadeat.
890 1573 959 1604 C'u.
988 1573 1073 1608 Quid
1095 1572 1169 1604 est?
1211 1573 1261 1604 St.
1283 1572 1348 1602 Iroe
1366 1574 1438 1602 sunt
1462 1571 1546 1602 inter
1568 1569 1749 1611 Glycerium
1771 1572 1800 1600 et

348 1618 559 1660 Pamphilum.
606 1617 672 1648 CH·
695 1616 799 1647 Audio
825 1625 907 1646 cero.
950 1616 1000 1647 Si.
1024 1615 1076 1646 Ita
1096 1625 1221 1655 graves,
1248 1617 1282 1645 ut
1307 1624 1426 1655 sperem
1445 1613 1554 1654 filium
1578 1613 1658 1643 hunc
1686 1612 1725 1643 ab
1746 1612 1802 1643 illa

345 1673 432 1704 posse
458 1660 609 1692 abstrahi.
653 1660 722 1690 Cri.
751 1659 875 1689 Faltulae
905 1667 1008 1689 meroe.
1053 1658 1103 1689 Si.
1128 1658 1276 1696 Profecto
1304 1658 1350 1688 sic
1378 1659 1436 1695 est,
1463 1659 1498 1687 ut
1527 1655 1607 1687 dico.
1653 1655 1722 1686 CH.
1745 1654 1802 1685 Sic

347 1706 441 1736 etiam
455 1707 499 1734 est
516 1706 549 1733 ut
565 1703 666 1734 dicam
687 1702 766 1732 tibi:
790 1701 973 1731 Amantium
995 1700 1065 1739 iroe,
1090 1701 1203 1731 amoris
1225 1700 1413 1730 instauratio
1432 1702 1490 1730 est.
1534 1698 1586 1729 SI.
1611 1696 1708 1737 Hem,
1723 1697 1756 1728 id
1772 1700 1803 1728 te

348 1759 413 1785 oro,
430 1750 464 1778 ut
476 1746 556 1777 malo
570 1753 775 1782 occurramus,
786 1745 858 1774 dum
873 1753 905 1773 se
920 1744 974 1774 dat
989 1743 1104 1773 occasio
1117 1746 1290 1782 opportuna
1302 1753 1314 1779 ;
1335 1744 1464 1782 dumque
1476 1740 1541 1780 ejus
1552 1740 1647 1772 libido
1661 1749 1803 1780 repressa

349 1795 393 1822 est
410 1789 535 1827 injuriis
560 1788 693 1826 acceptis
707 1797 718 1824 ‚·
743 1787 924 1827 priusquam
944 1786 1054 1816 harum
1082 1786 1242 1816 mulierum
1258 1785 1401 1821 fiillaciae
1426 1787 1456 1814 et
1481 1785 1625 1824 lacrymae
1649 1782 1803 1813 simulaeae

348 1835 494 1864 reducant
509 1831 574 1870 ejus
588 1831 736 1868 animum,
751 1839 869 1868 agrum
883 1838 999 1867 amore,
1013 1830 1053 1858 ad
1074 1829 1336 1859 misericordiam.-
1358 1836 1485 1857 uxorem
1506 1826 1554 1856 ilci
1575 1826 1680 1856 demus
1695 1824 1803 1866 filiam

348 1879 444 1907 tuam.
489 1875 559 1914 Ego
584 1883 670 1913 spero
691 1872 792 1911 illum,
819 1871 961 1911 Chreme,
983 1871 1126 1910 ingenua?
1149 1871 1256 1902 uxoris
1279 1869 1520 1909 conversatione,
1544 1871 1575 1899 et
1596 1867 1737 1907 conjugio
1751 1868 1802 1899 de-

960 1955 1193 1967 eeeeeeeeeeee

351 2024 452 2056 porro
475 2012 578 2044 Fabri
592 2012 758 2043 Thesaur.
775 2019 808 2042 v.
834 2010 844 2028 ‘
861 2009 1032 2042 Arcess0.’
1059 2011 1157 2041 West.
1201 2008 1365 2041 Nonnulli
1390 2007 1467 2039 libri
1490 2016 1565 2037 cum
1594 2005 1732 2037 Donato
1755 2006 1802 2037 le-

350 2063 435 2098 gunt
450 2057 484 2087 in
500 2066 544 2087 re.
589 2055 655 2086 Sed
672 2055 784 2094 placet
800 2054 902 2084 lectio
920 2054 1116 2093 Eugraphii,
1139 2053 1178 2084 Si
1199 2053 1232 2084 iu
1257 2062 1322 2083 rem
1346 2055 1392 2082 est
1416 2051 1553 2090 utrique,
1570 2049 1668 2090 fiant,
1691 2050 1804 2080 arcessi

343 2101 429 2139 jube.
453 2100 554 2130 Beni.
597 2098 718 2129 Scribe
747 2097 871 2135 arcessi,
894 2096 935 2126 ab
960 2096 1100 2136 antiqno
1121 2096 1130 2112 ⁴
1145 2094 1259 2127 arcio.'
1282 2095 1325 2125 V.
1350 2093 1488 2125 Cellarii
1515 2092 1678 2132 Orthogr.
1704 2092 1803 2122 Zeun.

350 2146 434 2174 —15
459 2142 545 2173 Boni
561 2150 622 2180 pro
638 2150 744 2171 comm.
760 2138 876 2170 Guelf.
895 2141 1013 2170 3.—16
1038 2139 1092 2169 Ne
1121 2139 1196 2178 lege
1215 2148 1290 2169 cum
1309 2137 1481 2177 plerisque
1510 2134 1610 2166 codd.
1633 2135 1667 2164 ia
1689 2137 1719 2166 te
1741 2144 1806 2173 oro,

351 2195 394 2216 ne.
411 2183 638 2225 suspendatur
655 2182 862 2223 synaloepha.
911 2182 1069 2212 Donatus
1093 2181 1178 2221 legit
1200 2181 1232 2211 in
1255 2189 1410 2221 commune
1424 2179 1555 2218 consule,
1579 2176 1668 2218 quod
1687 2186 1802 2216 parum

351 2227 469 2260 refert.
493 2228 590 2258 Bent.
638 2226 809 2263 Commodi,
830 2225 961 2264 Utrique
975 2225 1009 2255 id
1038 2224 1182 2254 Bru—17
1208 2222 1293 2254 Cod.
1310 2221 1539 2254 academicus:
1566 2219 1804 2260 Pamphiloque3

352 2271 467 2301 nescio
503 2279 544 2300 an
573 2268 695 2299 verius.
728 2267 825 2298 Bent.
884 2267 990 2298 Recte
1020 2266 1121 2297 Bent.
1153 2265 1295 2306 praefert
1323 2266 1413 2296 Mss.·
1440 2263 1623 2295 lectionem
1653 2262 1805 2302 Pamphi-

352 2315 446 2353 loque.
485 2313 526 2343 R.
555 2312 596 2342 D.
653 2311 824 2341 Insertum
861 2315 915 2340 est
949 2310 1127 2340 contextui
1155 2309 1196 2340 ab
1221 2308 1288 2339 alia
1316 2317 1415 2338 manu
1438 2306 1494 2337 Si.-
1519 2305 1618 2335 male.
1642 2305 1805 2335 Bruns.--

353 2359 394 2386 19
417 2356 466 2387 Ut
491 2353 659 2385 medearis
682 2354 814 2390 versui,
838 2353 909 2390 lege
943 2361 1020 2382 cum
1045 2352 1146 2383 codd.
1182 2351 1383 2392 quibusdam
1410 2350 1443 2380 ni
1474 2349 1552 2388 ipsa.
1583 2347 1684 2378 Bent.
1728 2347 1803 2377 Mo-

352 2408 424 2428 rem
454 2401 575 2439 gerunt
600 2395 701 2427 Both.
725 2394 908 2425 Per1.—·23
947 2395 988 2426 In
1018 2394 1176 2436 quibusd.
1204 2393 1311 2425 Codd.
1341 2397 1395 2423 est
1420 2391 1514 2422 reiut.
1537 2390 1570 2421 in
1594 2389 1666 2420 aliis
1689 2389 1804 2420 redint.

353 2441 461 2472 West.
514 2439 650 2470 Servius
680 2442 715 2468 et
744 2437 857 2468 Acron
885 2437 1014 2468 habent
1041 2437 1157 2468 redint.
1201 2435 1370 2468 Charisius
1398 2435 1494 2465 reiut.
1554 2431 1673 2464 Nostri
1703 2431 1804 2464 codd.

353 2493 429 2514 curn
446 2483 585 2513 Donato
608 2485 643 2511 et
664 2479 811 2521 antiquis
828 2480 951 2510 Fae'rni
978 2479 1072 2510 libris
1089 2479 1269 2518 integratio.
1317 2478 1442 2509 Recte.
1481 2475 1615 2506 Deinde
1632 2473 1804 2505 venustius

353 2526 431 2565 erit,
447 2525 486 2563 si,
502 2524 617 2555 deleto
633 2527 690 2561 est,
705 2523 739 2552 in
755 2522 821 2553 fine
837 2533 955 2553 versus
972 2532 1077 2563 ponas
1093 2523 1173 2560 hem,
1188 2521 1277 2562 quod
1294 2521 1393 2561 vulgo
1410 2518 1614 2560 principium
1630 2517 1806 2557 sequentis

354 2571 510 2608 occupat.
535 2568 633 2598 Bent.
665 2566 850 2604 Integraeio.
899 2566 939 2596 In
956 2565 1127 2596 nonnullis
1142 2564 1220 2595 edd.
1236 2564 1361 2604 legitur
1377 2563 1491 2593 redint.
1507 2564 1721 2600 repugnante
1737 2569 1806 2590 mc-

354 2615 420 2642 tro.
444 2611 485 2641 R.
504 2610 548 2640 D.
596 2608 679 2638 Hem
697 2618 832 2647 prorsus
847 2608 975 2638 omittit
991 2608 1051 2638 ΒΓ.
1075 2608 1197 2646 Integr.
1213 2617 1274 2638 am.
1299 2604 1417 2637 Guelf.
1432 2607 1465 2635 2.
1512 2604 1576 2634 Irae
1590 2612 1651 2633 am.
1667 2602 1726 2633 int.
1744 2611 1804 2634 am.

354 2657 399 2684 est
416 2655 534 2684 3.-—·25
560 2650 681 2681 Lubido
699 2651 801 2680 Bent.
818 2651 920 2681 Both.
939 2651 1121 2685 Petu—2⁷
1145 2649 1213 2680 Alii
1231 2649 1406 2687 Reducant,
1428 2645 1488 2677 sed
1504 2645 1610 2676 nostri
1625 2653 1753 2683 omnes,
1770 2649 1806 2675 et

356 2695 492 2736 qnidam
524 2693 650 2734 antiqui
682 2692 804 2722 Fa'e'rni
831 2693 958 2723 habent
992 2693 1161 2724 Reducunt.
1207 2692 1324 2723 Recte.
1356 2690 1452 2720 Bent.
1510 2688 1674 2718 Reducunt
1702 2687 1803 2717 Boni.

357 2739 538 2769 Peri.-28
564 2736 654 2767 Finit
672 2735 842 2775 particula
863 2737 871 2751 ‘
885 2735 939 2766 et'
965 2736 1065 2765 Bent.
1085 2744 1227 2765 versum.
1270 2734 1327 2764 Sic
1342 2732 1431 2763 Mur.
1448 2732 1504 2761 Er.
1518 2730 1596 2770 Bip.
1641 2728 1708 2760 Sed
1725 2729 1805 2760 inci-

356 2783 454 2821 piunt
485 2780 583 2819 vulgo
607 2777 682 2810 ead.
709 2783 918 2818 sequentem.
944 2778 1030 2809 Perl.
1063 2777 1119 2818 qui
1140 2787 1215 2809 cum
1233 2776 1334 2808 Both.
1354 2775 1392 2806 Z.
1409 2779 1445 2805 et
1461 2773 1519 2804 Br.
1544 2772 1710 2813 incipiunt
1735 2780 1805 2812 seq.
