1903 3306
580 243 641 272 DE
678 243 710 272 M
722 243 863 273 ETRIS
897 243 1109 274 cmucls.

1483 237 1510 278 Ν)

1514 238 1568 278 gg

513 337 718 388 Apocopes
741 338 918 388 exempla
936 337 1021 375 haec
1041 337 1138 375 habe
1158 351 1165 375 :

331 410 414 448 itan
600 419 666 450 tun
854 413 906 458 in,
927 425 1011 463 pro,
1031 412 1113 450 isne
1233 412 1323 450 star'
1338 414 1353 436 ³

335 474 436 512 satin
598 475 772 526 parumn’
853 476 980 513 haben
1235 478 1379 526 potess'

333 550 433 588 egon
596 552 720 576 sanun
855 539 970 577 viden
1236 539 1406 576 animul'.

177 632 354 683 Denique
384 634 422 670 in
453 633 584 671 multis
615 647 692 672 non
725 635 842 673 modo
870 649 888 673 s
918 634 1033 673 finale
1052 648 1121 685 pro
1140 635 1250 672 libitu
1270 634 1467 685 abjiciunt,
1497 634 1566 673 sed

121 696 294 734 vocalem
314 697 429 734 etiam
448 710 535 747 quae
563 698 734 747 proxime
754 699 953 749 praecedit.
1013 698 1202 748 Exempla
1232 706 1323 736 sunt
1354 699 1566 743 innumera,

58 774 63 779 ·
121 759 161 796 in
181 760 321 810 quibus
342 773 360 797 s
381 760 554 811 abjicitur
582 774 669 799 cum
690 761 806 800 dictio
837 762 981 800 desinit
1013 762 1051 798 in
1071 775 1117 799 us
1135 775 1144 804 ;
1191 761 1260 799 sed
1280 762 1452 799 vocalem
1472 774 1568 812 quo-

122 836 211 873 que,
231 824 293 861 cui
313 823 498 875 adjuncta
518 831 590 870 est,
619 826 785 862 resecuit
819 838 922 876 saepe
944 825 1121 871 Plautus,
1152 824 1268 876 idque
1288 837 1365 862 non
1386 825 1422 861 in
1444 826 1568 862 nomi-

121 886 233 924 nibus
256 893 419 934 tantum,
438 894 482 925 ut
511 888 564 933 in,
592 901 741 934 servus,
762 887 832 925 sed
854 888 892 925 in
912 888 1038 925 verbis
1068 889 1197 934 etiam,
1225 895 1269 925 ut
1300 889 1353 934 in,
1375 888 1568 935 volumus,

122 950 336 996 attulimus,
356 953 429 989 &c.
473 951 621 989 Eadem
636 964 790 1001 quoque
811 951 979 997 licentia,
999 964 1087 988 cum
1103 964 1176 988 vox
1205 951 1348 989 desinit
1366 952 1403 988 in
1424 952 1471 997 is,
1490 965 1568 990 non

120 1013 237 1052 modo
258 1028 275 1052 s
291 1014 481 1065 abjicitur,
495 1015 604 1060 utin,
623 1015 760 1065 magis,
776 1014 903 1060 nimis,
919 1014 1062 1065 pergis,
1079 1014 1212 1061 tristis,
1231 1015 1336 1066 quod
1354 1028 1377 1052 a
1389 1015 1569 1054 Terentio

121 1076 280 1124 factum,
301 1077 371 1116 sed
390 1078 424 1115 is
444 1078 575 1125 etiam,
595 1085 638 1115 ut
658 1078 712 1125 in,
733 1077 882 1123 similis,
900 1078 1128 1124 consimilis,
1144 1078 1363 1123 exorabilis,
1383 1080 1569 1130 corporis,

121 1140 296 1178 Veneris.
353 1140 552 1179 Interdum
574 1154 592 1179 s
613 1141 777 1192 abjecta,
804 1141 815 1177 i
844 1141 1059 1192 corripitur,
1081 1155 1207 1192 neque
1241 1155 1259 1179 s
1292 1141 1408 1179 modo
1439 1143 1508 1180 sed
1536 1144 1568 1182 is

121 1216 276 1255 quoque
304 1217 327 1242 a
355 1205 430 1243 fine
450 1204 677 1252 detrahitur,
701 1205 816 1242 etiam
837 1217 924 1243 cum
952 1212 1091 1244 natura
1110 1207 1229 1257 longa
1248 1214 1334 1249 est;
1378 1207 1569 1258 exempla,

121 1267 186 1305 ubi
207 1280 224 1305 s
245 1267 420 1307 detracta
446 1270 690 1320 icorripitur,
724 1277 827 1316 sunt,
860 1269 993 1307 multis
1022 1276 1061 1307 et
1088 1270 1205 1316 miris,
1240 1283 1287 1308 ex
1307 1270 1445 1320 quibus
1467 1270 1572 1309 facta

122 1337 226 1377 sunt,
239 1332 474 1370 multimodis
489 1340 528 1371 et
541 1332 752 1371 mirimodis
769 1346 777 1370 ε
797 1333 986 1385 posterior
999 1346 1154 1384 quoque
1172 1334 1225 1381 in,
1240 1334 1368 1380 nobis,
1383 1340 1434 1381 et,
1447 1335 1570 1381 vobis,

122 1394 257 1432 eadem
275 1395 434 1434 licentia
465 1396 669 1447 aliquoties
703 1397 805 1448 apud
840 1397 1023 1435 Plautum
1052 1397 1189 1447 corripi
1218 1397 1383 1443 videtur,
1417 1404 1456 1435 et
1473 1412 1571 1437 non-

122 1471 321 1509 nunquam
362 1466 488 1497 totum
519 1460 551 1498 is
588 1460 715 1510 abjici,
744 1460 819 1498 nisi
851 1473 920 1511 pro
953 1460 999 1498 iis
1033 1460 1243 1511 legendum
1276 1461 1325 1498 sit
1351 1461 1411 1498 bis
1441 1469 1480 1499 et
1500 1462 1571 1507 vis,

122 1536 284 1574 quorum
303 1523 407 1572 prius
427 1536 512 1573 pro,
532 1524 660 1569 nobis,
678 1524 862 1575 antiquos
883 1524 1029 1562 dixisse
1044 1524 1245 1562 annotavit
1259 1525 1399 1563 Festus
1417 1538 1426 1562 ε
1456 1525 1570 1576 hujus

123 1593 250 1624 autem
271 1586 436 1625 licentiae
457 1586 563 1625 clara
583 1588 761 1639 exempla
777 1594 881 1633 sunt,
902 1589 1060 1638 paratis,
1081 1588 1263 1639 imperiis.

178 1650 250 1688 His
271 1649 394 1688 addas
410 1650 515 1701 quod
535 1664 576 1690 es
597 1651 788 1690 interdum
810 1652 986 1703 abjicitur
1006 1653 1059 1700 in,
1080 1665 1165 1695 res;
1196 1659 1247 1700 et,
1275 1665 1336 1690 res
1367 1658 1439 1698 est,
1460 1666 1506 1692 ex
1526 1666 1571 1691 eo

125 1713 269 1764 saepius
289 1714 334 1751 fit
352 1715 545 1766 monosyl.

175 1779 304 1829 Atque
334 1777 396 1815 hae
427 1778 506 1817 fere
528 1791 620 1817 sunt
649 1781 831 1828 rationes,
852 1781 992 1832 quibus
1013 1787 1160 1818 veteres
1195 1779 1343 1818 Comici
1362 1792 1470 1817 veras
1490 1793 1573 1818 ver-

122 1842 257 1880 borum
277 1842 513 1892 quantitates
534 1843 660 1882 solent
679 1845 918 1891 imminuere,
948 1844 1190 1895 corripiendo
1209 1857 1347 1894 nempe
1367 1849 1405 1881 et
1420 1851 1574 1882 contra-

122 1906 267 1944 hendo.
324 1906 374 1944 Et
405 1906 520 1957 hujus
554 1909 706 1959 generis
739 1916 798 1947 est
832 1909 1077 1947 licentiarum
1107 1920 1197 1957 pars
1231 1906 1348 1958 longe
1379 1907 1572 1945 maxima:

124 1982 255 2007 earum
275 1982 366 2008 vero
386 1983 516 2008 causae
538 1984 586 2009 ex
612 1973 791 2023 populari
824 1972 1010 2024 loquendi
1030 1970 1314 2010 consuetudine
1346 1976 1385 2009 et
1402 1984 1574 2022 pronun-

123 2032 293 2073 tiationis
314 2040 452 2072 natura
469 2035 649 2086 petendae
671 2044 774 2076 sunt.
823 2037 902 2076 Sed
923 2045 961 2075 et
981 2037 1067 2075 aliae
1084 2035 1283 2074 nonnullae
1304 2041 1395 2073 sunt
1415 2035 1572 2074 alterius

122 2155 308 2196 pyrrhichii
333 2157 408 2189 loco
438 2161 532 2198 sunt,
555 2158 648 2199 quasi
674 2157 819 2189 duorum

123 2209 256 2236 tantum
274 2211 388 2237 essent
403 2209 606 2247 temporum.

165 2258 186 2286 9
211 2255 346 2295 Ejiciat]
370 2255 412 2286 In
435 2256 572 2287 vocibus
591 2256 688 2297 hujus
703 2256 821 2288 formae

124 2305 216 2346 prior
233 2305 242 2335 i
259 2315 332 2337 cum
349 2306 456 2337 altera
472 2305 506 2336 in
524 2316 623 2337 unam
648 2306 821 2346 coalescit,

124 2360 160 2387 et
183 2361 252 2387 tum
282 2356 293 2386 i
318 2355 448 2397 duplex
464 2366 553 2393 ,cum
578 2357 689 2388 vocali
713 2357 822 2398 prima

125 2407 368 2447 diphthongum
382 2407 504 2439 induit.

169 2459 185 2487 1
226 2457 403 2498 Virginem]
449 2458 527 2489 Non
566 2458 648 2489 satis
687 2462 822 2490 constat

125 2510 237 2537 utrum
253 2507 287 2538 in
303 2507 366 2538 hac
379 2517 462 2539 voce
479 2509 604 2539 vocalis
629 2509 742 2540 media
763 2510 820 2540 eli-

127 2556 240 2588 denda
250 2557 307 2596 sit,
320 2567 361 2588 an
372 2558 479 2598 prima
492 2558 727 2599 corripienda3
746 2569 820 2600 pos-

126 2608 232 2639 terius
251 2609 378 2647 malim‚
391 2618 467 2639 cum
484 2609 517 2639 in
533 2609 647 2640 multis
671 2609 820 2640 animad-

127 2662 252 2698 vertam,
283 2659 433 2690 vocalem
462 2659 600 2690 brevem
630 2664 709 2690 ante
740 2659 823 2690 duas

127 2717 291 2740 consonas
309 2717 449 2750 quorum
467 2709 558 2748 prior
573 2712 625 2740 est
637 2718 665 2748 r,
684 2709 822 2750 corripi.

128 2758 254 2791 Contra
267 2769 346 2792 vero
359 2758 499 2792 affertur
511 2760 566 2793 hic
578 2770 696 2793 versus
708 2761 824 2794 Ennii:

873 2157 1034 2198 Virgines
1061 2166 1137 2188 nam
1163 2157 1227 2188 sibi
1244 2156 1384 2198 quisque
1402 2157 1492 2189 domi
1509 2158 1573 2189 Ro-

873 2218 989 2239 manus
1014 2208 1120 2239 habet
1147 2218 1212 2239 sas·
1260 2207 1326 2239 Sed
1358 2208 1437 2239 satis
1466 2209 1575 2239 multa

874 2259 964 2299 apud
980 2259 1127 2290 Ennium
1144 2258 1300 2298 exempla
1327 2262 1418 2298 sunt,
1444 2257 1478 2288 in
1502 2258 1573 2298 qui-

874 2310 936 2341 bus
959 2320 1074 2341 versus
1089 2310 1286 2341 hexameter
1302 2309 1422 2350 incipit
1437 2309 1480 2340 ab
1497 2319 1574 2340 ana-

879 2365 1000 2401 paesto.

919 2413 938 2441 2
962 2409 1100 2449 Liberoe]
1122 2409 1250 2441 Eadem
1267 2409 1458 2441 contractio
1473 2409 1511 2441 fit
1527 2409 1573 2449 in,

877 2459 1035 2499 liberare,
1052 2460 1204 2500 liberius,
1221 2461 1420 2501 periculum,
1433 2464 1468 2491 et
1483 2460 1571 2492 simi-

876 2510 974 2541 libus.

917 2562 935 2590 3
950 2558 1052 2599 Star‘]
1066 2559 1178 2600 Clara,
1193 2559 1226 2590 ni
1241 2558 1353 2600 fallor,
1369 2559 1459 2601 apud
1472 2561 1576 2592 Plau-

876 2615 946 2641 tum
960 2611 1117 2651 exempla
1129 2616 1206 2642 sunt
1222 2611 1319 2652 hujus
1331 2611 1496 2650 licentiae,
1508 2621 1576 2653 qua

876 2671 895 2692 e
921 2660 1022 2692 finale
1046 2661 1081 2692 in
1110 2661 1221 2693 verbis
1243 2662 1333 2693 modi
1352 2661 1474 2692 infiniti
1494 2662 1577 2702 abji-

877 2711 965 2743 citur
981 2715 1146 2752 sequente
1169 2721 1327 2750 consona,
1349 2721 1415 2752 qua
1438 2711 1576 2743 licentia

879 2761 970 2794 nulla
987 2761 1076 2803 apud
1092 2761 1198 2794 Italos
1215 2761 1437 2804 frequentior.
