1903 3306
566 237 769 268 ANDRIAE
805 237 912 266 Aer.
938 236 1009 265 ιη.
1043 235 1108 265 sc.
1134 236 1184 265 11.
1520 223 1603 264 329

158 337 297 376 Date:
321 347 427 375 mox
445 346 527 386 ego
547 333 633 391 buc
652 336 859 372 revertor.

157 402 243 442 Per
263 405 434 442 ecastor
457 400 592 441 scitus
613 411 719 452 puer
741 403 807 438 est
829 404 960 439 natus
983 395 1234 449 Pamphilo.

157 468 276 509 Deos
299 480 467 522 quaeso,
490 455 536 507 ut
558 466 616 506 sit
638 471 879 518 superstes,
908 462 1265 518 quandoquidem
1286 462 1386 515 ipse
1407 465 1474 502 cst
1491 454 1607 513 inge-

326 535 399 575 nio
420 535 549 575 bono.
1306 535 1375 542 ”⁶
1507 521 1544 528 “

157 601 360 655 Cumque
389 590 492 642 huic
526 600 690 641 veritus
726 605 793 640 est
822 602 1019 652 optumae
1042 596 1313 638 adolescenti
1334 596 1476 636 facere
1495 595 1604 649 inju-

328 670 449 709 riam.

156 737 224 778 Sl.
252 736 339 778 Vel
365 736 452 797 {139
485 735 584 789 quis
619 748 708 775 non
742 734 906 784 credat,
939 735 1015 787 qui
1036 734 1147 774 norit
1168 738 1225 782 te,
1257 732 1339 772 abs
1359 736 1403 771 te
1425 742 1522 770 esse
1542 743 1607 769 or-

326 804 448 844 tum'?
512 803 605 844 DA.
637 802 862 853 Quidnam
883 802 930 843 id
955 803 1058 843 est'?

155 870 221 911 Sl.
255 870 359 911 Non
380 870 631 924 imperabat
652 882 816 919 coram,
850 869 959 923 quid
988 881 1098 922 opus
1129 867 1249 908 facto
1269 869 1401 916 esset,
1421 877 1610 918 puerpe-

328 951 415 979 rae:
669 929 715 935 *a*
1557 932 1610 971 10

157 1003 257 1055 Sed,
278 1010 520 1059 postquam
541 1017 720 1058 egressa
739 1007 817 1053 est,
838 1003 944 1053 illis,
963 1014 1064 1056 quae
1086 1005 1191 1041 sunt
1212 1001 1347 1049 intus,
1370 999 1531 1040 clamat
1554 998 1609 1038 de

333 1073 420 1114 via.

160 1138 199 1179 Ο
233 1139 376 1190 Dave,
408 1139 511 1181 itan’
544 1142 799 1181 contemnor
830 1137 911 1179 abs
944 1137 1018 1178 te‘?
1053 1141 1130 1177 aut
1164 1136 1278 1195 itane
1307 1136 1483 1176 tandem
1513 1134 1612 1175 ido—

329 1194 443 1248 neus

157 1274 261 1315 Tibi
281 1274 432 1316 videor
453 1287 567 1323 esse,
590 1286 719 1327 quem
740 1277 828 1313 tam
850 1275 1001 1325 aperte
1024 1270 1176 1311 fallere
1196 1270 1388 1324 incipias
1409 1269 1555 1310 dolis?

159 1381 265 1414 redibo
286 1383 354 1413 huc.
401 1383 545 1420 Ecastor,
571 1391 647 1422 puer
669 1381 757 1412 valde
779 1381 906 1422 pulcher
933 1383 960 1411 el
989 1380 1111 1419 elegans
1133 1382 1224 1410 nutus
1246 1382 1289 1409 est
1309 1378 1485 1418 Pamphilo.
1530 1378 1615 1409 Deos

158 1435 278 1465 precor,
291 1429 326 1456 ut
342 1426 447 1456 vitalis
461 1425 516 1461 sit,
540 1428 569 1454 et
593 1424 764 1462 incolumis,
787 1425 931 1465 quoniam
946 1428 1029 1454 certe
1051 1426 1142 1462 pater
1167 1422 1231 1460 ejus
1257 1422 1332 1451 bono
1357 1426 1401 1452 est
1425 1421 1562 1460 ingenio,
1583 1426 1614 1452 et

160 1468 279 1499 veritus
294 1471 338 1498 est
346 1466 453 1504 facere
467 1466 613 1505 injuriam
629 1467 700 1497 huic
723 1467 807 1497 lumoe
823 1467 1009 1497 adolescenti
1025 1465 1162 1496 mulieri.
1206 1465 1256 1495 Sl.
1286 1465 1314 1494 Ο
1332 1465 1420 1494 Dave
1432 1463 1445 1494 !
1471 1465 1538 1504 quis
1554 1474 1614 1494 nou

160 1511 280 1550 eredat,
295 1512 346 1550 qui
361 1514 392 1540 te
408 1511 537 1548 noverit,
551 1510 607 1540 hoc
622 1509 716 1540 etiam
730 1520 749 1540 α
766 1513 795 1540 te
809 1519 872 1541 esse
887 1505 1071 1540 inventum?
1118 1509 1189 1538 DA.
1214 1507 1370 1542 Quidnam
1390 1507 1422 1537 id
1444 1511 1489 1537 est
1501 1506 1517 1539 sl
1561 1507 1615 1537 Sl.

160 1552 272 1583 Lesbia
287 1552 440 1583 obstetrix
462 1562 521 1583 non
542 1552 744 1592 praecipiebat
769 1552 830 1593 ipsi
853 1561 1012 1592 puerperoe
1035 1559 1138 1582 coram
1160 1550 1193 1581 in
1209 1550 1357 1588 cubiculo,
1379 1559 1446 1588 quoe
1465 1549 1616 1587 faciendo

161 1598 273 1632 eo·anl;
295 1597 360 1634 sed,
379 1599 540 1636 postquam
565 1595 664 1625 exivit
683 1594 787 1633 foras,
809 1595 1002 1632 mutieribus,
1025 1603 1094 1634 qua>
1117 1596 1189 1624 sunt
1210 1593 1308 1632 intus,
1325 1594 1436 1623 maluit
1451 1592 1615 1632 imperare,

161 1638 318 1668 clamando
339 1648 355 1668 e
376 1638 438 1668 via.
486 1639 515 1668 Ο
533 1637 634 1677 Dave,
658 1637 743 1668 itane
762 1642 937 1669 contemnor
962 1648 981 1668 α
1009 1635 1064 1669 te?
1086 1639 1150 1667 Aut
1175 1636 1259 1666 itane
1285 1636 1410 1665 tandem
1432 1635 1536 1665 videor
1557 1635 1618 1665 tibi

161 1684 251 1721 aptus
276 1684 306 1712 et
329 1684 527 1722 opportunus,
549 1690 636 1721 quem
661 1684 726 1712 tam
748 1680 914 1719 manifeste
932 1679 1047 1718 fallere
1073 1678 1203 1719 incipias
1225 1675 1330 1709 dolis?
1354 1677 1483 1718 Saltem,
1505 1680 1618 1717 astute,

773 1763 1005 1777 eeeeeeeeeee

163 1818 222 1849 Fa.
238 1821 273 1848 et
288 1827 351 1858 ego
367 1818 401 1849 in
417 1822 549 1859 septem
564 1828 583 1849 e
596 1818 735 1856 nostris,
757 1818 845 1849 haud
864 1817 979 1858 dubie,
1000 1822 1037 1848 ut
1062 1816 1325 1848 Bacchiacorum
1351 1816 1443 1848 modi
1464 1821 1499 1848 et
1523 1818 1618 1859 leges

164 1866 358 1899 serventur,
379 1865 432 1893 est
447 1860 672 1902 praeserenda.
695 1861 793 1892 Bent.
840 1860 935 1892 Duri.
980 1860 1036 1892 Sic
1052 1860 1152 1891 Bent.
1178 1859 1258 1890 Par.
1283 1869 1325 1890 ex
1349 1859 1432 1891 libb.
1448 1860 1535 1891 Perl.
1560 1862 1618 1902 qui

163 1903 212 1934 sie
229 1903 313 1944 legit
328 1913 404 1935 cum
420 1904 521 1935 Both.
540 1908 575 1935 et
591 1908 707 1935 monet
726 1905 801 1934 dare
826 1903 941 1943 legere
959 1902 1073 1934 Guelf.
1087 1905 1119 1934 2.
1159 1902 1169 1919 ‘
1183 1902 1269 1933 Date
1294 1912 1369 1933 esse
1392 1903 1526 1943 legend.
1550 1913 1619 1935 non

163 1947 250 1986 dare,
271 1950 307 1977 et
323 1945 422 1978 codd.
439 1946 591 1978 nonnulli
609 1951 790 1984 testantur,
811 1951 847 1978 et
864 1946 950 1977 ratio
967 1945 1095 1976 indicat
1116 1944 1301 1986 loquendi.'
1328 1945 1409 1976 Gov.
1451 1945 1536 1977 Dari
1559 1947 1620 1978 dat

165 1984 290 2020 :Bu—5
314 1989 481 2020 Revertor.
525 1989 581 2020 Ita
597 1989 730 2030 quidam
749 1989 832 2020 Mss.
845 1993 879 2019 et
893 1988 991 2028 editi,
1015 1987 1104 2029 quod
1127 1987 1219 2018 haud
1247 1988 1331 2027 scio,
1354 1997 1395 2018 an
1420 1988 1622 2029 elegantius,

166 2040 267 2072 quam
284 2032 458 2072 vulgatum
481 2035 632 2063 revertar.
674 2032 942 2063 W’esterhovius.
989 2032 1160 2069 Donatus,
1183 2031 1333 2061 nonnulli
1360 2031 1461 2062 codd.
1488 2031 1622 2073 Fam-ni,

165 2078 202 2104 et
218 2083 260 2105 ex
275 2074 397 2105 nostris
413 2075 568 2105 meliores
584 2079 678 2105 recte
695 2075 813 2115 legunt
829 2077 979 2106 revertor.
1003 2074 1105 2105 Bent.
1149 2073 1320 2104 Romanus
1333 2073 1408 2104 cod.
1423 2075 1534 2105 omitt.
1549 2075 1618 2106 huc.

166 2116 261 2148 Peri·
305 2117 418 2158 Vulgo
430 2126 486 2156 ego
500 2117 569 2152 huc,
586 2117 677 2147 duris
688 2118 848 2148 numeris.
890 2115 1016 2147 Omisit
1031 2125 1216 2157 pronomen
1233 2115 1276 2147 A.
1294 2116 1390 2148 Both.
1406 2117 1463 2156 qui
1474 2118 1546 2157 ipse
1562 2127 1619 2156 ego

167 2159 292 2191 omisit.
329 2159 487 2190 Revertar
496 2158 610 2191 Guelf.
623 2163 654 2191 1.
669 2165 704 2190 et
717 2160 756 2191 Z.
790 2161 799 2177 ⁴
813 2159 854 2190 In
867 2158 1022 2190 Guelf.2·
1038 2159 1134 2190 Date.
1168 2159 1267 2191 Quod
1278 2158 1390 2190 fuerat
1400 2159 1510 2191 Dato?
1526 2160 1621 2192 Perl.

163 2204 227 2232 ——6
242 2202 410 2233 Per-castor
419 2202 546 2234 habent
556 2212 673 2233 omnes
684 2201 757 2233 fere
768 2202 869 2234 codd.
882 2201 1035 2232 Terentii
1047 2207 1082 2232 et
1094 2201 1194 2242 aliqui
1207 2202 1346 2240 Donati,
1358 2211 1439 2243 quos
1451 2203 1621 2234 consuluit

168 2243 343 2276 Faernus:
368 2244 427 2276 sed
440 2245 482 2277 V.
499 2250 534 2276 et
550 2254 666 2276 omnes
683 2250 811 2286 praeter
827 2254 930 2275 unum
946 2244 1052 2275 nostri
1064 2244 1262 2275 Perecastor.
1294 2245 1399 2284 Lege,
1416 2246 1481 2276 Per
1491 2249 1620 2277 ecastor.

169 2287 261 2328 Nam
280 2288 342 2318 Per
357 2287 510 2328 pertinet
527 2288 568 2318 ad
582 2288 591 2304 ⁶
605 2288 734 2327 scitus‚’
757 2288 789 2319 h.
805 2297 836 2318 e.
852 2287 949 2318 valde
963 2287 1078 2318 scitus.
1094 2287 1192 2318 Bent.
1224 2288 1288 2317 Per
1302 2288 1422 2318 Castor.
1460 2288 1524 2318 Per
1540 2297 1621 2319 con-

162 2329 374 2370 jungendum
392 2335 445 2361 est
461 2340 524 2370 per
538 2330 660 2361 tmesin
673 2340 749 2361 cum
765 2331 774 2348 ‘
791 2329 919 2361 scitus!
935 2329 975 2361 R.
986 2330 1031 2361 D.
1067 2329 1128 2360 Pr.
1144 2330 1323 2361 Per-castor.
1360 2329 1414 2362 Al.
1433 2330 1498 2362 Per
1512 2335 1619 2363 aecast.

165 2371 234 2404 Sed
252 2373 388 2411 plurimi
403 2373 483 2404 libb.
499 2373 574 2404 ‘sine
587 2372 719 2414 diphth.
734 2377 772 2404 ut
788 2376 980 2412 anapaestus
1004 2372 1038 2403 in
1061 2372 1170 2412 prima
1183 2372 1252 2412 huj.
1269 2382 1316 2404 vs.
1341 2378 1505 2404 servetur.
1533 2374 1620 2405 Perl.

167 2416 231 2444 -8
255 2415 346 2455 Lege
362 2425 403 2446 ex
420 2416 500 2447 Pet.
515 2420 561 2447 est
575 2417 703 2454 veritus,
726 2415 825 2447 metri
841 2424 955 2446 causa.
980 2415 1074 2446 Bent.
1116 2415 1313 2455 Sequuntur
1339 2415 1432 2447 Perl.
1458 2422 1493 2447 et
1517 2417 1620 2449 Both.

168 2459 231 2487 —9
257 2457 375 2488 Natum
390 2467 452 2498 pro
467 2462 569 2489 ortum
595 2468 649 2499 ap.
677 2459 744 2490 Do.
787 2460 795 2476 ‘
812 2457 930 2489 Nostri
957 2467 1071 2489 omnes
1097 2462 1132 2488 et
1157 2462 1243 2489 vett.
1272 2457 1350 2490 edd.
1377 2459 1429 2499 qui
1457 2461 1487 2489 te
1511 2461 1619 2491 norit.-

169 2498 288 2530 recte.’
313 2500 411 2531 Bent.
454 2501 558 2532 Both.
577 2501 654 2532 dat:
687 2502 738 2532 Vel
752 2501 785 2533 h.
799 2501 874 2541 quin
888 2501 1004 2540 credat,
1026 2500 1125 2541 quite
1146 2500 1328 2532 norit.—10
1352 2501 1420 2532 Un.
1448 2501 1516 2533 Ms.
1540 2501 1618 2534 Par.

169 2541 244 2573 Non
268 2543 299 2573 vi
320 2542 430 2584 parab.
457 2543 588 2575 vitiose.
613 2544 783 2575 Perl.—ll
809 2542 924 2575 Guelf.
948 2545 978 2574 1.
1007 2543 1135 2575 omittit
1159 2543 1255 2574 intus.
1288 2542 1426 2575 ld.—13
1460 2545 1495 2576 Si
1525 2545 1619 2586 legas

823 2627 965 2659 NOTAE

214 2692 232 2720 7
257 2691 301 2721 Ut
325 2692 369 2722 sit
395 2692 563 2732 superstes]
594 2692 685 2724 Olim
708 2694 867 2734 parens
921 2692 1010 2724 unde
1035 2692 1313 2733 superstitionem
1339 2692 1463 2724 dictam
1480 2703 1553 2724 esse
1571 2694 1619 2725 ait

171 2741 413 2783 precabantur,
430 2746 467 2773 ut
483 2742 549 2774 sibi
565 2742 617 2774 sui
633 2743 731 2774 liberi
750 2753 866 2784 super·
922 2743 1056 2784 Cicero,
1072 2752 1110 2775 11.
1127 2743 1169 2774 de
1194 2744 1278 2775 Nat.
1307 2744 1412 2776 Deor.
1434 2744 1538 2776 Mart.
1562 2745 1619 2778 lib.

172 2791 267 2822 stites
294 2797 416 2833 essent,
441 2793 474 2824 id
502 2798 567 2834 est,
583 2794 864 2834 superviverent:
921 2803 988 2826 vu.
1007 2795 1103 2835 Epig.
1120 2797 1172 2825 95.
