1903 3306
317 219 404 260 396
702 229 962 261 PRAEFA'rio
997 230 1047 261 1N
1084 230 1386 261 EUNucuuM.

479 323 663 374 Ephebus
682 323 799 361 frater
818 322 1011 361 Phaedriae
1029 322 1240 373 puellulam

483 389 582 425 Cum
602 387 805 439 deperiret,
826 387 930 424 dono
950 387 1107 424 missam
1127 386 1279 432 Thaidi,

476 452 627 490 Ornatu
650 451 830 489 Eunuchi
844 450 860 471 4
880 450 1080 488 induitur:
1112 451 1253 488 suadet
1270 450 1461 488 Parmeno
1479 463 1489 488 ε

474 516 649 554 Introiit:
666 517 678 538 ⁵
709 516 818 552 vitiat
836 514 1021 564 virginem
1039 527 1048 551 z
1079 513 1150 551 sed
1168 514 1322 552 Atticus

476 579 582 617 Civis
599 586 772 631 repertus
791 579 908 616 frater
927 578 1011 629 ejus
1033 578 1202 616 collocat

472 643 657 682 Vitiatam
677 643 829 695 ephebo
847 656 856 680 t
887 642 1107 680 Phaedriam
1128 648 1263 680 exorat
1283 641 1446 679 Thraso.

312 770 382 792 cum
397 761 598 802 Pamphilam
611 761 734 802 perdite
749 764 868 793 amaret
883 762 1030 792 donatam
1047 760 1160 792 Thaidi
1175 771 1193 791 a
1208 761 1319 799 milite,
1334 760 1519 800 supponitur
1537 769 1594 800 pro
1608 760 1770 796 Eunucho,

312 804 436 844 eiusque
451 804 558 835 habitu
572 805 699 835 indutus
720 806 760 835 ad
785 805 867 835 <edes
885 804 1015 835 Thaidis
1029 804 1207 841 adducitur,
1220 805 1369 834 suadente
1382 804 1592 834 Parmenone:
1615 803 1648 834 in
1662 803 1771 844 quibua

311 850 436 887 stuprat
449 847 646 887 Pamphilam
654 858 667 884 ,·
681 857 760 888 quoe,
773 857 842 878 cum
853 847 1013 886 reperisset
1023 846 1162 884 fratrem
1174 856 1260 877 suum
1275 846 1480 884 Chremetem,
1491 845 1588 877 civem
1598 845 1770 876 Athenien-

311 899 386 927 sem,
407 889 518 928 agnita
532 890 571 920 ab
584 890 650 930 ipso
664 891 757 920 datur
768 899 849 920 uxor
866 890 1014 926 Choereae,
1037 900 1056 920 a
1079 899 1137 930 quo
1161 889 1274 920 vitiata
1288 889 1401 927 fuerat
1412 899 1425 926 ;
1449 889 1567 920 Thraso
1581 888 1729 929 impetrat
1749 898 1769 918 α

310 932 476 973 ΡΙιιειίνία,
493 935 527 963 ut
541 934 606 964 sint
619 933 695 964 socii
710 933 744 964 in
761 942 864 963 amore
881 932 1021 964 Thaidis.

962 1006 1106 1039 NOTAE

351 1074 373 1102 4
399 1072 523 1103 Ornatu
542 1071 700 1112 Eunuchi]
734 1072 919 1104 Eunuchus
935 1081 1010 1104 cas·
1066 1071 1234 1112 privatus,
1252 1073 1287 1101 et
1303 1068 1404 1109 ὀχεία,
1416 1068 1540 1109 coitus,
1552 1067 1771 1109 conjuncti03

310 1126 422 1153 tratus
439 1121 567 1154 dicitur
591 1123 633 1155 ab
650 1123 733 1164 εὐνὴ,
759 1123 849 1164 quod
874 1129 928 1155 est
954 1133 1011 1154 cu-
1067 1123 1162 1164 quasi
1192 1120 1270 1153 εὖνις
1301 1120 1421 1161 ὀχείας,
1451 1120 1617 1161 privatus,
1647 1128 1769 1151 carens

309 1173 394 1213 bile,
410 1180 446 1205 et
471 1172 547 1214 ἔχω,
569 1174 692 1214 habeo,
719 1174 897 1213 custodio;
923 1174 1013 1215 quod
1068 1173 1310 1214 conjunctione
1336 1171 1505 1203 foeminea.
1547 1169 1707 1211 [Eunuchi
1721 1179 1770 1202 ‹rr-

307 1224 343 1255 id
362 1233 467 1264 genus
493 1225 662 1255 hominum
690 1223 917 1255 adhibebatur
943 1234 1013 1254 ser·
1066 1228 1173 1255 ’iatum
1188 1224 1291 1254 Both.
1310 1221 1437 1261 dedit.]

307 1276 427 1307 vandis
443 1286 559 1317 regum
589 1276 768 1308 cubilibus.
812 1276 1012 1307 Eustathius
1109 1279 1127 1306 5
1154 1273 1318 1315 [Introiit]
1353 1272 1473 1304 Introit
1488 1271 1615 1313 Delph.
1652 1271 1769 1302 Introi-

310 1327 451 1359 deducit
467 1336 588 1358 nomen
606 1326 696 1359 istud
713 1327 754 1358 ab
771 1325 860 1367 εὖνις,
885 1326 919 1358 id
945 1331 1011 1366 est,
1066 1326 1110 1357 vit
1124 1323 1244 1364 Boih.]

572 1610 1492 1685 AELIIDONATL

673 1750 715 1781 V.
739 1749 777 1782 C.
804 1748 1045 1780 ORATORIS
1071 1747 1210 1780 URBIS
1234 1747 1401 1787 ROMAE,

434 1858 778 1902 PRAEFATIO
813 1858 885 1899 IN
917 1851 1289 1898 EUNUCHUM
1320 1853 1649 1897 TERENTII.

307 1994 407 2031 HAEC
428 1992 631 2031 masculini
650 1991 803 2046 generis
821 1991 978 2028 nomine
991 1995 1219 2039 nuncupata
1236 1988 1386 2027 Fabula
1401 1994 1474 2034 est,
1491 1987 1763 2026 Etmucnus:

306 2065 344 2096 et
365 2066 425 2096 est
444 2058 612 2095 Palliata
633 2055 842 2096 Menandri
875 2060 1011 2092 vetus:
1041 2067 1157 2104 quam
1187 2053 1251 2090 ille
1283 2062 1419 2092 auctor
1450 2052 1499 2090 de
1532 2054 1636 2091 facto
1667 2051 1762 2090 ado·

306 2122 505 2167 lescentis,
536 2122 600 2172 qui
636 2135 676 2160 se
709 2133 779 2171 pro
809 2117 999 2156 Eunucho
1036 2117 1177 2155 deduci
1197 2117 1247 2154 ad
1269 2118 1508 2156 meretricem
1528 2129 1669 2168 passus
1688 2124 1761 2163 est,

304 2186 531 2223 nominavit.
591 2186 726 2235 Itaque
748 2197 795 2221 ex
816 2195 960 2232 magna
991 2188 1100 2232 parte
1134 2180 1298 2218 motoria
1328 2188 1402 2219 est.
1459 2182 1587 2232 Atque
1619 2180 1657 2217 in
1687 2180 1762 2217 hac

306 2249 524 2295 Comoedia,
554 2249 619 2299 qui
641 2259 848 2300 personam
869 2245 1125 2283 Parmenonis
1147 2252 1253 2282 actor
1275 2245 1454 2291 sustinet,
1482 2245 1624 2296 primas
1642 2243 1762 2282 habet

301 2322 445 2365 partes.
503 2312 697 2350 Secundae
719 2317 810 2349 sunt
833 2309 1021 2346 Chaereae.
1077 2308 1218 2345 Tertiae
1243 2308 1292 2345 ad
1325 2308 1547 2347 Phaedriam
1569 2314 1759 2360 spectant.

304 2378 432 2428 Hujus
459 2376 652 2426 Prologus
685 2388 778 2412 sane
799 2380 858 2411 est
877 2372 1119 2410 concitatior.
1177 2373 1276 2409 Nam
1299 2379 1338 2410 et
1358 2372 1491 2423 objicit
1509 2372 1669 2410 crimina
1689 2371 1759 2408 ad-

301 2440 573 2478 versantibus:
604 2445 643 2476 et
674 2437 931 2476 comminatur
965 2436 1003 2472 in
1039 2442 1265 2486 posterum:
1295 2442 1333 2474 et
1367 2436 1607 2474 accusatorie
1627 2440 1760 2473 narrat

299 2503 476 2554 injuriam
498 2502 679 2539 Terentio
698 2502 859 2539 factam:
883 2507 922 2537 et
941 2500 989 2537 ad
1009 2500 1185 2537 ultimum
1203 2501 1441 2537 tumultuose
1456 2507 1495 2538 et
1511 2513 1598 2538 cum
1614 2510 1759 2549 magna

301 2567 445 2607 invidia
468 2566 644 2603 defendit
664 2565 839 2603 Potitum.
900 2565 997 2602 Haec
1031 2572 1070 2603 et
1101 2567 1295 2614 πρότασιν,
1321 2571 1360 2602 et
1380 2566 1565 2610 ἐπίτασιν,
1587 2571 1627 2601 et
1645 2578 1757 2601 κατα-

304 2634 461 2683 στροφὴν
480 2631 534 2668 ita
553 2629 727 2680 aequales
743 2629 876 2676 habet,
892 2635 936 2666 ut
950 2642 1144 2680 nusquam
1158 2628 1267 2666 dicas
1279 2628 1524 2678 longitudine
1540 2628 1666 2679 operis
1681 2627 1756 2667 Te·

300 2695 464 2733 rentium
485 2692 725 2731 delassatum
747 2692 993 2748 dormitasse.
1052 2693 1175 2730 Actus
1198 2705 1292 2729 sane
1311 2692 1584 2743 implicatiores
1604 2698 1696 2729 sunt
1714 2692 1753 2730 in

302 2772 362 2805 ea,
391 2765 428 2796 et
458 2757 523 2808 qui
559 2769 636 2794 non
659 2756 771 2794 facile
793 2769 814 2794 a
835 2770 969 2808 parum
991 2755 1116 2795 doctis
1138 2756 1323 2807 distingui
1352 2755 1526 2807 possint:
1556 2755 1643 2794 ideo
1662 2756 1755 2808 quia
