1903 3306
535 238 741 269 ANDRIAE
776 238 884 268 AcT.
910 236 952 266 v,
985 235 1052 266 sc,
1077 236 1108 266 1.
1457 226 1541 268 369

89 340 154 382 SI.
186 339 328 381 Immo
349 337 461 380 enim
493 348 612 377 nunc
645 346 775 389 quam
803 332 996 374 maxime
1020 332 1101 372 abs
1122 333 1164 371 te
1186 331 1382 384 postulo,
1405 338 1541 386 atque

260 420 352 455 oro,
374 405 573 452 Chreme,

89 472 155 515 Ut
173 473 430 514 beneficium
452 471 598 512 verbis
619 469 774 510 initum
800 467 967 509 dudum
987 478 1104 506 nunc
1123 478 1169 506 re
1190 465 1465 517 comprobes.
1515 465 1543 504 5

90 540 178 582 CH.
209 539 344 592 Vide,
381 551 516 593 quam
547 538 724 590 iniquus
760 536 820 576 sis
851 547 943 588 prae
978 532 1142 581 studio,
1175 531 1278 572 dum
1311 530 1475 571 efficias
1497 531 1542 572 id

260 607 376 661 quod
402 606 552 659 cupis:
886 598 923 602 “’

89 673 248 727 Neque
268 674 447 714 modum
468 671 772 724 benignitatis,
793 682 947 723 neque,
969 667 1076 721 quid
1098 680 1166 707 me
1187 679 1301 715 ores,
1322 666 1510 718 cogitas.

89 739 224 789 Nam,
248 740 287 780 si
308 740 489 792 cogites,
510 738 703 803 sensi-{gas
719 737 811 790 jam
832 748 901 776 me
922 747 1098 776 onerare
1118 734 1302 787 injuriis.

89 806 157 847 St.
189 806 396 857 Quibus?
457 805 546 846 CH.
576 804 673 845 Ah!
711 804 913 857 rogitas?
951 801 1186 855 perpulisti
1206 813 1291 850 me,
1313 803 1360 840 ut
1379 800 1543 841 homini

261 872 606 932 adolescentulo,

88 939 144 981 In
166 940 254 981 alio
274 944 496 993 occupato
519 952 679 989 amore,
697 938 949 979 abhorrenti
971 937 1027 978 ab
1049 949 1095 976 re
1116 936 1285 986 uxoria,
1489 935 1543 976 10

91 1006 254 1048 Filiam
273 1012 323 1048 ut
343 1008 492 1049 darem
513 1007 560 1048 in
582 1007 857 1057 seditionem,
882 1011 1016 1059 atque
1038 1005 1232 1045 incertas
1253 1004 1431 1058 nuptias
1449 1018 1458 1045 :

88 1128 173 1159 visus
184 1138 264 1168 sum,
285 1132 317 1160 et
338 1127 496 1167 negligere
509 1128 592 1168 filice
607 1137 680 1159 meae
694 1129 834 1159 salntem.
879 1127 931 1158 Sr.
956 1127 1054 1157 Immo
1082 1136 1151 1157 rero
1166 1135 1352 1165 summopere
1367 1136 1386 1156 a
1410 1128 1441 1156 te
1463 1129 1545 1165 peto,

88 1174 182 1211 atque
197 1171 329 1211 obsecro,
349 1172 489 1208 Chreme,
503 1174 538 1201 ut
553 1171 740 1212 beneficium,
754 1170 856 1202 verbis
861 1169 1049 1209 jampridem
1065 1169 1231 1208 inceptum,
1248 1179 1327 1199 nunc
1338 1179 1371 1199 re
1386 1168 1545 1208 confirmes

89 1216 120 1244 et
133 1216 273 1254 proestes.
319 1214 388 1244 CH.
417 1213 493 1243 Vide
506 1223 596 1253 quam
611 1214 734 1253 iniquus
749 1214 802 1251 sis,
816 1222 880 1252 prae
896 1213 998 1242 studio
1014 1212 1164 1252 efficiendi
1187 1211 1220 1241 id
1242 1212 1321 1251 quod
1341 1211 1427 1251 cupis
1441 1221 1543 1241 conse-

86 1256 159 1295 qui.-
181 1265 276 1296 neque
291 1257 478 1294 consideras,
495 1257 546 1296 qui
558 1257 664 1286 modus
680 1256 884 1294 benignitatis
899 1256 930 1285 in
946 1255 1055 1285 ‹mzicis
1065 1255 1234 1284 sert-andus
1245 1253 1286 1284 sit
1299 1264 1311 1290 ,·
1327 1263 1423 1293 neque
1436 1253 1509 1293 quid
1525 1264 1544 1283 a

89 1307 138 1328 me
151 1299 216 1329 tuis
227 1299 370 1338 precibus
383 1299 526 1338 postules.
573 1299 670 1337 Nam,
683 1299 711 1329 si
725 1298 757 1328 id
778 1299 906 1337 cogites,
925 1301 960 1327 tu
976 1297 1098 1327 desinas
1113 1297 1191 1327 milii
1204 1300 1312 1327 contra
1328 1296 1382 1334 jus
1394 1297 1545 1336 importu—

88 1350 148 1371 nus
172 1343 202 1371 et
231 1342 372 1372 molestus
394 1344 524 1371 vexator
539 1350 611 1372 esse.
656 1342 706 1371 Sr.
733 1341 889 1376 Quomodo
909 1344 1037 1370 vexator
1062 1339 1122 1370 tibi
1139 1339 1193 1376 sui
1204 1337 1220 1370 ,⁷
1265 1340 1290 1370 (Γ
1294 1348 1331 1369 Η.
1357 1339 1518 1372 Qum-isne
1529 1336 1545 1369 ἶ)

91 1382 232 1414 Invitum
241 1383 374 1423 coegisti
388 1393 447 1422 me,
463 1386 497 1414 ut
512 1384 747 1421 adolescentulo,
762 1384 824 1414 alio
839 1392 942 1414 amore
957 1383 1125 1422 implicato,
1140 1383 1239 1412 alieno
1252 1392 1271 1412 a
1286 1383 1423 1412 ducenda
1438 1391 1546 1420 uxore,

80 1424 190 1466 filiam
200 1435 300 1457 meam
316 1427 435 1466 darem,
450 1435 519 1457 cum
530 1427 666 1466 periculo
677 1427 811 1460 ,divortii
825 1430 856 1458 et
872 1425 1063 1457 discessionis
1077 1436 1094 1456 a
1108 1424 1249 1464 conjugio
1263 1423 1414 1463 instabili,
1429 1427 1464 1454 ut
1480 1423 1544 1462 ejus

699 1520 936 1532 eeeeeeeeeeee

90 1584 163 1616 Tibi
177 1585 249 1616 dum
264 1584 424 1626 ohsequier
437 1587 545 1617 studeo
568 1587 670 1618 Both.
716 1588 812 1619 Ναΐα.)
828 1597 890 1628 pro
896 1587 981 1630 filice
997 1586 1113 1618 Guelf.
1128 1589 1225 1618 3.—4
1249 1587 1345 1617 Immo
1359 1585 1439 1616 enim
1453 1595 1544 1624 quam

85 1627 232 1659 maxime·
256 1628 301 1660 O.
319 1629 339 1659 l.
353 1639 378 1659 s.
403 1629 501 1660 Immo
516 1630 597 1661 enim
613 1640 693 1661 nunc
707 1641 797 1671 quam
812 1633 957 1662 maxime.
985 1631 1138 1662 Donatus
1157 1639 1250 1667 vero,
1265 1640 1345 1660 nunc
1359 1639 1427 1659 cnm.
1443 1630 1545 1658 maxi-

87 1679 156 1701 me:
178 1670 226 1701 ita
247 1674 284 1702 et
305 1672 390 1711 Eug.
415 1677 452 1704 et
473 1672 522 1703 ita
545 1673 726 1713 legendum
752 1678 813 1705 est.
842 1674 899 1705 Fa.
945 1674 1054 1704 Recte
1069 1684 1138 1704 cum
1153 1673 1308 1704 maxime:
1334 1672 1411 1702 licet
1427 1680 1543 1701 omnes

86 1713 194 1743 nostri
209 1723 310 1753 quam.
333 1714 436 1746 Bent.
483 1715 628 1746 Chremes
642 1716 700 1747 Er.
716 1722 751 1747 et
767 1718 861 1747 etiam
878 1725 937 1756 pro
953 1716 1112 1747 enirm—6
1136 1716 1180 1747 O.
1199 1717 1220 1746 Ι.
1238 1726 1264 1746 s,
1283 1720 1316 1745 et
1332 1715 1397 1745 Do.
1421 1715 1494 1744 dum
1511 1713 1543 1744 id

86 1755 214 1796 efficias,
239 1756 300 1787 Fa.
349 1757 427 1788 Vide
439 1767 529 1797 quam
543 1758 668 1798 iniquus
679 1759 722 1789 sis
734 1769 801 1799 [ινφ
815 1760 929 1794 stadio,
953 1762 1025 1789 dum
1040 1759 1072 1789 z'd
1089 1759 1202 1799 efficias
1216 1759 1294 1798 quod
1310 1757 1414 1797 cupis:
1438 1766 1545 1795 prava

85 1797 141 1845 bic
156 1797 329 1829 distinctio
345 1799 501 1839 invaluit,
517 1803 698 1832 sententiae
716 1803 931 1833 detrimento.
975 1803 1028 1832 Tu
1044 1802 1092 1832 sic
1110 1803 1311 1841 interpunge
1327 1811 1334 1830 :
1360 1800 1437 1830 Vide
1453 1809 1543 1836 quam

87 1849 212 1879 znzquus
225 1841 270 1871 sis
289 1851 357 1881 proe
370 1843 491 1873 studio.-
513 1845 585 1873 dum
597 1844 630 1874 id
645 1846 759 1886 efficias
774 1847 852 1884 quod
867 1844 964 1883 cupis,
980 1845 1088 1883 Neque
1104 1845 1236 1882 modum,
1252 1845 1303 1883 ὅγε.
1327 1844 1429 1873 Beut.
1476 1841 1543 1872 Ac-

88 1882 182 1914 cedit
199 1883 303 1914 Both.
333 1884 428 1915 Vides
443 1885 559 1917 Guelf.
577 1889 606 1917 1.
631 1887 671 1918 Id
692 1887 747 1928 eff*-
773 1888 857 1918 dant
876 1888 935 1918 ΒΓ.
959 1887 998 1918 Ζ.
1023 1887 1124 1917 Both.
1147 1887 1308 1916 Perl.—9
1330 1885 1449 1915 Malim
1467 1894 1543 1914 eum

86 1924 172 1973 Mss3
187 1926 384 1967 quibusdam
409 1932 444 1958 et
471 1929 583 1968 editis,
611 1931 654 1960 At
680 1928 822 1969 rogitas?
845 1931 955 1961 W'est.
1001 1929 1047 1960 At
1068 1929 1188 1967 rogitas
1204 1928 1248 1959 G.
1292 1928 1339 1958 At
1354 1937 1445 1967 rogas
1462 1927 1543 1957 EM.

86 1966 139 2000 Id.
161 1977 196 1998 m
218 1969 300 1999 Add.
345 1969 473 2001 Omnes
498 1971 604 2002 nostri
628 1972 675 2003 At
700 1973 842 2012 rogitas?
869 1972 1067 2013 Legendum
1092 1972 1210 2011 etiam,
1238 1971 1353 2001 homini
1369 1975 1414 2001 ut.
1440 1970 1543 2001 Bent.

85 2009 236 2058 Invertit
255 2017 290 2042 et
313 2011 407 2043 Perl.
450 2014 498 2045 At
524 2015 686 2046 exhibent
711 2016 770 2047 ΒΥ.
797 2016 985 2046 Boin—10
1009 2015 1094 2046 GM.
1116 2015 1226 2045 alieno.
1272 2014 1382 2044 L'nica
1406 2013 1541 2053 quidem

84 2051 287 2102 lecum-sed
303 2054 347 2085 ob
362 2055 523 2087 minorem
541 2057 666 2088 codicis
684 2063 821 2089 aetatem
839 2059 936 2098 parvi
959 2058 1128 2088 habenda.
1153 2058 1325 2088 Per-L—-ll
1353 2056 1396 2087 O.
1414 2056 1433 2086 l.
1459 2066 1484 2086 s.
1507 2060 1543 2086 et

85 2094 151 2146 120.
174 2095 292 2127 lezam
307 2100 341 2127 ut
357 2098 471 2129 darem.
509 2098 638 2131 Omnes
653 2099 725 2131 fere
742 2102 763 2131 l.
780 2110 807 2131 s.
825 2107 859 2131 et
876 2101 1022 2131 maxime
1039 2100 1170 2141 antiqui
1186 2100 1417 2138 habenturque
1432 2100 1465 2128 in
1480 2098 1542 2129 inc.

85 2136 145 2185 1⁴⁸³.
189 2139 337 2170 Valeant
352 2139 428 2170 libri
447 2150 576 2180 omneS‚
600 2142 713 2183 potius
733 2153 833 2184 quam
850 2148 886 2175 ut
900 2143 1082 2174 Terentius
1100 2152 1169 2184 prae
1187 2142 1357 2173 oblivione
1375 2142 1424 2171 bis
1439 2141 1544 2171 dede-

86 2184 133 2227 rit
147 2183 193 2211 ut.
239 2182 345 2223 Lege,
365 2183 478 2214 Filiam
493 2185 611 2222 darem,
627 2190 665 2217 ut
681 2186 768 2217 Edd.
786 2187 957 2227 pleraeque
972 2185 1112 2218 habent.
1135 2186 1232 2217 Bent.
1281 2185 1323 2215 Ut
1340 2184 1476 2215 omuino
1495 2184 1541 2214 vi-

84 2226 207 2254 tlosum
228 2229 293 2256 est.
317 2225 436 2258 Bruns.
481 2226 521 2258 Id
538 2227 654 2259 delent
670 2228 712 2259 Z.
736 2229 840 2260 Both.
862 2229 954 2260 Perl.
999 2229 1040 2260 In
1061 2229 1124 2261 inc.
1151 2228 1233 2260 dant
1254 2228 1357 2259 Bent.
1383 2226 1423 2258 Z.
1448 2227 1542 2259 Peri.

741 2320 771 2351 N
779 2319 882 2351 OTAE

128 2379 148 2409 3
170 2378 263 2410 Illusi
277 2380 475 2423 vitamfilioe]
499 2383 508 2399 ‘
521 2381 689 2414 Illudere'
701 2392 786 2423 prae-
840 2383 990 2415 riculosa
1007 2383 1208 2416 animalcula
1231 2383 1407 2415 infestent.
1442 2382 1540 2413 Idem

86 2431 139 2459 ter
166 2428 446 2469 significationem
477 2432 647 2472 vulgatam
683 2433 786 2473 signi·
839 2443 881 2465 11.
898 2434 974 2465 AEn.
996 2435 1005 2451 ‘
1024 2435 1236 2476 Certantque
1253 2434 1395 2465 illudere
1412 2433 1539 2474 capt0.’

84 2477 165 2510 fleat
203 2479 389 2520 interdum,
420 2491 483 2522 per
518 2482 644 2517 ludum
663 2492 785 2515 noceo.
839 2483 882 2515 Id
899 2488 962 2525 est,
977 2495 1037 2526 per
1053 2485 1167 2516 ludum
1185 2485 1346 2526 etjocum
1363 2484 1481 2515 saevire
1504 2485 1538 2514 in

84 2528 181 2570 Virg.
197 2539 236 2562 11.
252 2530 380 2572 Georg.
394 2531 438 2563 de
459 2532 528 2563 vite
552 2533 684 2564 novella
697 2543 783 2574 prae-
838 2535 991 2576 injuriam
1028 2536 1131 2567 illius.
1178 2535 1314 2567 Servius
1346 2534 1540 2566 Fuldensis.

85 2578 237 2619 cipiens:
261 2582 270 2597 ‘
287 2581 478 2622 Sylvestres
503 2583 554 2613 uri
576 2583 711 2614 assidue
728 2594 783 2615 ca·
838 2585 894 2617 Sic
907 2586 1088 2617 Suetonius
1117 2586 1151 2617 in
1175 2586 1312 2617 Tiberio
1339 2585 1426 2616 dixit
1441 2586 1450 2602 ‘
1467 2585 1540 2615 illu-

85 2639 225 2671 praeque
255 2641 420 2672 sequaces
449 2632 630 2664 Illudunt.’
674 2633 785 2675 Idem,
837 2635 919 2667 dere
936 2636 1130 2677 capitibus‚’
1147 2641 1182 2668 et
1206 2636 1375 2667 ‘illudere
1391 2635 1538 2676 corpus.'

83 2679 120 2710 in
144 2679 252 2720 primo
278 2682 406 2723 Georg.
434 2682 476 2714 de
502 2693 582 2714 area
604 2684 716 2724 grauis
734 2690 783 2716 te·
885 2687 999 2718 Filium
1018 2688 1125 2718 darem
1145 2687 1178 2718 in
1193 2685 1388 2725 seditionem]
1414 2685 1454 2716 Id
1471 2691 1537 2724 est,

84 2731 199 2762 rendis
229 2731 404 2765 facienda:
440 2735 448 2752 ‘
466 2735 552 2765 Tum
578 2735 680 2766 variae
710 2736 784 2766 illu·
837 2741 875 2767 ut
890 2737 993 2769 filiam
1017 2737 1132 2769 darem
1152 2736 1300 2769 futuram
1317 2736 1350 2766 iu
1367 2736 1537 2766 continuis

83 2780 166 2811 dant
181 2783 320 2822 pestes!
358 2784 399 2814 Id
423 2789 487 2823 est,
508 2794 552 2816 ne
569 2786 660 2817 varia
677 2790 712 2817 et
728 2795 784 2827 pe·
837 2787 1100 2820 dissensionibus
1127 2793 1162 2820 et
1189 2787 1268 2819 rixis
1296 2795 1371 2817 cum
1390 2786 1533 2816 marito:

168 2834 284 2876 Delph.
298 2840 328 2867 et
342 2837 418 2869 Var.
434 2837 519 2870 Clas.
751 2839 872 2871 Terent.
1373 2842 1392 2869 2
1419 2838 1448 2869 Α
