1903 3306
360 227 445 269 192
712 237 757 268 T.
793 235 938 267 FABRI
973 214 1470 268 osssnR'VA'rwNGULAE

361 330 545 369 credibile
563 330 645 375 fiat,
665 329 898 375 Molossum,
919 329 985 380 qui
1005 334 1116 365 tanto
1135 328 1288 378 longior
1307 333 1347 366 et
1373 327 1626 379 ponderosior
1656 328 1706 367 sit
1725 328 1811 368 aliis

360 394 539 445 pedibus,
570 393 634 431 hic
664 407 686 431 a
705 393 884 431 Terentio
920 398 1147 442 usurpatum
1184 393 1202 428 s
1203 391 1318 429 uisse.
1391 393 1492 430 Dein
1525 399 1660 443 posset
1696 393 1813 430 etiam

361 471 448 496 esse
471 458 664 504 Creticus,
687 470 734 494 ex
750 470 796 495 ea
819 457 1088 494 observatione
1118 469 1207 506 quae
1239 455 1415 506 superius
1445 456 1573 507 posita
1604 461 1677 502 est,
1710 455 1813 494 circa

361 534 590 572 pronomen,
610 521 696 567 iste,
717 528 756 559 et
774 520 863 563 ille;
895 519 999 570 quod
1020 526 1148 556 tamen
1170 519 1233 556 hic
1252 532 1384 556 verum
1406 531 1492 557 esse
1513 531 1591 556 non
1610 526 1720 570 puto.

416 584 622 631 Bacchius,
643 597 712 621 seu
732 583 949 628 Baccheus,
982 581 1022 618 id
1048 588 1121 628 est,
1155 582 1298 628 brevis,
1329 583 1462 633 longa,
1495 582 1628 633 longa,
1658 581 1812 620 videtur

362 648 502 686 alicubi
524 648 692 699 reperiri,
713 647 819 697 quod
840 654 969 684 tamen
991 646 1118 683 minus
1134 658 1263 684 verum
1284 652 1356 684 est.

469 711 590 749 Andr.
611 717 686 749 act.
709 724 780 748 111.
804 723 857 748 sc.
881 713 915 748 l.
936 713 974 748 4.
1009 714 1018 730 ‘
1037 710 1115 747 Sed
1144 709 1207 748 hic
1237 709 1510 760 Pam-philus:
1555 709 1651 760 quid
1689 709 1812 747 dicit?

601 774 767 812 firmavit
785 774 928 810 fidem!

363 837 453 876 Non
473 834 548 882 est,'
567 838 723 888 inquam
739 851 747 875 ε
762 849 865 874 ·nam
885 849 1038 874 versum
1059 836 1114 873 ita
1133 835 1312 880 scribere,
1334 835 1390 873 ita
1407 836 1530 874 metiri
1549 835 1760 874 debemus:

469 900 546 938 Sed
565 901 628 939 hic
648 900 853 951 Pampilu’,
873 899 965 950 quid
986 898 1125 937 di-cit?
1154 899 1320 936 firmavit
1337 899 1466 937 fidem.

364 963 513 1002 Extrito
535 965 560 1001 S
581 964 710 1002 finali:
741 977 819 1015 qua
835 963 883 1001 de
903 976 943 1001 re
960 976 1049 1001 mox
1068 977 1076 1001 ε

470 1028 558 1067 Act.
575 1041 646 1065 111.
669 1041 724 1066 sc.
744 1030 778 1065 3.
795 1030 857 1066 32.
888 1032 898 1049 ⁴
916 1028 1055 1079 Neque
1071 1026 1178 1065 illum
1193 1027 1295 1066 hanc
1310 1034 1499 1079 perpetuo
1514 1026 1671 1074 habere,
1687 1039 1814 1078 neque

573 1105 635 1129 me
655 1091 830 1142 perpeti.’
1509 1087 1512 1089 ’

364 1153 453 1192 Non
474 1161 535 1192 est
554 1155 781 1199 Baccheus;
812 1161 873 1193 est
893 1161 1140 1206 anapaestus3
1171 1167 1261 1192 nam
1279 1155 1383 1206 prior
1395 1154 1449 1202 in,
1463 1154 1585 1203 illum,
1601 1155 1815 1194 communis

365 1225 427 1256 est
446 1218 551 1270 apud
572 1219 748 1257 Veteres.

470 1283 568 1320 Ibid.
593 1285 656 1321 34.
688 1287 698 1304 ‘
717 1284 768 1321 At
786 1283 887 1321 istuc
906 1283 1094 1334 periclum
1114 1283 1154 1319 in
1172 1282 1251 1320 filia
1270 1281 1364 1328 fieri,
1385 1294 1501 1332 grave
1521 1281 1606 1320 est.’

364 1347 503 1396 Neque
522 1346 585 1384 hic
607 1347 810 1385 Baccheus
830 1353 903 1392 est,
924 1360 1012 1385 cum
1030 1347 1196 1397 priorem
1216 1346 1269 1392 in,
1288 1347 1403 1391 istuc,
1422 1344 1523 1391 istic,
1554 1351 1594 1382 et
1612 1343 1698 1382 aliis
1717 1345 1817 1382 bene

363 1409 495 1447 multis
527 1409 567 1447 id
596 1423 720 1461 genus
744 1411 963 1448 nominibus
983 1410 1100 1448 modo
1120 1410 1278 1460 longam
1299 1409 1472 1447 facerent
1490 1408 1666 1459 Antiqui,
1696 1408 1816 1446 'modo

362 1474 516 1511 brevem
535 1487 544 1511 ε
575 1486 664 1511 nam
683 1474 739 1521 th,
758 1481 802 1512 ut
822 1478 843 1512 θ
863 1474 968 1525 apud
988 1474 1166 1520 Graecos,
1200 1480 1260 1511 est
1294 1472 1389 1510 levis
1424 1472 1558 1509 sibilus
1578 1477 1742 1517 tantum,
1776 1471 1817 1508 id

364 1544 438 1583 est,
467 1551 580 1588 paene
601 1537 710 1575 nihil.
767 1538 881 1576 Adde
901 1538 1022 1589 quod,
1048 1537 1249 1589 periclum,
1275 1536 1498 1575 necessario
1518 1536 1677 1585 longum
1698 1542 1758 1573 est
1776 1535 1815 1572 in

365 1601 553 1648 secunda,
582 1614 671 1639 nam
691 1601 789 1639 illud
809 1602 826 1638 I
846 1608 935 1639 ante
955 1602 1081 1653 ipsam
1101 1600 1406 1639 decurtationem
1426 1599 1586 1649 longum
1605 1604 1701 1636 erat.

417 1666 443 1702 S
465 1665 563 1716 perit
583 1671 672 1703 ante
692 1671 987 1702 consonantem.
1045 1664 1245 1702 Lucretius
1264 1677 1273 1701 ε
1304 1662 1453 1700 Ennius
1472 1675 1482 1700 ε
1512 1661 1676 1700 Plautus
1694 1675 1703 1699 :
1723 1661 1818 1700 Tra-

366 1728 441 1778 gici
461 1735 623 1766 veteres.
681 1728 754 1774 Ita,
777 1728 899 1772 heru',
920 1727 1049 1778 magi’,
1070 1727 1197 1773 tristi',
1218 1727 1350 1774 omni',
1371 1728 1446 1764 &c.

418 1791 444 1827 S
465 1790 564 1841 perit
593 1797 682 1827 ante
703 1790 903 1828 vocalem:
947 1790 1166 1841 exemplum
1205 1789 1358 1841 insigne
1393 1800 1467 1835 est,
1501 1789 1622 1827 Andr.
1644 1795 1721 1827 act.
1745 1800 1817 1826 111.

525 1867 580 1891 sc.
606 1855 639 1891 l.
665 1855 705 1891 8.

472 1921 480 1937 ‘
499 1914 650 1954 Bonum
670 1917 869 1967 ingenium
889 1929 1023 1954 narras
1044 1916 1325 1955 adole-scentis
1342 1930 1351 1954 t
1382 1915 1598 1966 optimum.’

367 1980 441 2017 Ubi
477 1981 696 2018 necessario
731 1980 1061 2030 pronuntiandum
1095 1987 1167 2027 est,
1198 1981 1322 2018 scent'
1355 1980 1541 2031 optimum
1560 1993 1568 2017 :
1598 1979 1697 2030 perit
1717 1980 1816 2016 enim

366 2044 391 2080 S
410 2057 420 2081 ι
450 2051 488 2082 et
508 2044 550 2081 fit
571 2043 820 2095 synaloepha:
851 2050 909 2081 est
928 2050 1056 2081 autem
1078 2043 1248 2082 trimeter
1268 2044 1470 2081 iambicus.

472 2109 561 2145 Act.
582 2121 643 2145 1v.
665 2121 720 2146 sc.
743 2110 780 2146 5.
804 2109 840 2144 7.
870 2112 880 2128 ⁶
898 2107 997 2144 Itan'
1029 2107 1222 2159 Chrysis?
1251 2107 1363 2144 hem!
1393 2119 1464 2144 nos
1485 2105 1643 2156 quidem
1661 2105 1727 2156 pol
1748 2105 1816 2143 rni-

573 2183 677 2209 seras
698 2171 893 2221 perdidit.’

367 2234 453 2281 Ubi,
474 2246 561 2272 cum
583 2235 608 2271 S
630 2241 762 2284 pereat
782 2234 835 2280 in,
857 2234 1033 2284 ChrysiS‚
1054 2234 1338 2285 pronuntiabis,
1360 2232 1516 2284 Chrys’,
1536 2233 1638 2271 hem.

473 2296 569 2335 Ibid.
597 2299 657 2334 14.
687 2302 696 2318 ‘
716 2297 877 2347 Semper
897 2299 997 2334 enim
1014 2296 1120 2335 dicta
1140 2304 1200 2335 est
1225 2297 1308 2349 ejus
1337 2297 1437 2344 haec,
1469 2304 1584 2348 atque
1602 2297 1738 2335 habita
1757 2303 1817 2335 est

765 2374 872 2398 soror
889 2361 912 2398 ε’

365 2424 694 2474 pronuntiandum
714 2431 786 2471 est,
805 2425 862 2475 ju'
887 2425 987 2470 haec,
1008 2438 1087 2462 una
1116 2425 1268 2476 syllaba
1286 2438 1354 2476 per
1375 2424 1580 2475 synizesin,
1601 2437 1670 2462 seu
1688 2423 1817 2462 consi-

367 2487 550 2524 dentiam.
609 2487 686 2525 Sed
707 2488 892 2538 exemplis
926 2500 1066 2538 parco3
1098 2495 1190 2526 sunt
1209 2489 1309 2526 enim
1331 2487 1642 2526 innumerabilia.
1697 2487 1815 2532 Hinc,

367 2550 489 2588 obiter
509 2550 649 2596 dicam,
672 2551 784 2588 facile
806 2551 935 2589 discas
956 2565 1045 2602 quae
1066 2551 1170 2602 apud
1191 2558 1340 2589 veteres
1361 2551 1519 2589 Latinos
1539 2549 1817 2602 pronuntiandi

366 2615 479 2652 fuerit
500 2614 610 2659 ratio,
642 2620 680 2651 et
709 2622 947 2666 quantopere
981 2615 1047 2652 illa
1081 2616 1152 2652 sub
1172 2616 1275 2654 Julio
1295 2623 1332 2654 et
1353 2615 1570 2654 Octaviano
1590 2614 1814 2653 Caesaribus

369 2678 514 2715 variare
531 2676 700 2726 coeperit.

423 2739 690 2784 Considentia‚
710 2752 792 2787 seu,
812 2747 854 2778 ut
871 2740 1019 2779 Graecis
1037 2740 1188 2794 dicitur,
1211 2741 1409 2793 synizesis,
1431 2741 1514 2780 aliis
1536 2741 1755 2793 synaeresis,
1775 2741 1814 2780 in
