1903 3306
313 219 399 260 1476
807 234 846 263 P.
879 234 1118 264 TEREN‘rn
1154 234 1270 265 AFR!

317 325 406 365 ΡΥ.
439 324 591 377 Ehem,
614 326 835 377 Phaedria,
857 329 1014 381 egon'?
1045 342 1175 382 quem
1197 332 1428 384 quaeram?
1451 332 1522 374 abi
1543 332 1660 384 hinc,
1683 345 1774 387 quo
1804 352 1807 353 ⁷

487 394 658 447 dignus,
682 408 784 436 cum
805 395 931 437 donis
951 397 1038 438 tuis

314 461 429 502 Tam
446 462 625 516 lepidis.
686 462 775 504 PH.
809 462 929 513 Quid
951 465 1066 506 istuc
1089 470 1156 506 est
1176 466 1269 507 rei‘?
1718 468 1774 509 10

315 530 407 571 PY.
441 529 596 583 Rogas
616 531 721 571 me?
785 530 1044 573 Eunuchum
1067 547 1200 587 quem
1222 535 1384 576 dedisti
1401 535 1526 576 nobis
1548 548 1661 590 quas
1682 541 1774 577 tur-

485 599 567 639 bas
591 599 737 640 dedit!

314 664 554 718 Virginem,
586 681 717 721 quam
751 668 869 710 herae
899 669 1016 711 dono
1047 671 1229 713 dederat
1260 672 1410 722 Miles,
1441 672 1629 715 vitiavit.
1680 673 1772 715 PH.

488 733 610 785 Quid
640 736 706 777 ais
742 739 751 779 l

314 802 406 844 ΡΥ.
440 803 572 844 Perii.
626 804 716 845 PH.
747 806 1010 850 Temulenta
1031 821 1091 849 es.
1139 808 1229 849 PY.
1262 808 1441 850 Utinam
1463 809 1530 851 sic
1551 810 1682 860 sient,
1699 810 1773 864 qui

485 871 592 912 mihi
613 872 729 913 male
750 873 903 914 volunt
923 875 931 915 !

315 939 404 980 Do.
448 938 533 990 An,
575 941 774 992 obsecro,
827 954 929 983 mea
966 941 1167 997 Pythias,
1199 942 1305 997 quid
1336 944 1555 986 istucnam
1589 945 1774 986 monstri

484 1008 597 1049 fuit?

310 1140 407 1169 gasne
421 1136 488 1172 post
504 1143 591 1173 quem
607 1133 757 1166 curram?
780 1135 890 1175 Apage
902 1135 972 1166 hinc
987 1137 1029 1172 te,
1045 1145 1101 1175 quo
1117 1135 1247 1166 meritus
1263 1145 1307 1172 ες,
1323 1145 1391 1166 cum
1406 1135 1496 1167 donis
1509 1135 1572 1167 tuis
1587 1138 1652 1166 tam
1664 1144 1774 1166 venus-

313 1174 366 1205 tis.
393 1175 462 1206 Pu.
482 1176 566 1211 Quid
580 1178 663 1208 istud
678 1181 725 1208 est
739 1177 809 1209 rei?
836 1178 904 1209 Pv.
932 1178 1017 1213 Quid
1033 1190 1052 1208 a
1067 1188 1114 1209 me
1130 1179 1264 1218 quoeris?
1291 1179 1319 1208 Ο
1337 1188 1410 1218 quos
1425 1180 1575 1210 tumultus
1593 1177 1772 1212 Eunuchus,

311 1226 400 1256 quem
417 1218 502 1250 nobis
517 1221 651 1257 donasti,
666 1230 740 1260 quos
766 1224 867 1252 motus
881 1221 1006 1252 edidit!
1034 1221 1173 1260 Virgini,
1196 1231 1287 1261 quam
1306 1222 1404 1252 Miles
1431 1222 1545 1253 Thaidi
1571 1221 1652 1253 heroe
1669 1230 1776 1251 munus

312 1260 452 1298 dederat,
478 1266 620 1302 stuprum
645 1264 763 1295 intulit.
808 1264 878 1295 ΡΗ.
904 1265 988 1299 Quid
1011 1265 1110 1295 dicis?
1165 1265 1233 1296 ΡΥ.
1259 1265 1360 1295 Perii.
1406 1264 1478 1295 ΡΗ.
1503 1265 1601 1295 Ebria
1617 1274 1659 1295 es.
1703 1263 1774 1294 ΡΥ.

318 1303 449 1336 Utinam
463 1307 508 1336 sic
522 1306 600 1338 ebrii
622 1307 697 1347 sint,
711 1306 763 1348 qui
790 1307 867 1337 mihi
894 1309 972 1338 male
995 1308 1133 1347 cupiant.
1180 1309 1250 1340 Do.
1274 1308 1373 1345 Hau,·
1403 1307 1523 1348 amabo,
1546 1318 1613 1339 mea
1628 1305 1776 1349 Pythias,

927 1414 1165 1426 eeeeeeeeeeee

312 1488 386 1529 quid
402 1488 456 1519 ed.
473 1489 663 1530 Delph.—9
687 1492 776 1530 Egon
795 1501 884 1533 quem
910 1495 1068 1533 quaerum?
1090 1492 1141 1523 abi
1164 1492 1236 1523 hinc
1255 1502 1312 1532 quo
1327 1492 1441 1531 dignus
1455 1491 1501 1532 es]
1526 1491 1568 1523 In
1584 1491 1682 1523 Bem.
1697 1491 1772 1524 haec

311 1532 453 1571 antiqua
469 1537 522 1563 est
538 1534 654 1570 lectio,
672 1538 721 1573 ut,
737 1544 797 1575 pro
812 1545 902 1574 egon,
924 1545 980 1574 ego
1000 1536 1147 1575 legatur,
1171 1540 1208 1566 ut
1224 1540 1259 1566 et
1275 1536 1309 1565 in
1327 1536 1457 1575 aliquot
1473 1535 1548 1566 aliis
1567 1535 1684 1566 libris:
1710 1545 1773 1575 pro

310 1574 361 1605 abi
377 1575 459 1613 hinc,
475 1575 508 1605 in
523 1576 615 1608 hinc.-
639 1586 738 1617 quam
765 1578 845 1609 lect.
869 1578 955 1609 liber
984 1588 1116 1619 quoque
1143 1579 1348 1616 Vaticanus,
1373 1579 1454 1609 licet
1482 1578 1600 1609 abrasa
1621 1588 1653 1614 n,
1670 1578 1773 1618 exin,

312 1618 513 1649 confirmat:
539 1619 622 1650 item
640 1621 693 1650 Vi.
710 1621 741 1650 in
759 1631 826 1662 quo
843 1626 905 1660 est,
927 1621 952 1652 ii
977 1631 1079 1653 nunc:
1105 1622 1138 1652 in
1167 1621 1334 1663 aliquibus
1360 1621 1435 1652 aliis
1463 1626 1517 1652 est
1545 1621 1557 1651 z'
1581 1621 1666 1652 hinc.
1714 1622 1775 1652 Est

312 1666 426 1692 autem
443 1662 496 1692 hic
516 1662 589 1694 haee
605 1663 775 1704 particula
790 1665 834 1701 in,
852 1674 893 1695 ex
911 1664 1043 1695 duabus
1061 1671 1234 1704 concreta,
1260 1666 1269 1682 ‘
1288 1663 1342 1703 is,'
1359 1669 1393 1694 et
1417 1664 1426 1681 ‘
1445 1663 1509 1704 ne,'
1527 1669 1566 1695 ut
1589 1665 1598 1681 ‘
1613 1663 1716 1700 abin‚’
1733 1674 1776 1695 ex

310 1706 319 1721 ‘
339 1704 411 1736 abis
425 1704 433 1718 ’
450 1711 485 1736 et
508 1706 516 1722 ‘
534 1706 600 1737 ne!
646 1707 734 1738 Saue
751 1708 785 1738 in
802 1709 898 1740 Beni.
916 1718 980 1739 uon
999 1712 1053 1739 est
1070 1708 1210 1739 verbum
1227 1718 1270 1746 es,
1293 1718 1358 1749 quo
1383 1706 1500 1738 demto
1518 1716 1635 1738 versus
1651 1707 1710 1738 hos
1727 1707 1774 1738 sic

312 1748 507 1779 ordinamus
523 1761 530 1780 :
557 1750 641 1780 Hem
661 1750 811 1782 Phcedria
826 1761 882 1791 ego
897 1761 985 1792 quenz
1000 1761 1136 1792 quaeram
1146 1755 1159 1782 ?
1179 1751 1212 1782 in
1228 1751 1301 1782 Ιιὶηε
1324 1761 1381 1792 quo
1396 1751 1514 1790 dignus
1528 1760 1596 1781 cum
1609 1748 1700 1781 donis
1712 1750 1777 1782 tuis

315 1791 391 1822 Tam
406 1792 538 1833 lepidis?
562 1793 621 1824 Fa.
666 1794 830 1825 Meliores
848 1795 953 1825 nostri
969 1796 981 1825 2'
996 1795 1091 1831 hinc‚·
1114 1804 1197 1825 unus
1214 1794 1239 1825 iz·
1251 1794 1345 1831 hinc,·
1368 1793 1478 1825 ceteri
1493 1803 1570 1824 cum
1583 1792 1673 1824 Edd.
1687 1798 1774 1824 vett.

311 1834 363 1865 abi
380 1835 462 1868 hinc.
512 1836 555 1866 Et
582 1846 642 1876 pro
667 1837 777 1877 lepidis
793 1847 972 1878 perperam
998 1838 1153 1878 inlepidz's.
1179 1838 1282 1869 Bent.
1308 1837 1364 1879 qui
1381 1836 1463 1877 legit
1489 1846 1546 1876 ego
1566 1846 1596 1876 q.
1617 1839 1777 1876 quoeram?

311 1877 354 1908 in’
368 1878 397 1910 Ιι.
413 1888 444 1918 q.
460 1877 588 1918 dignu's
603 1889 671 1910 cum
682 1882 713 1911 d.
731 1884 754 1911 t.
789 1881 883 1912 Perl.
900 1881 959 1912 dat
971 1891 1027 1920 ego
1043 1891 1070 1921 q.
1084 1884 1243 1920 quaeram?
1264 1880 1315 1911 abi
1331 1880 1403 1910 hinc
1419 1889 1477 1920 quo
1491 1879 1607 1918 dignus
1621 1887 1690 1910 cum
1700 1880 1732 1909 d.
1747 1881 1776 1910 t.

312 1927 347 1951 et
361 1928 477 1953 monet
489 1933 581 1962 rogas
597 1923 710 1964 legere
723 1923 839 1955 Guelf.
850 1926 882 1955 3.
898 1929 977 1955 ante
993 1926 1001 1940 ⁶
1017 1923 1143 1964 quem,'
1160 1929 1196 1954 et
1212 1927 1242 1954 l.
1258 1924 1373 1963 dignus
1388 1932 1429 1953 es.
1460 1922 1501 1954 Z.
1515 1931 1571 1961 ego
1583 1932 1612 1962 q.
1624 1921 1678 1962 φὶ
1692 1921 1776 1960 hinc,

312 1974 370 2003 quo
384 1965 512 2005 dignus,
528 1976 553 1996 c.
570 1967 600 1996 d.
616 1969 639 1997 t.
674 1967 751 2005 Bip.
770 1966 856 2006 egon'
872 1977 901 2007 q.
918 1978 947 2007 q.
965 1966 1015 1997 abi
1031 1966 1115 2004 hinc,
1140 1977 1197 2006 quo
1224 1965 1333 2005 dignu'
1358 1976 1391 1996 es
1419 1975 1447 1997 c.
1471 1966 1502 1996 d.
1517 1969 1541 1996 t.
1566 1964 1670 1996 Both.
1684 1964 1775 2004 egon'

311 2018 341 2047 q.
359 2017 389 2048 q.
406 2008 450 2038 ἐπ’
464 2009 548 2048 hinc,
561 2019 617 2048 quo
633 2009 761 2047 dignm,
776 2020 801 2040 c.
815 2011 846 2040 d.
863 2013 888 2040 t.
915 2011 975 2041 ΒΓ.
994 2019 1083 2048 egon,
1099 2020 1128 2049 q.
1145 2020 1174 2050 q.
1192 2009 1304 2047 ΙΙιίηε,
1319 2018 1377 2049 (μω
1393 2009 1507 2048 dignus
1518 2017 1561 2047 es,
1575 2017 1603 2040 c.
1618 2009 1650 2039 d.
1665 2009 1776 2039 t.—10

312 2050 380 2082 Ms.
398 2051 491 2092 Lips.
508 2052 554 2083 G.
570 2052 642 2083 ΕΡ.
658 2053 727 2083 ΕΤ,
746 2052 886 2094 aliaeqne
902 2053 1048 2094 illepidz's.
1064 2053 1101 2083 W
1110 2059 1172 2084 est.
1207 2053 1264 2083 Sic
1278 2053 1339 2083 ΒΓ.
1354 2049 1471 2083 Guelf.
1488 2053 1600 2083 1.-11
1618 2050 1698 2081 Pet.
1713 2050 1777 2081 Ro-

310 2097 432 2131 gasne?
477 2095 620 2135 Repone
640 2096 772 2134 Rogan?
795 2095 897 2126 Beni.
946 2095 1069 2135 Rogan’
1084 2095 1185 2126 Both.
1204 2095 1386 2126 pert—12
1409 2094 1551 2125 Dederat
1566 2092 1661 2134 dono]
1683 2093 1777 2125 Dono

311 2137 437 2167 dederat
454 2143 506 2168 est
523 2138 555 2168 in
574 2138 672 2169 Beni.
690 2144 724 2169 et
745 2138 823 2169 Bas.
850 2139 907 2170 Fa.
955 2139 1073 2180 Atqui,
1097 2138 1187 2180 quod
1202 2137 1290 2169 Edd.
1307 2142 1393 2169 vett.
1414 2141 1450 2168 et
1470 2147 1511 2167 ex
1542 2137 1668 2168 nostris
1693 2145 1777 2167 unus

314 2184 361 2216 et,
396 2185 432 2210 ut
461 2181 607 2216 videtur,
641 2181 798 2222 plerique
826 2181 948 2213 Faerni
972 2183 1101 2213 habent
1129 2182 1255 2212 dederat
1279 2181 1369 2217 dono,
1392 2179 1499 2220 magis
1529 2180 1652 2220 placet.
1676 2179 1777 2211 Bent.

314 2222 413 2253 Heroe
426 2224 551 2254 donavit
568 2224 656 2255 miles
675 2225 861 2255 Both—13
887 2226 939 2255 Sic
954 2225 1028 2264 sint,
1050 2225 1103 2266 qui
1118 2224 1196 2255 mihi
1207 2224 1300 2264 male]
1347 2223 1488 2254 Rectius
1504 2223 1614 2262 legas:
1639 2222 1684 2253 sic
1699 2222 1777 2258 sint,

312 2265 390 2296 mihi
404 2267 456 2306 qui
470 2268 559 2298 male.
585 2267 691 2298 Beut.
736 2267 933 2308 Sequuntur
961 2269 1066 2299 Both.
1094 2267 1185 2299 Pori.
1230 2267 1303 2298 Sint
1330 2267 1367 2298 Ζ.
1394 2266 1559 2306 Βίρ.-14
1583 2265 1686 2297 Hunc
1703 2273 1777 2296 ver-

313 2317 384 2339 sum
403 2310 495 2350 Guy.
513 2310 654 2341 nothum
672 2316 785 2348 vocal,
808 2311 852 2341 ob
881 2311 1038 2342 lectionis
1063 2310 1264 2341 varietatem
1289 2309 1432 2341 scilicet.
1477 2309 1582 2342 Quasi
1607 2317 1687 2340 vero
1710 2316 1778 2339 non

313 2352 447 2384 varient
463 2353 627 2384 lectiones
644 2354 676 2384 in
692 2354 865 2384 sexcentis
882 2355 967 2392 aliis,
991 2364 1067 2395 quae
1084 2358 1196 2384 tamen
1213 2362 1312 2384 nemo
1335 2357 1462 2383 temere
1486 2355 1647 2392 suspecta
1671 2350 1777 2382 habu-

314 2395 395 2432 erit,
417 2405 457 2426 ne
474 2396 547 2436 ipse
564 2396 721 2436 Guyetus
736 2396 886 2436 quidem.
913 2397 1013 2429 isVest.
1059 2396 1306 2437 Antiquissima
1322 2395 1424 2426 lectio
1441 2405 1482 2426 ex
1494 2395 1591 2426 Bem.
1607 2395 1687 2435 quod
1698 2393 1778 2425 istuc

313 2447 385 2468 ηιιηι
401 2439 670 2477 monstrumfuit?
716 2439 833 2470 Habet
850 2445 886 2470 et
902 2441 982 2471 Bas.
997 2441 1076 2481 quod
1096 2440 1187 2470 istuc.
1212 2439 1271 2469 Fa.
1316 2439 1393 2469 Duo
1422 2447 1556 2479 quoque
1583 2447 1626 2469 ex
1654 2436 1778 2468 nostris

314 2482 490 2512 veterrimi
505 2484 594 2522 quod.
641 2482 758 2514 Ceteri
774 2483 848 2524 quid
864 2483 1003 2514 monstri.
1029 2483 1128 2514 Bent.
1175 2483 1264 2518 Quod
1281 2482 1362 2513 istuc
1387 2491 1460 2512 nam
1483 2485 1655 2512 monstrum
1670 2481 1775 2512 Bent-

977 2573 1120 2605 NOTAE

360 2650 397 2678 ll
418 2648 599 2678 Eunuchum
612 2658 701 2688 quem
714 2649 829 2680 dedisti
839 2648 1023 2690 nobis,quas
1078 2650 1227 2681 ‘Urbem
1269 2659 1368 2690 quam
1399 2652 1526 2688 statuo,
1559 2653 1672 2680 vestra
1701 2649 1780 2681 est)

318 2698 425 2728 turbas
440 2698 542 2738 dedit]
560 2698 781 2730 Antecedens
797 2701 901 2731 etiam
919 2710 937 2730 a
956 2701 1022 2731 Po·
1077 2702 1178 2734 Quod
1191 2701 1223 2730 in
1240 2710 1340 2741 prosa
1353 2699 1399 2731 sic
1413 2699 1560 2730 efferas:
1584 2700 1695 2732 Quam
1711 2704 1778 2731 sta-

319 2748 383 2780 etis
408 2750 631 2790 praemittitur
657 2751 814 2789 relativo,
836 2757 873 2781 ut
899 2751 932 2782 in
956 2751 1021 2783 hoc
1078 2756 1135 2782 tuo
1149 2751 1281 2782 urbem.
1325 2750 1382 2781 Sic
1397 2749 1657 2782 Oratordicat:
1683 2749 1778 2782 Quas

318 2801 405 2832 loco.
450 2801 507 2832 Sic
528 2801 689 2842 Virgilius
719 2801 752 2832 in
779 2810 803 2833 1.
835 2801 1018 2833 AEneidos:
1078 2801 1118 2833 ad
1138 2812 1189 2833 me
1207 2800 1331 2833 dedisti
1346 2800 1474 2840 literas,
1489 2800 1702 2841 placuerunt.
