1903 3306
228 252 313 293 312
727 265 764 293 P.
798 263 1037 294 'rr-,REN'rll
1073 263 1189 294 ΛΡΜ

231 357 318 398 ΡΑ.
348 357 469 399 Istuc
490 358 651 412 ipsum.
706 359 797 400 DA.
821 358 968 413 Atque
990 359 1105 400 istuc
1126 359 1272 425 ipsugn
1295 358 1402 401 nihil
1422 360 1572 414 pericli
1596 365 1685 404 cst:

399 439 470 467 mc
492 427 606 469 vide.

229 493 317 534 PA.
342 493 537 536 Obsecro
554 500 612 546 te,
631 508 764 549 quam
783 495 970 549 primum
987 495 1068 536 hoc
1083 507 1152 535 me
1168 494 1306 536 libera
1321 495 1531 537 miserum
1549 499 1684 543 metu.

228 562 735 671 LiberoDixJ'xdggrrrtxl'tibi
757 642 844 671 non
866 629 945 671 dat
959 629 1055 683 jam
1073 628 1295 670 Chremes.
1342 630 1431 671 PA.
1455 630 1547 682 Qui
1566 630 1684 672 scis?

400 697 493 738 DA.
517 697 638 739 Scio.
1629 699 1688 740 15

227 764 351 806 Tuus
372 770 500 819 pater
520 766 653 806 modo
674 779 742 806 me
762 765 1017 820 prehendit:
1046 765 1106 805 ait
1127 765 1207 806 tibi
1227 779 1411 808 uxorem
1432 767 1535 809 dare
1556 779 1656 808 sese

173 872 175 875 .
228 832 381 874 Hodie
401 847 410 874 ε
443 834 543 875 item
566 833 654 875 alia
673 834 827 883 muita,
851 846 953 886 quae
975 846 1090 874 nunc
1112 846 1200 874 non
1223 839 1295 875 est
1313 836 1518 877 narrandi
1537 836 1682 877 locus.

228 899 449 943 Continuo
473 902 528 943 ad
550 906 591 943 te
613 914 855 956 properans
878 914 1084 956 percurro
1107 901 1163 943 ad
1189 901 1342 954 sorum,
1362 908 1411 945 ut
1431 903 1580 946 dicam
1602 903 1683 945 tibi

397 971 509 1013 haec.

228 1037 319 1080 Ubi
356 1043 400 1080 te
439 1051 525 1079 non
565 1038 756 1089 invenio,
794 1038 855 1080 ibi
892 1038 1084 1080 ascendo
1118 1039 1162 1080 in
1199 1039 1419 1094 quendam
1454 1038 1683 1083 excelsum

397 1107 555 1147 locum.

227 1222 331 1251 ducas.
380 1220 447 1252 Cn.
475 1221 633 1259 Intelligis
650 1222 681 1252 id
698 1222 778 1262 quod
794 1232 842 1253 res
855 1225 913 1253 est.
968 1222 1034 1254 ΡΑ.
1061 1223 1151 1254 Istud
1167 1223 1265 1263 ipsum
1281 1225 1338 1254 est.
1385 1222 1456 1254 DA.
1479 1221 1578 1262 Atqui
1600 1221 1686 1252 istud

226 1265 336 1303 ipsum,
352 1265 429 1303 quod
445 1265 547 1301 limes,
563 1265 679 1294 nullum
695 1265 726 1294 in
742 1275 774 1295 se
786 1265 876 1296 habet
890 1267 1069 1305 periculum.
1116 1267 1171 1296 Me
1184 1267 1263 1296 vide.
1309 1266 1373 1296 ΡΑ.
1400 1265 1464 1295 Oro
1478 1268 1519 1304 te,
1531 1265 1685 1304 quamcito

226 1308 306 1337 hunc
322 1307 397 1337 milti
413 1308 524 1338 misero
540 1307 682 1338 timorem
698 1308 807 1339 adime.
854 1308 921 1338 DA.
947 1308 1030 1338 Hem
1045 1308 1158 1339 adimo.
1206 1309 1353 1339 Chremes
1358 1308 1426 1347 jam
1439 1307 1613 1348 tibifitiam
1622 1316 1684 1337 non

226 1352 281 1379 dat
294 1359 432 1381 uxorem.
478 1350 543 1380 ΡΑ.
571 1350 727 1384 Quomodo
740 1351 772 1381 id
782 1349 871 1382 scis?
916 1351 984 1381 DA.
1012 1352 1080 1389 Ego
1092 1351 1164 1382 scio.
1213 1351 1295 1381 Tuus
1316 1354 1407 1391 pater
1428 1351 1515 1381 modo
1530 1360 1578 1381 me
1591 1359 1685 1380 manu

226 1393 426 1432 apprehendit
439 1402 450 1429 ,·
473 1394 519 1424 ait
534 1402 565 1423 se
580 1393 669 1423 hodie
685 1393 743 1423 tibi
766 1403 891 1424 uxorem
907 1395 995 1433 dare,
1019 1394 1093 1424 item
1118 1395 1181 1425 alia
1196 1395 1308 1432 mulia,
1340 1403 1407 1433 quoe
1430 1392 1687 1424 commemorandi

226 1446 304 1466 num:
320 1439 438 1475 tempus
454 1445 513 1466 non
529 1439 587 1466 est.
633 1436 723 1467 Illico
739 1437 779 1467 ud
792 1440 823 1467 te
836 1446 1007 1477 properans
1021 1437 1163 1468 celeriter
1179 1438 1300 1468 cucurri
1313 1436 1480 1475 adfurum,
1500 1439 1534 1466 ut
1547 1436 1612 1466 hoec
1624 1435 1685 1466 tibi

225 1479 336 1510 dicam.
389 1478 450 1510 Ubi
473 1481 503 1509 te
530 1489 588 1510 non
615 1479 748 1520 invenio,
772 1481 901 1511 ascendo
923 1479 1038 1511 ibidem
1065 1480 1097 1511 in
1121 1481 1220 1511 altum
1242 1480 1392 1521 quendam
1415 1480 1535 1516 locum
1555 1479 1683 1510 circum-

845 1573 1084 1585 “oeteo-mezo

224 1650 344 1680 peotes.
371 1641 468 1671 Lind.
517 1641 569 1672 ΑΙ.
594 1650 757 1681 proecaves.
797 1641 851 1673 Al.
876 1651 959 1672 cave.
995 1641 1089 1672 Perl.
1135 1641 1221 1672 Illud
1248 1651 1380 1680 prcecdv.
1407 1640 1511 1671 habet
1535 1640 1684 1670 ssr.—13

227 1687 302 1723 .›1tq.
320 1684 374 1714 hoc
389 1684 487 1723 ipsum
503 1683 563 1715 Pr.
580 1684 638 1714 lib.
657 1693 698 1714 ιι.
722 1684 817 1716 Lind.
864 1685 964 1725 Atqui
991 1684 1108 1716 Guelf.
1136 1687 1251 1715 1.-15
1276 1684 1371 1714 Unus
1398 1683 1473 1714 cod.
1499 1692 1542 1713 ex
1567 1681 1685 1722 Regiis

226 1728 319 1757 locat
335 1727 546 1757 numerosius
562 1727 623 1764 ita,
641 1727 711 1758 Tibi
726 1737 853 1758 uxorem
869 1738 928 1758 non
942 1728 997 1758 dat
1011 1727 1082 1766 jam
1101 1727 1256 1758 Chremes.
1300 1725 1438 1757 Deinde
1455 1725 1529 1757 Scio
1544 1729 1597 1756 est
1612 1725 1684 1755 inu-

226 1770 305 1800 tile:
331 1779 397 1800 non
412 1769 500 1800 enim
518 1769 702 1809 respondet
718 1770 988 1810 interrogationi,
1005 1780 1080 1811 quae
1096 1780 1163 1801 non
1179 1775 1244 1809 est,
1266 1771 1275 1786 ‘
1287 1780 1329 1800 an
1345 1768 1474 1808 sciret‚'
1495 1768 1554 1799 sed
1580 1768 1684 1809 ‘quo-

225 1812 325 1844 modo
342 1811 470 1843 sciret!
514 1812 670 1844 Praefero
687 1813 792 1853 igitur
809 1814 889 1844 lect.
908 1813 1031 1844 variam
1057 1813 1153 1852 Scies,
1179 1822 1253 1854 quae
1281 1819 1333 1844 est
1358 1813 1392 1843 in
1413 1812 1563 1851 margine
1581 1809 1682 1842 CCC.

225 1855 323 1887 Bent.
366 1856 441 1886 dum
458 1854 549 1886 delet
572 1856 674 1887 Both.
701 1861 737 1887 et
763 1866 838 1887 cum
866 1856 960 1887 Peri.
988 1856 1047 1887 dat
1075 1856 1260 1887 Scies.-16
1285 1855 1353 1886 Alii
1378 1853 1597 1896 apprehendit.-
1622 1853 1682 1884 sed

226 1896 424 1939 refragante
438 1899 507 1929 Do.
525 1903 557 1929 et
576 1899 746 1939 plerisque
763 1899 849 1930 Mss.
882 1899 981 1931 West.
1019 1898 1062 1930 G.
1081 1898 1154 1930 EA.
1172 1898 1253 1929 EM.
1268 1908 1339 1939 app.
1357 1897 1410 1929 Id.
1426 1898 1457 1928 in
1475 1896 1568 1928 Add.
1604 1896 1683 1927 Duo

227 1941 328 1972 codd.
347 1941 525 1972 rotundius
541 1946 576 1972 et
592 1941 711 1972 melius
728 1947 857 1982 ponunt
881 1945 889 1959 ‘
904 1952 958 1972 me
970 1941 978 1954 ’
1004 1947 1082 1973 ante
1108 1943 1116 1959 ‘
1132 1941 1255 1972 modo.⁷
1299 1941 1426 1972 Omnes
1444 1939 1564 1971 Faerni
1580 1938 1683 1971 codd.

226 1983 355 2015 habent
370 1985 444 2015 dure
457 1994 544 2021 sese;
569 1994 652 2015 unus
669 1994 711 2015 ex
728 1985 853 2016 nostris
871 1985 966 2024 ponit
983 1995 1047 2016 sese
1070 1986 1167 2022 dare;
1191 1985 1277 2015 alter
1305 1983 1472 2024 primariae
1500 1987 1591 2014 notae
1617 1991 1684 2013 sese

226 2036 293 2057 non
309 2026 435 2066 habet3
461 2027 549 2067 quod
565 2037 642 2059 cum
656 2027 689 2057 in
705 2037 804 2058 versu
821 2028 1000 2065 redundet,
1021 2029 1095 2067 lege
1111 2027 1194 2066 duri,
1218 2033 1255 2058 ut
1277 2036 1394 2067 supra,
1417 2036 1441 2058 1.
1457 2028 1488 2057 2.
1504 2028 1558 2056 20.
1586 2025 1681 2056 Bent.

226 2069 410 2102 Prehendit.
457 2070 622 2101 Nostrum
639 2071 702 2111 [sc.
719 2070 806 2111 ama]
830 2075 927 2102 extat
944 2071 978 2101 in
996 2071 1023 2101 Β
1042 2071 1069 2102 C
1088 2071 1166 2102 Hel.
1183 2076 1218 2101 et
1235 2069 1301 2101 Gu.
1318 2075 1480 2110 utroque:
1505 2067 1595 2110 quod
1612 2068 1682 2099 ele-

227 2113 372 2154 gantius.
419 2112 526 2144 Codd.
551 2114 626 2144 [lare
651 2123 694 2153 se,
723 2119 759 2144 ut
790 2115 831 2153 B,
860 2115 911 2145 vel
932 2115 1007 2144 aare
1023 2123 1098 2153 sese,
1115 2124 1156 2144 ex
1175 2113 1234 2144 int.
1261 2113 1358 2144 Both.
1401 2113 1505 2143 Bent.
1522 2111 1575 2142 ed.
1589 2110 1683 2142 dari:

225 2156 367 2196 respicit
384 2155 425 2186 ad
444 2165 468 2186 1.
484 2158 515 2186 2.
533 2159 585 2188 20.
610 2162 644 2187 at
665 2166 727 2196 ego
754 2157 897 2197 respicio
921 2157 961 2187 ad
991 2166 1013 2187 1.
1038 2161 1069 2188 5.
1098 2159 1127 2187 3.
1153 2157 1238 2187 Perl.
1284 2157 1372 2187 Dure
1395 2155 1467 2186 sine
1491 2163 1556 2185 sese
1578 2153 1682 2184 Both.

225 2198 311 2239 App.
329 2198 388 2229 (lat
406 2199 547 2230 Issa—17
570 2199 606 2230 Si
624 2209 698 2230 cum
717 2200 802 2231 Gov.
819 2200 909 2240 legas
931 2199 971 2231 Se
997 2201 1085 2231 Ῐιυαὶε
1109 2200 1205 2231 initio
1233 2208 1362 2238 versus,
1389 2196 1591 2238 praecedens
1615 2196 1684 2226 erit

227 2241 418 2272 trochaicus
436 2242 629 2273 octonarius
651 2243 882 2274 catalecticus.
911 2242 1098 2274 West.—19
1121 2243 1209 2283 Guy.
1236 2242 1319 2282 legit
1345 2242 1480 2280 escendo,
1505 2239 1596 2281 quod
1613 2239 1683 2270 Ve-

227 2285 356 2315 teribus
375 2289 534 2315 amatum.
558 2285 607 2315 Id.
653 2287 662 2301 ‘
680 2285 753 2326 Ibi‚'
777 2286 866 2325 quod
892 2296 911 2316 a
936 2286 1067 2317 duobus
1085 2291 1210 2317 nostris
1225 2285 1335 2323 abest,
1362 2293 1426 2325 ego
1442 2292 1556 2315 versus
1573 2282 1682 2323 gratia
1699 2299 1701 2302 -

228 2336 353 2367 repono
381 2331 460 2367 post
483 2328 492 2345 ‘
507 2327 699 2368 quendam?
745 2328 858 2369 Atque
881 2331 1010 2360 ascendo
1038 2335 1128 2360 muto
1152 2329 1186 2359 in
1209 2329 1344 2364 escendo,
1367 2327 1456 2368 quod
1472 2326 1577 2365 magis
1592 2329 1645 2356 est
1660 2333 1681 2355 e

226 2370 306 2401 Vct.
324 2370 582 2410 consuetudine,
607 2375 642 2401 et
665 2372 836 2411 reperitur
852 2371 884 2401 in
901 2372 974 2402 cod.
992 2378 1109 2402 vetere
1127 2371 1264 2411 Guyeto
1281 2371 1362 2401 viso.
1386 2370 1483 2402 Bent.
1529 2369 1684 2409 Sequun-

229 2418 283 2444 tur
298 2413 434 2445 omnino
452 2413 555 2445 Both.
571 2419 607 2445 et
623 2414 717 2445 Perl.
764 2414 890 2445 Invenio
916 2415 972 2455 ibi,
996 2415 1139 2454 ascendo,
1164 2415 1217 2454 &0-
1243 2415 1300 2445 ΒΥ,
1346 2413 1414 2444 Ubi
1435 2415 1530 2444 notat
1546 2412 1679 2443 Bruns:

883 2500 1025 2532 NOTAE

228 2568 355 2599 amicus
380 2568 490 2606 timet,
507 2577 549 2599 ne
567 2572 713 2608 aegrotus
740 2570 926 2610 moriatur3
982 2569 1208 2601 Phormione:
1233 2568 1243 2586 ‘
1261 2568 1373 2607 Fient,
1393 2575 1447 2597 me
1463 2563 1565 2596 vide.¹
1600 2563 1679 2596 Hoc

229 2619 285 2660 qui
313 2628 392 2649 vero
417 2618 505 2649 illius
531 2618 724 2649 haereditati
750 2619 869 2659 inhiat,
886 2620 925 2651 ti.
983 2621 1086 2652 etiam
1115 2628 1238 2661 genere
1266 2617 1428 2650 sermonis
1452 2616 1584 2648 Gallice
1614 2616 1682 2646 uti-

229 2673 299 2700 met
330 2673 368 2699 ut
397 2668 571 2709 moriatur,
600 2670 663 2710 vel,
690 2679 730 2700 ne
766 2680 832 2702 non
861 2680 928 2703 mo·
982 2681 1070 2712 mur,
1088 2680 1164 2702 cum
1179 2669 1353 2711 quippiam
1371 2671 1510 2699 autnon
1526 2664 1681 2698 credenti

228 2720 345 2750 riatur.
984 2727 1041 2753 aut
1064 2731 1129 2752 non
1160 2719 1365 2760 intelligenti
1388 2716 1596 2758 persuadere
1622 2720 1682 2749 aut

273 2772 311 2800 13
339 2769 392 2800 Me
421 2769 506 2808 vide]
548 2769 761 2802 Asseveratio
791 2772 927 2811 promit·
981 2772 1213 2803 demonstrare
1230 2769 1397 2810 cupimus.

230 2820 356 2851 tentis:
381 2819 563 2852 Terentius
579 2820 681 2852 etiam
706 2830 745 2852 ea
768 2821 874 2853 utitur
892 2823 924 2852 in
