1903 3306
548 213 755 244 ANDRIAE
789 213 972 244 ACT.11.
1008 213 1075 243 se.
1098 213 1162 243 ιν.
1506 206 1591 245 :319

508 407 713 449 ACTUS
747 407 813 449 ΙΙ.
873 406 1081 448 SCENA
1113 405 1197 448 IV.

509 549 642 581 SIMO.
678 551 860 582 DAVUS.
894 551 951 581 PA
962 552 994 581 M
1006 552 1085 581 PHI
1095 552 1206 582 LUS.

126 640 194 680 S1.
227 640 418 681 REVISO
441 639 549 693 quid
568 644 716 693 agant,
739 643 815 682 aut
836 640 942 694 quid
966 642 1147 695 captent
1167 640 1359 681 consilii.

127 708 222 749 DA.
254 707 347 765 Qc
367 720 484 749 nunc
504 720 593 749 non
614 708 802 767 dubigei,
835 709 939 762 quin
960 712 1002 750 te
1024 699 1259 750 diieturum
1277 721 1424 762 neges.

126 775 267 817 Venit
286 776 523 818 meditatus
544 763 758 826 alicfiffffe,
777 789 837 817 ex
859 776 958 818 solo
981 776 1097 818 loco.

127 841 385 884 Orationem
407 848 558 898 sperat
576 844 802 885 invenisse
824 857 887 894 se,

126 910 216 961 Qui
235 911 406 954 differat
426 916 492 955 te:
523 912 649 966 proin
672 917 718 954 tu
738 912 824 963 fac,
847 912 969 967 apud
990 916 1031 953 te
1051 916 1101 952 ut
1122 912 1223 953 sies.
1560 917 1588 956 5

127 979 217 1020 ΡΛ.
250 978 392 1021 Modo
428 983 477 1022 ut
510 981 698 1034 possim,
737 980 881 1022 Dave.
946 980 1037 1021 DA.
1072 978 1230 1031 Crede,
1265 980 1462 1035 inquam,
1499 983 1583 1024 hoc

297 1047 419 1098 mihi,
441 1047 692 1101 Pamphile,
1534 1044 1566 1055 ‘¹'
1586 1054 1588 1056 '

127 1113 369 1169 Nunquam
388 1115 523 1156 hodie
545 1120 694 1156 tecum
717 1119 1083 1173 commpJgQurum
1102 1122 1273 1170 patrem
1327 1132 1339 1151 τ

126 1181 276 1224 Unum
297 1195 397 1224 esse
418 1183 611 1233 verbum,
633 1184 670 1224 si
694 1188 737 1224 te
761 1183 883 1224 dices
905 1183 1085 1226 ducere.

166 1323 218 1355 Sr.
246 1323 361 1364 Redeo,
374 1329 408 1356 ut
425 1325 559 1364 rideam,
583 1326 658 1366 quid
673 1325 856 1366 Pamphilus
869 1329 899 1359 et
917 1328 1026 1359 Davus
1044 1330 1154 1367 agant,
1169 1331 1224 1359 aut
1249 1327 1323 1368 quid
1339 1326 1464 1359 consilii
1477 1338 1585 1367 capere

124 1367 261 1407 cupiant.
304 1368 376 1400 DA.
401 1368 497 1400 Patri
511 1378 592 1399 nunc
607 1369 732 1400 dubium
748 1379 807 1400 non
824 1373 882 1408 est,
900 1371 975 1411 quin
991 1374 1020 1402 te
1036 1372 1199 1402 ducturum
1214 1380 1342 1401 uxorem
1356 1380 1460 1409 neges.
1494 1371 1589 1402 Venit

122 1410 175 1441 ille
190 1419 230 1441 ex
244 1414 360 1441 secreto
375 1411 479 1452 aliquo
495 1412 569 1449 loco,
586 1412 754 1443 meditatus
769 1413 952 1451 orationem,
969 1424 1060 1454 quam
1080 1417 1186 1454 sperat
1201 1423 1233 1444 se
1254 1414 1405 1445 invenisse
1422 1414 1562 1445 idoneam
1577 1425 1588 1450 ;

123 1463 185 1493 qua
198 1453 336 1484 animum
347 1456 434 1485 tuum
448 1454 613 1494 disturbet,
629 1457 660 1486 et
676 1454 709 1485 in
725 1456 880 1486 diversum
891 1456 1067 1493 distraham
1088 1456 1216 1496 proinde
1225 1456 1284 1494 fac
1296 1460 1330 1487 ut
1341 1457 1384 1487 sis
1399 1456 1445 1487 tui
1456 1468 1590 1496 compca,

123 1499 155 1526 et
167 1499 298 1536 paratus
315 1497 356 1527 acl
380 1497 634 1537 respondendum.
680 1497 746 1529 ΡΑ.
772 1499 948 1529 Dummodo
974 1499 1007 1530 id
1032 1500 1158 1540 possim.
1205 1500 1273 1531 DA.
1301 1500 1400 1531 Crede
1417 1500 1491 1530 mihi
1508 1500 1562 1530 hcc
1578 1512 1588 1535 ;

122 1539 262 1578 inquam,
277 1539 452 1581 Pamphile,
461 1543 585 1580 patrem
600 1543 685 1572 tuum
698 1550 736 1572 ne
744 1551 804 1573 uno
819 1542 942 1582 quidem
957 1542 1048 1574 verbo
1063 1546 1162 1574 tecum
1177 1544 1413 1582 altercaturwn,
1427 1542 1494 1574 site
1505 1545 1589 1574 dices

124 1590 253 1612 uxorem
268 1582 356 1622 velle,
372 1593 463 1623 quam
479 1584 611 1615 dederit.

738 1681 980 1693 eeeeeeeeeeee

168 1747 185 1775 1
212 1745 281 1776 Pro
295 1748 352 1776 aut
366 1745 440 1786 quid
456 1756 615 1777 numerus
633 1746 786 1787 postulat
804 1752 840 1779 et
856 1748 1014 1781 Terentii
1032 1748 1245 1781 consuetudo
1259 1749 1381 1790 quidve.
1397 1750 1500 1780 Bent.
1530 1749 1587 1780 Sic

125 1787 185 1818 dat
199 1787 360 1819 Per1.—2
386 1789 480 1820 Nunc
495 1789 631 1821 abesta
655 1790 855 1832 quibusdam
887 1792 970 1823 Mss.
999 1793 1163 1824 West.-4
1188 1793 1237 1823 M.
1268 1793 1447 1825 Rationem.
1476 1793 1533 1824 Sic
1552 1798 1587 1823 et

125 1830 203 1862 Pal.
220 1833 250 1863 l.
275 1830 390 1863 Id.—5
415 1833 563 1865 Quidam
579 1833 665 1865 Mss.
679 1839 782 1874 atque
800 1834 832 1864 in
850 1834 888 1865 iis
905 1835 974 1866 duo
992 1836 1113 1867 Leidd.
1131 1836 1214 1871 Qun.
1238 1836 1324 1868 Mss.
1339 1835 1475 1877 quidam
1492 1845 1542 1875 ap.
1559 1840 1590 1867 te

124 1873 194 1905 sies.
217 1872 328 1905 Idem.
345 1874 390 1906 G.
409 1875 490 1911 Qua.
505 1875 602 1907 Idem
617 1876 650 1906 in
668 1876 758 1909 Add.
784 1878 854 1912 Qua
866 1899 873 1908 .
892 1878 959 1909 Ms.
979 1879 1053 1914 Qui.
1068 1879 1354 1920 Lindenbrogius.
1372 1879 1450 1910 Bas.
1466 1884 1501 1910 et
1521 1880 1588 1909 De·

125 1921 282 1947 curtatus
294 1917 419 1949 habent
435 1919 510 1958 Qui,
521 1923 556 1950 et
569 1919 618 1950 ita
634 1929 769 1961 quoque
781 1919 815 1950 in
830 1920 887 1951 Vi.
901 1925 935 1952 et
951 1922 994 1953 V.
1017 1926 1068 1953 est
1084 1922 1315 1961 emendatum,
1333 1922 1381 1953 ait
1406 1922 1465 1954 Fa.
1511 1922 1589 1952 Duo

126 1962 259 1990 tantum
275 1969 295 1990 e
310 1961 437 1992 nostris
456 1962 539 2001 Qua,
563 1963 668 1994 ceteri
688 1963 764 1998 Qui.
795 1963 897 1995 Bent.
924 1965 1036 2004 Vulgo
1060 1976 1111 2005 ap.
1136 1968 1168 1996 te
1183 1969 1217 1995 ut
1232 1966 1302 2001 sies,
1324 1964 1466 1996 frustra.
1491 1966 1588 1996 Both.

127 2002 184 2043 qui
201 2001 295 2034 delet
309 2006 354 2034 nt.
402 2004 473 2040 Qua
487 2005 570 2036 dant
585 2004 701 2038 Guelf.
719 2009 749 2037 l.
765 2009 797 2036 2.
816 2007 875 2038 ΒΓ.
901 2007 957 2038 Sis
977 2007 1129 2039 ΘΝΕ-6
1154 2008 1245 2048 Guy.
1268 2009 1365 2039 Modo
1389 2009 1516 2048 possim,
1543 2010 1586 2039 ob

126 2050 285 2077 metrum.
313 2047 411 2078 West.
445 2048 542 2078 Modo
556 2051 591 2078 ut
604 2048 730 2088 possim.
748 2049 814 2080 Ms.
833 2050 930 2080 Modo
941 2053 975 2080 ul
991 2051 1115 2090 possim,
1129 2051 1231 2082 Dave.
1250 2051 1348 2082 Lind.
1371 2052 1482 2091 Vulgo
1496 2052 1590 2082 Modo

126 2091 162 2118 ut
177 2089 302 2128 possim,
326 2089 439 2121 Dave.-
460 2091 755 2122 consentientibus
771 2092 910 2132 quidem
928 2093 1079 2133 scriptis,
1096 2094 1158 2125 sed
1188 2094 1302 2125 invitis
1331 2095 1506 2125 veteribus
1529 2096 1590 2125 im-

128 2131 255 2170 pressis
274 2131 380 2171 libris,
402 2132 458 2173 qui
474 2132 582 2164 instar
597 2134 802 2174 scriptorum
820 2135 944 2166 merito
959 2136 1141 2167 habentur.
1187 2137 1232 2167 Et
1247 2137 1327 2168 mihi
1344 2137 1590 2169 subridiculum

127 2181 264 2215 semper
279 2174 387 2205 visum
403 2180 457 2207 est
473 2175 556 2207 illud
582 2176 686 2208 Dave.
714 2177 815 2209 Both.
842 2179 899 2219 qui
915 2179 975 2210 dat
1006 2180 1049 2210 Ut
1063 2180 1179 2220 possim
1194 2181 1292 2212 modo.
1315 2181 1324 2197 ‘
1340 2181 1378 2212 C.
1396 2180 1425 2212 I.
1442 2186 1477 2212 et
1496 2182 1534 2212 E.
1547 2182 1589 2212 V.

123 2225 261 2257 possum,
287 2217 400 2249 male.'
424 2218 512 2250 Perl.
558 2219 628 2250 Per
652 2221 711 2251 has
741 2220 1002 2254 abbreviaturas
1019 2224 1092 2254 vult
1107 2222 1142 2255 J.
1156 2227 1192 2255 et
1207 2222 1352 2255 fortasse
1368 2223 1421 2256 ed.
1433 2225 1587 2255 vem-8

128 2259 242 2292 Abest
256 2270 321 2292 esse
337 2271 357 2292 a
370 2261 453 2293 Par.
467 2262 554 2294 Mss.
569 2267 702 2304 quarto.
729 2263 816 2295 Perz.

789 2366 930 2398 NOTAE

171 2430 187 2459 1
216 2428 367 2469 captent]
389 2429 552 2470 Captare,
565 2434 618 2461 est
634 2430 831 2463 desiderare
929 2434 948 2462 7
976 2431 1248 2464 Commutaturnm
1264 2433 1367 2465 Unum
1378 2444 1442 2466 esse
1454 2436 1592 2478 verbum]

127 2487 275 2519 capere;
300 2483 337 2510 ut
349 2478 500 2519 vendito,
514 2489 579 2511 non
592 2485 658 2519 est,
673 2479 832 2521 frequen-
886 2481 1064 2514 Sermones
1095 2488 1317 2524 commutare,
1341 2490 1393 2516 est
1421 2487 1592 2528 colloqui;

127 2532 180 2560 ter
201 2529 324 2569 vendo,
339 2529 400 2561 sed
414 2529 564 2561 vendere
581 2530 695 2571 cupio.
734 2531 832 2561 Talia
886 2532 943 2563 sed
959 2533 1022 2564 hoc
1045 2534 1120 2565 loco
1147 2539 1200 2566 est
1225 2536 1399 2574 altercari,
1417 2542 1453 2568 et
1481 2538 1593 2570 verbis

127 2579 235 2620 multa
249 2585 342 2620 snut,
368 2590 444 2622 quae
472 2579 738 2622 frequentativae
762 2580 830 2612 for·
886 2582 1030 2615 invicem
1045 2589 1195 2624 certare3
1219 2592 1255 2618 et
1271 2591 1280 2604 ¹
1295 2596 1464 2628 nunquam
1479 2593 1593 2619 tecum

126 2639 191 2661 mae
230 2636 425 2668 censentur,
449 2640 526 2663 cum
555 2632 625 2663 sint
655 2631 830 2662 desidera-
886 2640 1170 2667 commutaturum
1198 2646 1301 2668 unum
1329 2647 1405 2669 esse
1430 2639 1593 2678 verbum:

126 2681 220 2720 tiva3
251 2682 365 2723 qualia
390 2688 469 2714 sunt
498 2683 641 2724 prendo,
670 2683 830 2723 dormito,
885 2684 949 2715 hoc
968 2687 1074 2725 possis
1092 2686 1327 2727 interpretari,
1354 2698 1397 2719 ne
1424 2699 1490 2720 uno
1517 2693 1588 2731 qni-

127 2735 276 2771 ostento‚
299 2732 440 2772 munito,
463 2732 498 2763 id
526 2738 593 2773 est,
617 2734 747 2765 munire
773 2743 830 2764 cu-
885 2734 962 2766 dem
980 2736 1086 2768 verbo
1101 2736 1162 2768 tibi
1180 2738 1457 2772 reclamaturum.

127 2781 197 2822 pio.
232 2782 319 2814 Haec
335 2793 377 2814 ex
389 2784 560 2816 Turnebo.
