1945 3296
416 220 656 253 DANIELls
688 221 879 253 HEINSII
916 221 1261 254 DISSERTATIO.
1513 216 1569 257 97

108 325 211 373 λόγῳ
224 320 367 358 καὶτῶν
382 318 532 367 ὁμοίων,
547 317 665 355 ταῦτά
676 332 722 365 γε
736 316 872 363 πάντα,
885 317 907 362 ἢ
922 317 1016 366 τάγε
1028 320 1189 355 πλεῖστα
1205 319 1339 363 αὑτῶν,
1353 318 1568 357 ὑποκεῖσθαι

107 389 150 439 τῇ
165 386 324 437 ἀφελείᾳ
343 381 413 420 δεῖ.
444 379 782 425 Quemadmodum
804 380 1064 432 Hieronymus
1082 380 1344 418 Menandrum
1366 388 1405 419 et
1424 382 1569 420 Teren-

107 451 204 488 tium
223 460 311 486 cum
331 446 498 483 maximo
513 444 663 495 judicio
684 444 900 495 conjungit.
932 443 995 481 Ad
1015 445 1223 482 Paulinum
1244 445 1347 482 enim
1365 458 1374 482 :
1407 450 1418 466 ‘
1433 445 1565 484 Po'e'tze

109 513 338 552 aemulentur
373 509 602 556 Homerum,
621 507 838 558 Virgilium,
859 507 1135 555 Menandrum,
1168 508 1418 548 Terentium.'
1464 511 1566 547 Audi

109 576 322 616 orationem
341 573 462 625 patris
481 572 581 610 irati.
639 572 784 610 Heaut.
814 573 903 611 Act.
923 585 964 611 v.
995 573 1123 610 Scena
1141 575 1182 610 4.

588 656 693 703 Non,
714 657 747 694 si
763 670 811 694 ex
830 656 957 707 capite
977 657 1030 695 sis
1049 670 1136 695 meo

217 724 360 770 Natus,
379 721 512 760 itidem
532 727 577 759 ut
592 721 702 759 aiunt
718 722 934 759 Minervam
951 734 1038 760 esse
1054 735 1102 760 ex
1113 722 1226 767 Jove,
1246 734 1293 760 ea
1308 734 1428 761 causa
1442 722 1566 772 magis

215 788 361 834 Patiar,
383 785 569 838 Clitipho,
588 786 745 837 flagitiis
766 786 842 823 tuis
861 799 921 823 me
941 785 1124 824 infamem
1146 786 1240 824 fieri.

108 880 148 911 et
167 886 255 925 quae
276 876 506 923 sequuntur.
568 868 669 908 Audi
689 869 792 907 mitis
813 869 884 908 viri
903 870 1031 921 potius
1052 883 1170 921 quam
1187 870 1279 908 boni
1296 884 1305 909 z

215 946 422 992 Ausculta,
442 958 492 983 ne
512 958 572 983 me
594 944 790 982 obtundas
812 944 860 982 de
880 944 954 983 hac
975 958 1015 982 re
1037 945 1194 996 saepius,

211 1011 338 1048 Tuum
358 1009 478 1047 filium
499 1008 643 1047 dedisti
664 1008 932 1059 adoptandum
954 1008 1059 1046 mihi.

216 1075 254 1112 Is
275 1086 384 1112 meus
403 1081 464 1112 est
482 1073 625 1111 factus.
682 1071 722 1109 Si
743 1072 838 1123 quid
858 1079 1009 1123 peccat,
1031 1073 1194 1119 Demea,

213 1137 314 1176 Mihi
332 1144 499 1189 peccat:
528 1149 602 1187 ego
622 1135 677 1173 illi
698 1148 918 1173 maxumam
939 1143 1088 1187 partem
1109 1137 1243 1176 feram.

213 1201 420 1241 Obsonat?
449 1199 586 1252 potat?
615 1200 695 1238 olet
714 1199 946 1251 unguenta?
977 1200 1024 1239 de
1043 1214 1148 1239 meo.

212 1265 356 1305 Amat?
385 1265 542 1304 dabitur
562 1278 585 1303 a
603 1278 665 1302 me
686 1272 905 1315 argentum,
927 1265 1020 1303 dum
1040 1266 1113 1304 erit
1132 1263 1378 1304 commodum
1396 1278 1404 1302 ε

213 1329 289 1367 Ubi
309 1342 389 1367 non
409 1329 493 1376 erit,
513 1329 678 1367 fortasse
694 1328 924 1366 excludetur
943 1329 1061 1367 foras.

215 1393 334 1432 Fores
354 1392 532 1444 effregit?
561 1393 824 1431 restituentur.
883 1393 1050 1432 Discidit

213 1456 404 1496 Vestem?
432 1457 675 1495 resarcietur.
734 1457 818 1502 Est,
840 1456 912 1494 Dis
933 1458 1072 1509 gratia,

212 1521 264 1560 Et
282 1521 388 1560 unde
406 1520 493 1560 haec
514 1521 623 1568 fiant,
645 1528 684 1559 et
704 1520 832 1560 adhuc
852 1535 931 1559 non
952 1522 1119 1561 molesta
1139 1513 1244 1562 suni.

107 1611 157 1649 Et
176 1610 308 1650 divina
326 1612 418 1651 illa:

426 1687 553 1726 Credo
572 1687 703 1726 hercle
721 1701 729 1726 ε
760 1700 849 1727 nam
870 1689 1071 1740 ingenium
1092 1690 1181 1728 novi
1199 1697 1309 1729 tuum

211 1751 402 1791 Liberale.
459 1752 535 1790 Sed
557 1765 691 1791 vereor
711 1766 758 1791 ne
778 1753 988 1804 indiligens
1014 1755 1172 1792 nimium
1192 1755 1282 1794 sies,

210 1815 257 1852 In
276 1829 355 1867 qua
373 1815 530 1855 civitate
548 1816 708 1855 tandem
729 1817 912 1855 arbitrare
934 1824 972 1856 te
992 1817 1147 1856 vivere?

105 1910 156 1948 Et
173 1924 262 1962 quae
283 1911 367 1950 sine
387 1918 495 1949 motu
514 1911 631 1949 animi
650 1919 689 1950 et
709 1912 941 1951 suavissima
966 1914 1168 1965 voluptate
1200 1915 1278 1967 legi
1299 1929 1378 1956 non
1398 1926 1565 1969 possunt

105 1974 283 2026 Hecyra:

425 2039 577 2078 Odiosa
596 2039 684 2077 haec
705 2046 765 2077 est
784 2046 881 2078 aetas
903 2041 1208 2081 adolescentulis
1225 2057 1234 2082 :

209 2103 242 2139 E
261 2102 391 2141 medio
411 2117 568 2154 aequum
587 2104 775 2143 excedere
796 2112 868 2143 est.
926 2106 1132 2145 Postremo
1146 2108 1229 2159 jam
1250 2121 1322 2147 nos
1343 2108 1475 2147 fabula

210 2166 368 2214 Sumus,
390 2167 606 2219 Pamphile,
624 2181 743 2206 senex
763 2174 881 2218 atque
904 2181 1016 2208 anus.

105 2268 144 2300 et
163 2268 318 2302 cetera:
347 2263 530 2315 pluscula
551 2271 643 2302 sunt
674 2265 789 2303 enim.
849 2266 961 2312 Quis,
995 2279 1083 2305 cum
1109 2267 1178 2306 illa
1197 2268 1432 2308 Phormione
1453 2269 1563 2320 legit,

106 2339 183 2365 non
205 2340 364 2366 uxorem
383 2327 589 2367 honestam
617 2327 783 2366 adulteri
804 2329 1014 2379 agnoscit?

424 2414 486 2451 An
507 2413 716 2464 quicquam
735 2414 853 2453 hodie
875 2422 935 2453 est
954 2416 1100 2455 sactum
1120 2417 1347 2469 indignius?

212 2476 289 2520 Qui
309 2477 416 2524 mihi,
435 2478 500 2515 ubi
521 2477 571 2515 ad
592 2491 733 2516 uxores
754 2485 912 2516 ventum
930 2487 1002 2526 est,
1025 2486 1108 2518 tum
1127 2481 1226 2519 fiunt
1245 2495 1375 2520 senes.

211 2541 400 2580 Haeccine
420 2549 532 2580 erant
549 2542 689 2581 itiones
710 2544 854 2581 crebrae
884 2550 923 2581 et
942 2545 1166 2583 mansiones
1186 2545 1350 2584 diutinae

211 2605 373 2643 Lemni?
393 2606 568 2645 haeccine
587 2615 669 2645 erat
684 2621 772 2658 quae
785 2615 940 2646 nostros
959 2609 1108 2647 fructus
1124 2611 1322 2648 minuebat
1333 2610 1564 2649 calamitas?

214 2669 347 2713 Quid?
377 2683 451 2721 ego
472 2684 586 2723 aequo
607 2672 734 2709 animo
755 2673 871 2722 cupio
891 2674 1033 2712 misera
1053 2674 1091 2711 in
1111 2674 1185 2712 hac
1206 2687 1246 2712 re
1267 2675 1484 2726 defungier.

212 2733 292 2770 Sed
312 2733 404 2783 quid
427 2748 575 2785 sperem
593 2734 608 2771 ἵ
638 2742 752 2774 aetate
773 2749 888 2787 porro
907 2737 1035 2775 minus
1056 2744 1308 2789 peccaturum
1330 2738 1490 2789 putem?

190 2806 305 2847 Delph.
321 2812 351 2838 et
371 2808 442 2840 γαν.
459 2809 543 2840 Clas.
786 2811 908 2843 Terent.
1445 2814 1475 2843 G
