1903 3306
512 231 574 260 DE
608 230 790 261 METRlS
822 230 1180 260 TERENTIANIS.
1482 224 1566 265 249

124 326 251 372 hodie,
272 324 406 375 lingua
418 322 649 374 jamdudum
670 331 858 371 emortua,
886 324 998 362 facile
1022 324 1270 363 conceditur:
1309 325 1382 363 nisi
1412 324 1566 377 culpam

124 391 209 441 quis
230 387 477 427 defendendo
497 388 630 426 fecerit
649 388 844 438 majorem.

116 471 120 475 ·
179 454 373 498 Ceterum,
399 452 475 497 abi,
508 452 626 499 domi,
659 452 753 497 redi,
784 452 881 497 dari,
908 464 1014 502 roga,
1044 451 1153 502 jube,
1187 458 1286 497 tace,
1319 453 1419 500 vide,
1450 463 1487 491 ct
1518 456 1570 492 si-

121 530 201 568 qua
218 517 257 554 id
278 529 401 567 genus
429 516 505 554 alia
537 530 625 567 quae
655 516 830 554 ultimam
861 516 1015 553 brevem
1046 515 1204 562 habent,
1230 516 1291 553 vix
1311 524 1431 555 estut
1451 518 1570 556 licen-

122 589 178 619 ter
197 580 319 627 dicas,
350 579 420 618 sed
448 580 620 631 legitime
654 580 818 632 corripi;
849 593 936 618 cum
957 586 1106 618 veteres
1127 580 1225 632 epici
1245 580 1346 618 idem
1361 581 1427 632 jus
1456 595 1569 620 usur·

121 644 308 696 paverint.
1523 680 1524 683 ,

177 707 357 746 Similiter
377 707 424 745 de
445 707 544 746 crasi
560 720 745 752 censeas;
768 721 846 758 qua
866 708 953 746 duae
973 709 1142 755 vocales,
1163 721 1322 759 quarum
1336 705 1414 747 u'na
1427 710 1569 757 brevis,

120 771 157 808 in
193 783 310 808 unam
341 771 620 809 contrahuntur
637 784 646 808 :
676 778 732 818 ut,
768 771 848 818 diu,
882 771 1024 818 Deum,
1057 772 1242 818 Deorum,
1276 786 1416 818 meum,
1443 781 1568 819 tuum,

122 847 247 880 suum,
272 847 458 882 meorum,
488 838 560 873 διο.
593 835 677 882 fuit,
708 835 853 873 fuisse:
883 835 983 882 haec,
1013 842 1052 874 et
1081 836 1193 887 siqua
1222 836 1457 886 hujusmodi,
1481 838 1569 888 jure

122 899 272 948 quoties
292 899 437 937 vellent
471 899 753 937 contrahebant
783 899 946 943 comici;
984 899 1074 950 quia
1102 899 1203 937 idem
1237 900 1353 950 epicis
1378 900 1444 950 jus
1474 909 1570 939 erat.

125 961 269 999 Durius
291 962 448 1013 quidem
469 963 706 1000 nostratibus
728 969 883 1005 sonant,
900 962 1030 1013 hujus,
1050 963 1175 1014 cujus,
1209 962 1305 1013 ejus,
1335 977 1448 1010 novo,
1482 964 1572 1012 levi,

123 1023 163 1060 in
183 1038 300 1064 unam
319 1026 506 1077 syllabam
524 1033 748 1065 contracta:
781 1040 910 1065 verum
940 1026 979 1064 id
1009 1039 1055 1065 eo
1083 1027 1223 1073 evenit,
1241 1027 1345 1077 quod
1367 1041 1436 1065 nos
1457 1028 1573 1067 hodie

123 1087 224 1126 male
243 1090 547 1139 pronuntiemus.
605 1091 750 1128 Notum
770 1090 872 1128 enim
893 1099 952 1128 est
971 1090 1145 1137 eruditis,
1174 1099 1436 1129 consonantes
1456 1092 1467 1128 i
1488 1099 1528 1130 ct
1547 1106 1571 1130 u

121 1152 227 1202 apud
249 1152 406 1192 Latinos
428 1153 565 1192 eodem
600 1154 721 1192 fuisse
756 1167 853 1192 sono
882 1162 921 1192 et
940 1161 1147 1205 potestate,
1174 1168 1252 1206 quo
1284 1155 1400 1192 hodie
1421 1170 1444 1207 y
1465 1163 1503 1193 et
1523 1170 1568 1193 w.

122 1214 354 1255 Pronunties
375 1217 504 1268 igitur,
525 1231 660 1269 cuyus,
692 1231 817 1265 nowo,
847 1217 947 1265 lewi,
979 1226 1018 1258 et
1046 1219 1197 1257 mollior
1225 1219 1290 1257 fiet
1323 1220 1455 1258 erasis.
1513 1220 1574 1258 Ita

123 1278 278 1326 Noster,
298 1286 387 1326 twa,
408 1294 500 1326 swa,
521 1281 825 1333 grandyuscula‚
856 1282 1118 1334 stellyonino;
1154 1283 1268 1333 plane
1303 1290 1345 1320 ut
1373 1283 1572 1334 Virgilius,

123 1342 276 1394 stellyo,
298 1345 449 1395 abyete‚
469 1347 543 1384 διο.
601 1345 748 1384 Eadem
768 1346 927 1392 ratione,
959 1360 1060 1391 cum,
1083 1347 1180 1397 jam,
1211 1346 1404 1394 efferrent,
1438 1355 1482 1385 ut
1501 1361 1573 1386 nos

122 1405 253 1453 hodie,
273 1420 388 1458 yam;
418 1408 456 1445 in
476 1407 574 1446 duas
595 1409 765 1461 syllabas
786 1423 855 1461 pro
881 1410 1005 1448 lubitu
1026 1410 1303 1458 dissolvebant,
1325 1417 1333 1432 ‘
1348 1424 1451 1449 nunc
1470 1412 1574 1450 iam!

125 1469 306 1508 Ceterum
327 1470 364 1507 in
384 1470 459 1509 hac
478 1471 661 1519 editione,
677 1474 742 1511 ubi
761 1474 838 1511 'iarn
866 1472 1086 1524 disyllabon
1104 1481 1177 1521 est,
1197 1482 1353 1513 notatur
1374 1475 1547 1514 diaeresis
1564 1489 1574 1520 ;

123 1539 175 1579 et,
194 1532 320 1580 cuius,
340 1533 470 1581 huius,
490 1534 588 1581 eius,
608 1537 674 1574 ubi
694 1537 965 1588 monosyllaba
982 1545 1087 1585 sunt,
1108 1552 1222 1590 super
1241 1540 1253 1576 i
1269 1539 1416 1578 habent
1436 1553 1575 1579 accen-

124 1603 226 1640 tum;
248 1598 313 1635 ubi
332 1597 539 1650 disyllaba,
559 1613 674 1651 super
689 1614 714 1638 u
737 1608 776 1639 et
795 1614 840 1645 e3
863 1601 987 1652 cujus,
1008 1602 1137 1654 hujus,
1158 1601 1253 1654 ejus.

179 1660 253 1707 Eii,
273 1662 352 1707 reii,
373 1662 482 1714 speii,
512 1663 636 1714 priore
663 1677 730 1715 per
750 1664 899 1702 ectasin
920 1664 1123 1716 producta,
1143 1679 1221 1705 non
1242 1665 1419 1717 indigent
1437 1668 1574 1713 venia;

126 1735 213 1761 cum
235 1724 434 1764 Lucretius
455 1726 594 1777 aliique
610 1727 699 1765 olim
713 1727 809 1779 epici
830 1727 931 1766 idem
947 1728 1119 1768 fecerint.
1178 1730 1221 1768 In
1239 1737 1372 1769 nostra
1391 1732 1575 1781 editione,

125 1799 212 1825 cum
227 1788 507 1839 producuntur,
527 1789 683 1841 duplice
704 1790 715 1827 i
737 1791 968 1830 scribuntur.

180 1851 318 1903 Neque
338 1852 436 1891 illud
456 1854 554 1892 inter
581 1854 759 1893 licentias
778 1868 971 1903 numeres,
989 1869 1077 1894 cum
1099 1857 1248 1896 Comici
1270 1871 1287 1896 s
1303 1859 1417 1897 finale
1439 1859 1476 1898 in
1498 1861 1578 1912 syl-

125 1914 215 1953 laba
236 1917 353 1963 brevi,
373 1924 558 1968 sequente
573 1925 703 1958 tamen
723 1927 981 1967 consonante,
1003 1934 1282 1973 nonnunquam
1302 1923 1498 1974 abjiciunt,
1519 1931 1576 1971 ut,

124 1978 247 2026 tristi’,
267 1979 487 2019 famelicu’:
515 1981 706 2032 siquidem
723 1982 826 2021 idem
847 1984 941 2022 facit
959 1985 1104 2035 passim
1125 1985 1339 2024 Lucretius.
1393 1987 1576 2026 Ceterum

125 2042 231 2092 quod
249 2056 320 2081 nos
347 2043 506 2095 quidam
539 2044 695 2094 docent,
726 2054 765 2085 et
791 2048 830 2084 in
863 2047 1014 2099 syllaba
1033 2049 1150 2100 longa
1171 2049 1244 2087 hoc
1265 2050 1388 2088 solere
1409 2051 1504 2098 fieri,
1538 2059 1578 2091 et

126 2113 313 2156 sequente
341 2107 479 2153 vocali,
510 2114 550 2146 et
583 2116 704 2148 totam
737 2111 851 2148 etiam
887 2110 1076 2162 syllabam
1105 2125 1192 2150 cum
1221 2126 1238 2150 s
1273 2127 1377 2164 saepe
1398 2116 1576 2164 resecari,

124 2169 310 2207 falluntur
329 2178 370 2208 et
398 2170 552 2210 fallunt.
611 2173 670 2219 In,
700 2174 942 2218 consimilist‚
971 2188 993 2212 a
1021 2176 1144 2226 priore
1171 2176 1277 2223 nihil,
1307 2178 1375 2215 sed
1410 2179 1472 2225 ab,
1503 2186 1576 2226 est,

123 2233 269 2270 vocalis
290 2240 513 2278 resecatum
544 2235 657 2282 utin,
677 2236 858 2288 palamst,
885 2247 1143 2279 necessumst.
1201 2241 1441 2280 Multimodis
1472 2243 1576 2294 apud

126 2296 312 2334 Nostrum
332 2310 409 2335 non
430 2297 582 2337 divisim
600 2298 770 2347 effertur,
801 2302 923 2340 multi'
956 2303 1107 2348 modis;
1145 2304 1215 2342 sed
1248 2318 1321 2342 vox
1346 2319 1424 2343 una
1442 2314 1503 2344 est.
1522 2314 1577 2354 ut,

125 2360 356 2399 omnimodis
374 2375 382 2399 :
412 2368 451 2399 et
471 2362 672 2402 Lucretius
690 2372 854 2418 utraque
874 2367 1003 2405 utitur.

179 2424 283 2468 Quin
303 2431 354 2470 et,
376 2425 441 2462 ubi
461 2426 700 2478 synaloephae
721 2428 778 2466 vis
791 2437 933 2476 cessat,
950 2436 988 2467 et
1008 2430 1068 2468 vel
1085 2430 1230 2469 vocalis
1250 2432 1443 2483 quaepiam
1460 2434 1519 2472 vel
1540 2448 1578 2472 m

126 2487 261 2525 finales
282 2501 359 2525 non
381 2487 590 2537 eliduntur,
611 2491 733 2531 altera
751 2493 878 2531 vocali
898 2507 964 2531 eas
986 2494 1225 2545 excipiente3
1258 2508 1306 2533 ne
1326 2496 1401 2534 hoc
1421 2497 1578 2547 quidem

126 2550 164 2587 in
183 2550 348 2590 licentiis
364 2564 488 2603 ponas
508 2566 518 2591 2
550 2554 682 2605 qualia
701 2556 776 2594 ista
796 2562 835 2595 et
852 2557 964 2609 plura
991 2557 1091 2609 apud
1114 2558 1302 2596 Nostrum
1320 2573 1329 2598 :
1360 2572 1492 2599 omnes
1513 2562 1579 2613 qui

128 2621 272 2661 amant,
293 2614 353 2654 me
373 2623 412 2653 et
438 2623 568 2664 aetate,
588 2618 636 2656 ne
657 2620 723 2657 ubi
744 2621 971 2673 acceperim,
1000 2620 1101 2673 quae
1130 2628 1212 2659 erat
1231 2629 1396 2670 mortua,
1422 2637 1501 2662 una
1527 2625 1580 2663 ire

127 2679 215 2717 cum
236 2678 373 2725 amica,
393 2679 484 2717 dum
505 2680 543 2718 id
565 2682 723 2730 efficias,
756 2684 912 2734 quicum
944 2697 1022 2722 uno
1057 2683 1136 2723 rem
1163 2684 1366 2724 habebam.
1424 2688 1577 2739 Quippe

127 2749 165 2782 et
178 2741 288 2792 epici,
309 2741 521 2791 Lucretius,
538 2744 737 2796 Virgilius,
758 2747 942 2787 Horatius
957 2747 1093 2786 eodem
1115 2748 1232 2788 modo
1254 2750 1291 2788 in
1313 2750 1545 2790 hexametris
1565 2765 1575 2789 z
