1903 3306
379 223 465 266 190
726 234 771 266 Τ.
804 235 950 265 mum
983 233 1482 266 OBSERVA'riuNcunAE

379 327 500 373 aliud,
520 332 560 365 et
577 326 683 366 aliud
701 327 830 366 etiam.
860 327 983 365 Andr.
1004 333 1079 364 act.
1104 340 1132 364 1.
1155 339 1213 364 sc.
1232 329 1263 364 l.
1288 328 1378 366 119.
1420 332 1430 350 ‘
1445 327 1522 366 Pro
1545 339 1663 367 uxore
1681 327 1824 369 habere

377 391 479 428 hanc
498 391 771 442 pere-grinam‚
792 403 866 440 ego
886 390 1001 427 il-lud
1035 389 1197 427 sedulo-³
1237 389 1584 429 Manifestissimus
1605 404 1692 430 esse
1712 393 1822 431 vide-

375 462 438 492 tur
456 454 622 492 creticus
642 454 695 500 in,
715 454 810 504 grin’
831 455 890 504 eg’
908 454 956 496 i1;
988 452 1058 490 sed
1074 453 1126 499 in,
1146 453 1225 498 ille,
1246 453 1326 499 illa,
1346 456 1420 492 &a
1441 454 1531 491 olim
1553 455 1654 505 prior
1673 455 1823 506 syllaba

375 525 457 555 erat
470 518 709 560 communis;
739 530 816 567 quo
832 516 927 553 nihil
946 516 1101 554 certius.
1132 515 1231 553 Ibid.
1257 517 1345 553 141.
1375 520 1385 537 ‘
1402 515 1517 554 Nunc
1531 523 1641 554 tuum
1659 524 1719 555 est
1735 518 1822 555 offi-

373 581 473 618 cium
492 581 563 619 has
582 582 681 619 bene
702 589 745 618 ut
764 580 967 618 assimules
985 579 1167 631 nuptias.'
1214 579 1286 616 Est
1310 586 1439 616 autem
1458 579 1521 616 hic
1552 593 1685 618 versus
1707 581 1821 629 plane

374 644 566 688 trimeter3
596 657 688 694 ergo
703 644 879 681 Creticus
900 643 937 680 in
957 642 1080 694 prima
1096 641 1202 680 sede.
1232 641 1295 678 Ad
1312 640 1350 678 id
1366 647 1544 691 negatur,
1564 656 1632 693 per
1651 643 1822 681 collisio-

371 720 474 757 nem,
487 708 649 754 scilicet‚
662 714 701 745 et
715 707 922 758 synizesin,
938 707 991 744 ita
1005 712 1045 743 ut
1059 706 1108 743 sit
1122 704 1332 756 spondaeus
1349 705 1387 741 in
1403 705 1526 755 prima
1538 712 1645 755 parte
1664 707 1820 744 senarii.

478 771 577 809 Ibid.
599 784 655 809 sc.
676 773 714 809 2.
740 772 800 808 12.
841 776 850 792 ‘
869 771 993 808 Dave.
1046 770 1159 807 Hem.
1194 768 1287 819 quid
1321 767 1410 805 est?
1451 768 1621 806 ehodum
1653 769 1702 807 ad
1733 782 1819 808 me:

583 834 676 885 quid
696 833 758 872 hic
778 833 888 872 volt?
918 833 1010 884 quid
1032 833 1086 870 ais
1104 832 1119 869 ’ἒ
1148 845 1227 882 qua
1246 832 1295 869 de
1314 830 1381 869 re?
1410 831 1553 882 rogas?

426 898 564 945 Nemo,
593 897 745 935 videtur
774 904 890 943 certe,
921 909 1065 948 negare
1099 896 1237 947 possit,
1272 895 1366 945 quin
1398 895 1461 933 hic
1492 895 1544 933 sit
1573 896 1750 934 Creticus
1778 896 1818 933 in

369 968 507 1013 quarta
538 961 709 1012 regione,
741 974 830 999 nam
851 974 984 999 versus
1018 966 1079 998 est
1108 959 1330 997 octonarius
1352 958 1589 997 acatalectus
1617 959 1818 999 iambicus,

368 1025 447 1062 Sed
467 1023 553 1061 vide
571 1037 579 1062 :
609 1024 718 1061 aiunt
738 1024 774 1061 D
794 1023 910 1061 elidi:
939 1025 1069 1074 itaque
1091 1022 1301 1073 spondaeus
1321 1035 1368 1060 ex
1390 1022 1543 1060 Cretico
1563 1023 1640 1060 fiet.

474 1088 562 1126 Act.
582 1100 632 1125 11.
647 1101 702 1125 sc.
721 1089 757 1125 6.
775 1090 835 1126 17.
863 1092 873 1110 ‘
885 1087 950 1124 Nil
963 1093 1119 1139 propter
1135 1086 1236 1124 hanc
1252 1099 1346 1131 rem,
1360 1085 1429 1123 sed
1442 1092 1515 1133 est,
1532 1085 1636 1136 quod
1654 1098 1817 1124 succen-

579 1159 637 1190 set
651 1151 744 1190 tibi.’
764 1152 814 1189 Et
828 1164 940 1189 mox:
963 1157 973 1172 ‘
987 1151 1178 1195 Quidnam
1193 1149 1280 1188 est?
1301 1148 1436 1200 pueril'
1451 1155 1523 1196 est,
1536 1149 1630 1200 quid
1644 1149 1729 1196 est,'
1740 1152 1815 1188 &c.

419 1217 462 1253 In
483 1221 646 1266 utroque
665 1215 843 1266 exemplo
863 1216 1057 1253 affirmant
1076 1215 1259 1252 miserum
1278 1213 1374 1251 illud
1396 1212 1432 1251 D
1451 1213 1571 1251 exteri
1590 1212 1744 1261 debere,
1765 1214 1815 1251 ob

365 1279 470 1329 quod
491 1278 684 1325 meritum,
704 1278 849 1317 nescio.

471 1345 558 1383 Act.
581 1358 642 1382 1v.
663 1356 718 1381 sc.
735 1346 772 1380 4.
794 1345 860 1382 26.
926 1347 936 1364 ‘
951 1342 1080 1381 Vestri
1113 1340 1215 1393 cuju’
1240 1339 1404 1378 ve-stri?
1445 1340 1650 1392 Pamphili.
1683 1340 1784 1379 Hem
1803 1354 1814 1379 ι

576 1408 684 1458 quid,
704 1406 924 1458 Pamphili?
938 1406 948 1422 '

419 1472 491 1509 Est
509 1471 750 1509 indubitatus
772 1471 959 1508 iambicus
995 1470 1169 1507 senarius
1188 1484 1197 1508 ε
1238 1471 1369 1522 itaque
1401 1471 1576 1508 Creticus
1596 1468 1811 1507 secundam

363 1536 495 1574 sedem
515 1535 734 1585 occupabit,
754 1547 831 1584 quo
862 1541 900 1571 te
930 1547 1095 1584 cumque
1116 1535 1289 1581 verteris,
1320 1535 1393 1572 nisi
1415 1535 1580 1586 priorem
1608 1533 1662 1579 in,
1695 1531 1812 1582 cuju’,

360 1601 512 1637 brevem
533 1599 623 1636 olim
644 1599 764 1636 fuisse
783 1597 1013 1644 contendas,
1035 1597 1139 1648 quod
1162 1611 1209 1635 an
1231 1600 1310 1636 fieri
1329 1599 1454 1650 possit
1473 1597 1622 1635 dubito.
1662 1596 1809 1633 Tamen

360 1669 398 1700 et
418 1663 467 1700 ad
487 1663 560 1700 hoc
579 1662 830 1713 respondent,
851 1662 1041 1713 syllabam
1059 1661 1179 1708 illam,
1207 1663 1278 1713 ju',
1305 1663 1419 1713 plane
1440 1661 1585 1713 perire:
1616 1659 1720 1697 unde
1739 1671 1810 1710 pro

361 1726 514 1764 Cretico
533 1726 694 1764 habebis
714 1726 958 1776 spondaeum.

466 1790 565 1827 Eun.
586 1795 661 1826 act.
681 1803 710 1826 1.
734 1802 788 1827 sc.
814 1790 847 1827 l.
869 1790 932 1826 34.
963 1791 973 1808 ‘
988 1787 1067 1826 Sed
1087 1800 1179 1826 ecca
1207 1789 1311 1840 ip-sa
1336 1788 1533 1840 egreditur
1550 1786 1672 1825 nostri
1697 1785 1808 1824 fundi

569 1852 798 1890 calamitas!

465 1916 552 1954 Act.
574 1928 644 1953 111.
667 1928 722 1953 sc.
748 1919 781 1955 1.
803 1917 840 1953 5.
874 1920 883 1936 ‘
898 1914 1119 1953 Dedu-cam
1141 1914 1210 1953 sed
1241 1928 1395 1953 ec-cum
1416 1915 1599 1953 militem:
1629 1918 1690 1951 est
1707 1913 1807 1951 istuc

569 1978 731 2016 datum?

411 2043 536 2080 Nemo
556 2055 634 2079 non
656 2040 801 2092 dejeret
829 2053 916 2079 esse
943 2040 1137 2078 Creticum
1166 2042 1204 2078 in
1230 2041 1324 2079 locis
1358 2039 1517 2086 notatis,
1538 2045 1588 2089 [at
1607 2038 1718 2076 multi
1738 2052 1805 2077 ne-

355 2114 461 2158 gant.
518 2107 619 2143 Nam
653 2105 743 2143 olim
772 2105 973 2143 dicebatur
1003 2118 1129 2152 ecum,
1162 2117 1284 2150 ecam,
1318 2104 1409 2155 quia
1442 2116 1520 2140 non
1554 2102 1808 2153 geminabant

354 2170 519 2209 eandem
540 2174 836 2207 consonantem.

466 2232 565 2270 Ibid.
582 2234 645 2270 55.
677 2236 686 2253 ‘
704 2232 762 2268 Tu
782 2244 851 2282 par
870 2232 953 2282 pari
974 2230 1112 2269 referto
1132 2230 1237 2281 quod
1258 2242 1362 2268 e-am
1382 2227 1625 2268 remordeat!

354 2298 425 2336 Est
443 2296 665 2348 planissime
685 2295 874 2342 senarius,
896 2308 964 2333 seu
985 2295 1170 2333 trimeter.
1214 2295 1473 2338 Quamobrem
1492 2293 1531 2330 in
1550 2291 1688 2343 quinta
1708 2291 1802 2330 sede

354 2361 426 2399 erit
446 2360 636 2397 Creticus.
694 2358 772 2396 Sed
793 2364 831 2396 et
850 2359 914 2408 qui
940 2358 1136 2395 Creticum
1164 2357 1254 2395 hinc
1284 2357 1479 2406 ablegant,
1514 2353 1611 2393 scin'
1646 2361 1686 2391 tu
1708 2353 1802 2404 quid

354 2423 517 2461 dicant?
546 2423 680 2460 dicunt
698 2421 754 2459 illi
772 2434 924 2459 versum
949 2434 1036 2458 esse
1070 2421 1180 2458 aliter
1209 2407 1472 2462 me'tiendum;
1513 2417 1593 2457 sic:
1634 2417 1691 2454 Tu
1713 2429 1801 2469 par-

351 2486 612 2538 pari·refer-to
629 2484 733 2535 quod
754 2484 1109 2522 eam-remor-deat.

406 2550 455 2586 Et
471 2557 564 2586 tunc
584 2549 654 2586 erit
673 2555 895 2598 anapaestus
922 2549 960 2585 in
980 2554 1118 2598 quarta
1140 2545 1376 2584 dimensione
1395 2557 1543 2583 versus.
1600 2543 1645 2581 Id
1667 2549 1797 2581 autem

349 2625 481 2650 verum
501 2624 587 2649 esse
607 2617 758 2661 potest3
789 2624 878 2648 nam
907 2610 1010 2656 olim,
1041 2623 1141 2655 eum,
1167 2622 1266 2656 eam,
1296 2622 1376 2655 eaS‚
1411 2620 1537 2654 suum,
1570 2618 1676 2651 suas,
1696 2606 1793 2651 suis,

352 2679 424 2713 διο.
445 2665 714 2725 monosyllaba
743 2681 864 2719 erant,
895 2680 939 2710 ut
969 2686 1016 2711 ex
1045 2673 1223 2709 Lucretio
1254 2677 1430 2714 constat3
1470 2683 1519 2709 ne
1551 2668 1601 2706 ad
1628 2668 1795 2706 Ennium

350 2751 488 2789 usque,
519 2745 558 2775 et
588 2738 636 2775 ad
672 2737 815 2774 Livium
846 2736 1111 2774 Andronicum
1146 2734 1419 2772 ascendamus.
1477 2731 1556 2771 Sed
1589 2738 1627 2770 et
1656 2731 1795 2772 salsam

350 2802 399 2840 ibi
419 2801 623 2840 lectionem
644 2813 744 2846 esse,
764 2799 854 2846 dixi,
875 2799 1025 2850 opinor,
1054 2799 1091 2835 in
1115 2797 1284 2835 Notulis.
