1903 3306
538 237 743 269 ANDRIAE
778 236 883 266 AC'r.
919 234 991 264 111.
1025 233 1093 263 SC.
1127 234 1169 261 V.
1497 220 1581 260 343

131 338 221 390 Qui
243 349 339 379 sum
360 334 604 390 pollicitus,
628 332 817 374 ducere?
852 343 940 384 qua
957 329 1121 370 fiducia
1142 327 1186 367 id
1206 325 1352 366 facere
1368 325 1580 366 audeam?

131 407 247 455 Nec,
269 403 374 458 quid
405 416 475 444 me
506 415 618 443 nunc
649 401 825 448 faciam,
860 398 968 438 scio.
1031 396 1123 435 DA.
1156 393 1256 434 Nec
1278 393 1386 447 quid
1408 392 1461 432 de
1485 405 1581 432 me:

301 475 434 524 atque
453 471 498 512 id
520 483 603 523 ago
624 469 795 509 sedulo.

131 542 306 591 Dicam,
325 539 495 593 aliquid
510 538 602 590 jam
626 538 918 582 inventurum,
939 537 990 574 ut
1008 532 1111 572 huic
1132 530 1249 571 malo
1270 528 1462 581 aliquam
1483 539 1585 580 pro-

300 607 462 649 ducam
491 619 677 647 moram.

131 676 219 718 PA.
249 674 362 716 Ohe.
413 674 509 715 DA.
539 672 678 714 Visus
699 684 809 712 sum.
869 669 959 710 ΡΑ.
993 667 1214 715 Ehodum,
1237 666 1352 705 bone
1373 662 1457 712 vir,
1478 661 1586 715 quid

303 743 400 784 ais?
423 740 565 783 viden'
586 753 653 780 me
673 739 761 780 tuis
783 737 985 778 consiliis
1532 730 1587 769 10

132 811 347 853 Miserum
377 809 632 864 impeditum
666 807 796 848 esse?
859 806 950 846 DA.
984 803 1047 844 At
1071 802 1167 856 jam
1188 800 1437 854 expediam.
1498 797 1586 837 PA.

304 876 568 930 Expedies‘l
629 875 723 915 DA.
757 873 899 922 Certe,
922 870 1171 924 Pamphile.

130 947 220 988 ΡΑ.
251 945 430 998 Nempe
451 948 498 985 ut
515 942 660 984 modo.
712 942 804 982 DA.
836 941 978 981 Immo
1001 939 1174 988 melius,
1197 949 1344 991 spero.
1388 934 1477 975 ΡΑ.
1502 932 1588 982 Oh,

299 1013 380 1054 tibi
402 1025 483 1065 ego
502 1016 553 1052 ut
572 1010 765 1060 credam,
787 1008 996 1067 furcifer?

131 1136 193 1176 ipsi
205 1132 441 1168 obsecuturum?
466 1135 536 1170 Qua
551 1132 735 1175 confidentia
751 1132 783 1163 id
792 1132 898 1170 facere
913 1127 1064 1161 audeam?
1082 1129 1118 1158 N
1119 1137 1161 1165 ee,
1175 1126 1248 1167 quid
1263 1135 1342 1156 nunc
1358 1125 1394 1154 tle
1406 1133 1452 1154 me
1458 1122 1592 1161 faciam,

132 1179 205 1210 scio.
249 1180 320 1210 DA.
346 1179 414 1210 Nec
439 1188 494 1217 ego
517 1187 643 1218 quoque,
668 1177 740 1216 quid
762 1177 799 1205 de
822 1184 869 1205 me
884 1173 1026 1210 faciam:
1051 1172 1111 1202 etsi
1133 1180 1188 1208 ego
1216 1170 1250 1199 id
1276 1179 1335 1206 ago
1351 1166 1532 1205 diligenter,
1555 1167 1590 1194 ut

131 1221 229 1253 sciam
243 1222 316 1262 quid
329 1223 366 1252 de
380 1231 428 1252 me
433 1221 542 1258 facere
555 1219 680 1260 possim.
727 1218 842 1249 Dicam
861 1216 1022 1256 Pamphilo
1043 1225 1090 1245 me
1113 1213 1229 1253 ahquid
1245 1212 1314 1250 jam
1331 1211 1540 1243 inventurum,
1556 1209 1591 1237 ut

133 1263 204 1295 huic
215 1265 294 1295 malo
309 1264 486 1304 nuptiarum
505 1263 642 1303 aliquam
664 1262 841 1293 dilationem
856 1259 1002 1299 temporis
1015 1257 1157 1298 afferam.
1203 1255 1269 1285 ΡΑ.
1297 1253 1358 1283 Oli.
1404 1253 1474 1282 DA.
1502 1251 1593 1282 Visus

133 1316 200 1338 sum
215 1318 234 1338 a
251 1307 425 1348 Pamphilo.
480 1307 546 1337 ΡΑ.
572 1306 727 1342 Ehodum,
752 1304 825 1334 bone
849 1303 910 1341 vir,
934 1302 1006 1342 quia
1029 1298 1104 1331 uis?
1134 1298 1264 1330 Videsne
1287 1306 1334 1326 me
1360 1295 1506 1325 miserum
1529 1302 1593 1323 esse

133 1349 312 1390 impeditum
328 1350 391 1380 tuis
410 1348 560 1387 consiliis,
578 1348 686 1388 quibus
706 1356 752 1377 me
765 1347 796 1376 in
811 1347 865 1376 lias
880 1345 1006 1383 nuptias
1029 1338 1212 1382 conjecisti?
1259 1341 1332 1370 DA.
1356 1338 1479 1376 Aljam
1502 1345 1594 1376 expe-

134 1393 228 1424 diam.
274 1393 340 1424 ΡΑ.
363 1393 544 1432 Expedies?
593 1392 662 1421 DA.
688 1391 780 1420 Certe
800 1389 833 1419 id
855 1388 995 1429 efficiam,
1014 1384 1184 1425 Pamphile.
1229 1383 1296 1413 ΡΑ.
1322 1382 1442 1420 Nempe
1458 1383 1490 1409 ut
1506 1380 1594 1409 modo

133 1435 333 1477 expedivisti.
377 1435 449 1467 DA.
474 1435 573 1466 Immo
589 1433 707 1473 melius,
721 1436 753 1463 ut
769 1442 867 1472 spero.
914 1431 980 1462 ΡΑ.
1009 1426 1204 1466 Olzfurcifer
1217 1426 1232 1458 !
1257 1425 1365 1464 Egone
1377 1419 1594 1454 tibieredam?

751 1514 993 1527 eeeeeeeeeeee

136 1586 207 1626 Ego
223 1585 449 1617 Bentleii.—6
474 1585 569 1615 Nam.
605 1584 661 1615 Sic
679 1585 746 1615 Do.
772 1582 825 1614 Al.
843 1582 918 1612 Sed.
942 1580 1032 1611 Perl.
1077 1578 1264 1614 Punctum,
1293 1574 1382 1616 quod
1407 1572 1484 1604 edd.
1509 1572 1594 1603 dant

135 1634 213 1670 post
233 1630 243 1646 ‘
258 1628 336 1664 me‚'
360 1629 420 1660 ΒΥ.
437 1629 498 1659 dat
514 1631 592 1667 post
607 1627 616 1644 ‘
629 1626 815 1657 modo.'—7
833 1626 911 1656 Sum
923 1623 1083 1664 pollicitus
1098 1623 1220 1651 ducere.
1256 1619 1312 1649 Ita
1329 1618 1430 1654 vulgo
1443 1616 1593 1656 junctim

135 1672 263 1704 editur.
308 1671 441 1703 Clarior
457 1680 537 1701 vero
553 1670 620 1701 erit
643 1670 823 1707 sententia,
851 1674 886 1698 et
914 1666 1052 1707 propior
1079 1664 1120 1694 ad
1150 1666 1297 1693 tuentem
1314 1659 1481 1697 Terentii,
1504 1668 1594 1689 com-

135 1720 227 1746 mate
244 1715 372 1746 inserto
389 1719 466 1753 post
480 1715 490 1731 ‘
506 1712 702 1753 pollicitus.’
726 1712 826 1742 lVest.
870 1711 1035 1742 Junctum
1052 1708 1156 1737 edunt
1175 1707 1276 1736 Bent.
1294 1704 1390 1734 Both.
1406 1702 1500 1733 Peri.
1515 1711 1592 1732 cum

136 1758 198 1789 ΒΓ.
244 1757 299 1788 Ad
316 1767 434 1788 vocem
459 1755 628 1787 ‘fiducia’
655 1756 703 1785 sic
729 1760 826 1785 notat
849 1754 983 1784 Bruns:
1008 1753 1017 1768 ‘
1038 1751 1157 1781 Litura
1186 1753 1265 1788 post
1292 1747 1377 1777 hauc
1405 1754 1536 1783 vocem,
1559 1750 1596 1774 et

134 1800 280 1841 vestigia
301 1803 485 1841 supersunt
502 1799 592 1829 vocis
608 1798 730 1836 facere,
754 1807 853 1839 quam
869 1794 1058 1836 praeferunt
1082 1791 1260 1824 euitat-8
1285 1790 1352 1820 Nec
1377 1788 1451 1829 quid
1476 1790 1514 1818 de
1537 1797 1595 1817 me.

135 1843 193 1874 Ita
209 1843 372 1874 exhibent
387 1843 560 1883 pleraeque
576 1841 754 1871 editiones.
805 1840 904 1877 Aliae,
919 1848 974 1869 nec
989 1837 1112 1877 quidem
1127 1845 1185 1865 me.
1224 1835 1353 1864 Rursus
1373 1832 1461 1868 aliae,
1476 1831 1507 1860 in
1525 1831 1597 1871 qui-

136 1887 198 1917 bus
221 1892 272 1918 est
287 1885 452 1918 Jnntina:
476 1895 532 1915 nec
555 1894 602 1914 me
625 1884 758 1924 quidem.
804 1882 1000 1921 Elegantius
1029 1879 1106 1917 erit,
1135 1879 1162 1908 si
1192 1881 1395 1916 repetantur
1424 1874 1595 1913 Pamphili

137 1928 254 1968 verba,
272 1930 345 1959 sine
361 1929 429 1960 ulla
449 1927 696 1958 immutatione.
743 1926 784 1957 Id
805 1925 890 1956 vidit
906 1924 996 1963 Guy-
1015 1921 1224 1953 rescribens:
1253 1919 1319 1949 Nee
1343 1918 1416 1958 quid
1443 1927 1490 1947 me
1515 1926 1596 1946 ‘nunc

128 1972 263 2012 faciam,
286 1972 360 2002 scio.
397 1971 465 2002 DA.
491 1971 557 2001 Nec
573 1969 646 2010 quid
663 1979 720 2001 me.
766 1969 816 2000 M.
843 1974 877 1998 et
906 1967 960 1997 ed.
975 1966 1064 1996 Ven.
1086 1967 1180 1995 1490.
1228 1963 1294 1992 Nec
1311 1961 1437 2000 quidde
1454 1969 1500 1989 me
1516 1969 1596 1990 nunc

127 2014 261 2053 faciam,
278 2014 351 2045 scio.
389 2015 460 2045 DA.
487 2014 554 2044 Nec
581 2013 655 2052 quid
681 2014 717 2044 de
742 2022 801 2042 me.
848 2011 959 2050 Magis
985 2008 1150 2040 comicum
1176 2005 1311 2036 videtur
1328 2003 1518 2034 absolutum
1536 2012 1595 2032 me.

137 2057 246 2088 west.
290 2058 382 2094 Lege
401 2057 466 2087 Nee
482 2057 557 2096 quid
571 2065 629 2090 me,
645 2064 673 2085 α.
689 2055 714 2085 i.
758 2055 929 2085 Venustas
947 2063 965 2083 a
980 2051 1186 2091 repetitione
1210 2052 1280 2078 tota
1297 2053 1359 2077 est.
1385 2047 1482 2076 Bene.
1529 2046 1596 2076 Nec

135 2101 174 2131 (le
197 2110 245 2130 me
270 2100 409 2140 equidem
432 2099 523 2129 Mur.
541 2103 576 2130 et
593 2096 739 2137 Sandby.
788 2097 855 2126 Nee
881 2096 954 2136 quid
979 2105 1049 2130 me;
1072 2096 1105 2123 at
1131 2092 1164 2122 id
1187 2092 1288 2121 Both.
1340 2090 1403 2119 Nee
1429 2090 1466 2119 de
1492 2097 1540 2118 me
1565 2091 1597 2118 et

138 2143 275 2183 equidem
296 2142 332 2175 J.
369 2141 563 2172 Bentleium
588 2141 742 2180 sequitur
758 2139 852 2170 Perl.
900 2139 968 2168 Nec
991 2137 1112 2177 quidem
1128 2145 1185 2169 me,
1207 2137 1299 2173 atque
1314 2132 1347 2162 id
1364 2132 1423 2162 ΒΓ.
1442 2131 1481 2161 Ζ.
1530 2132 1596 2161 Nec

136 2186 233 2216 abest
251 2196 269 2216 a
286 2183 449 2216 Guelf.2.
473 2194 570 2225 quem
587 2193 663 2214 culn
682 2181 798 2214 Guelf.
815 2184 845 2212 3.
861 2181 977 2221 legere
993 2182 1030 2210 de
1046 2189 1092 2209 me
1109 2181 1225 2208 mouet
1246 2176 1398 2206 verr—9
1421 2174 1463 2205 R.
1481 2174 1595 2204 Dicam

137 2228 255 2268 aliquid
269 2238 317 2259 me
331 2227 448 2258 inveni.
473 2225 573 2258 Lind.
618 2226 687 2256 Pro
703 2226 772 2264 jam
788 2224 915 2254 habent
931 2234 977 2254 me
993 2223 1034 2252 V.
1059 2222 1138 2251 Bas.
1162 2225 1197 2250 et
1220 2218 1285 2249 duo
1300 2228 1318 2249 e
1335 2217 1461 2248 nostris
1487 2223 1597 2247 veter-

139 2271 233 2302 rimi:
259 2275 366 2302 recte.
391 2270 487 2301 Bent.
533 2271 594 2300 Fa.
611 2278 655 2299 ex
670 2268 751 2298 libb.
761 2267 830 2306 jam
845 2277 902 2297 me.
950 2266 1042 2296 Pet-l.
1060 2265 1116 2304 qui
1132 2262 1286 2303 sequitur
1300 2260 1505 2291 Bentleium.
1540 2260 1596 2290 Me

132 2314 202 2353 jam
218 2314 278 2345 ΒΓ.
308 2314 365 2344 Me
380 2313 467 2343 male
483 2312 602 2343 abesse
619 2311 661 2342 ab
679 2310 758 2343 edd.
774 2314 892 2340 censet
908 2309 1031 2340 Brnns.
1068 2308 1229 2338 Ceterum
1248 2308 1344 2334 notat
1362 2304 1473 2342 glossa
1488 2303 1519 2332 in
1537 2303 1596 2332 ΒΓ.

139 2356 181 2387 ad
198 2366 315 2388 vocem
330 2358 338 2372 ‘
352 2365 477 2387 moram
491 2354 510 2385 :'
534 2356 544 2373 ¹
562 2353 662 2385 Vel?
707 2353 952 2393 Interrogatio‚
967 2352 1013 2381 ait
1029 2351 1155 2387 Bruns,
1172 2347 1331 2378 convenit
1348 2346 1488 2376 consilio
1505 2346 1595 2376 anci-

139 2399 204 2440 piti
224 2409 291 2440 quo
312 2408 348 2429 se
374 2399 506 2429 haerere
528 2397 739 2428 aiebat.—10
765 2396 832 2426 Pro
860 2395 927 2425 Ohe
952 2393 1063 2425 scribe
1090 2392 1152 2427 Oh,
1177 2395 1279 2430 atque
1306 2389 1389 2428 agis,
1412 2387 1502 2429 quod
1529 2388 1595 2418 duo

140 2442 241 2473 codd.
266 2441 406 2479 habent,
431 2451 492 2481 pro
515 2441 574 2479 ais,
601 2444 638 2470 ut
659 2440 732 2479 quid
756 2439 845 2477 agis?
870 2438 911 2467 sit
931 2437 1005 2476 ipsa
1022 2435 1143 2474 ironia,
1157 2435 1245 2464 sicut
1271 2433 1280 2449 ‘
1301 2432 1388 2462 boue
1405 2431 1478 2462 vit·.'
1500 2431 1597 2462 Bent.

140 2483 197 2516 Ad
221 2494 338 2515 vocent
359 2484 426 2514 Ohe
442 2484 533 2514 Perl-
550 2487 666 2514 notat:
693 2483 702 2499 ‘
720 2482 803 2512 Var.
821 2482 853 2511 in
870 2480 952 2511 libb.
978 2480 1055 2513 Olte,
1075 2478 1136 2515 Oh,
1153 2477 1234 2510 Heo,
1256 2473 1420 2505 Ehodum?
1470 2474 1520 2503 Oh
1536 2474 1597 2504 dat

141 2527 242 2558 Both.
257 2527 328 2566 agis
344 2526 436 2557 Perl.
481 2527 551 2556 Pro
580 2526 646 2556 Olze
672 2524 774 2555 habet
800 2525 858 2554 ΒΓ.
884 2523 967 2560 Hm,
990 2526 1025 2552 et
1049 2530 1110 2560 pro
1139 2519 1278 2549 Eliadum
1302 2517 1405 2547 habet
1422 2517 1492 2547 Heo
1513 2517 1597 2546 (Ιιιηι.

143 2570 153 2586 ‘
169 2570 230 2601 Ais
254 2579 315 2612 pro
339 2569 410 2609 agis
431 2567 548 2600 Guelf.
564 2571 594 2599 3.
643 2568 698 2598 Ita
725 2566 879 2598 centies.'
907 2566 1076 2596 Perl.-ll
1103 2562 1220 2593 Misere
1237 2562 1293 2591 dat
1310 2559 1501 2591 Botit.-—12
1526 2560 1596 2590 110<-

798 2639 939 2672 NOTAE

187 2711 227 2739 10
254 2706 409 2747 Ehodum]
431 2695 631 2747 Interjeetio
654 2704 695 2736 ad
722 2714 757 2735 se
783 2714 840 2736 vo·
897 2706 1018 2741 teratu,
1035 2706 1072 2733 ut
1088 2711 1165 2732 mox
1183 2699 1294 2731 infra:
1321 2699 1329 2716 ‘
1348 2699 1423 2731 011!
1451 2699 1513 2730 tibi
1532 2709 1596 2737 ego

144 2758 265 2790 cantis.
897 2761 934 2786 ut
951 2754 1101 2793 credam,
1119 2751 1259 2784 furcifer
1273 2750 1299 2780 ?'

189 2811 228 2839 12
255 2807 320 2848 Oh]
345 2807 555 2840 Admirantis
576 2811 641 2846 est,
665 2816 740 2837 cum
763 2815 841 2837 con-
