1903 3306
566 232 792 263 EUNUCHl
826 232 1031 263 ACT.111.
1064 234 1132 264 sc.
1166 236 1211 264 v.
1528 225 1613 267 4623

157 326 281 378 Quid
300 331 382 377 est,
402 327 520 381 quod
541 327 673 369 laetus
692 327 789 368 sis?
811 326 917 381 quid
937 326 1020 370 tibi
1040 328 1142 369 vis?
1165 327 1296 370 satin’
1318 342 1452 370 sanus
1468 331 1488 371 Ἰ
1510 330 1616 384 quid

329 409 398 436 me
420 400 631 449 aspectas
648 396 666 435 Ἰ

156 462 278 513 Quid
297 464 454 504 taces?
517 463 604 504 CH.
641 462 679 502 Ο
703 462 842 503 festus
865 462 957 502 dies
980 462 1193 502 hominis!
1219 463 1374 512 amice,
1393 464 1529 504 salve.

157 529 304 571 Nemo
325 529 382 570 'st
400 529 642 579 hominum,
675 543 809 583 quem
842 542 923 582 ego
945 542 1060 570 nunc
1081 530 1222 582 magis
1243 543 1446 584 cuperem
1468 531 1617 572 videre

331 610 464 651 quam
486 601 546 640 te.

159 685 208 716 hic
231 684 352 716 habitus
374 687 517 716 denotat?
557 685 642 721 Quid
667 689 714 716 est
736 685 815 725 quod
839 688 960 716 tautam
985 685 1130 715 laetitiam.
1152 685 1325 725 exprimis?
1364 685 1448 720 Quid
1472 687 1530 717 tibi
1553 687 1621 717 vis?

160 728 286 760 Satisne
299 729 404 768 sapis?
430 728 513 764 Quid
530 738 575 758 me
592 729 745 759 intueris?
771 727 855 763 Quid
870 728 961 758 siles?
1006 728 1073 759 CH.
1100 729 1129 757 0
1145 729 1237 759 loetus
1253 731 1282 758 et
1290 728 1420 766 faustus
1436 730 1512 761 mihi
1528 730 1618 760 dies!

158 770 267 812 amice,
280 772 386 811 salvus
399 771 453 802 sis.
501 771 599 802 Nemo
615 774 660 802 est
675 770 821 810 omnium,
850 781 939 811 quem
954 780 1010 809 ego
1036 781 1115 801 nunc
1134 771 1234 810 magis
1249 781 1389 812 cuperem
1405 772 1509 803 cidere
1531 783 1621 813 quum

767 855 1007 867 eoeaeoeeeNte

159 909 286 941 tionem
303 909 408 951 aliqui
423 909 502 941 libri
529 910 654 942 nullam
676 911 826 952 habent3
850 912 953 954 aliqui
980 922 1059 944 vero
1088 913 1152 943 hoc
1178 912 1291 952 modo,
1314 916 1367 944 aut
1391 914 1465 953 quid
1487 914 1563 946 sibi.-
1587 915 1621 946 in

158 953 253 984 nullo
268 957 335 993 est,
358 953 489 993 quidve:
512 954 600 984 utin
617 955 802 995 impressis.
828 956 886 986 Fa.
933 956 1046 986 Etiam
1077 957 1182 986 nostri
1209 956 1366 995 plerique
1394 958 1621 996 disiunctione

157 1005 194 1026 ve
221 996 274 1026 vel
297 999 352 1027 aut
377 1002 515 1035 carent;
540 1006 651 1036 neque
678 998 779 1027 aliter
797 1002 866 1028 stat
892 1008 1023 1029 versus.
1048 999 1144 1028 Bent.
1190 999 1256 1029 Aut
1273 999 1345 1038 quid
1361 999 1422 1030 sibi
1436 1000 1516 1032 Vet.
1534 1001 1619 1032 (jod.

159 1037 257 1069 Lind.
302 1038 358 1069 Ita
375 1038 434 1069 ΒΓ.
451 1043 486 1069 et
502 1038 620 1070 Guelf.
645 1042 675 1070 3.
723 1040 779 1071 Sic
804 1041 897 1071 delet
920 1041 1023 1071 Both.
1067 1042 1142 1072 Dat
1165 1041 1261 1071 Perl.
1285 1042 1359 1080 quid
1380 1046 1449 1073 est?
1470 1044 1548 1083 quod
1576 1043 1621 1074 sic

156 1082 364 1119 gestis?-11
388 1081 497 1112 Loetus
512 1092 543 1112 es
559 1083 645 1122 lege.
674 1083 765 1113 Bent.
810 1084 924 1122 Vulgo
949 1085 970 1113 ι.
991 1084 1045 1114 sis.
1090 1083 1158 1114 Sed
1185 1090 1337 1114 nostrum
1363 1085 1426 1125 [sc.
1442 1087 1462 1115 l.
1478 1085 1524 1125 es]
1553 1096 1624 1117 rec-

160 1124 243 1154 tius.
264 1123 342 1163 Bip.
362 1133 437 1163 quae
462 1124 661 1164 ‘aspectas’
687 1125 796 1156 trudit
821 1135 897 1156 cum
927 1127 981 1157 ed.
1007 1126 1136 1166 Delph.
1165 1127 1197 1156 in
1225 1136 1357 1157 versum
1387 1130 1438 1158 12.
1485 1129 1541 1159 Sic
1564 1129 1624 1161 dat

161 1166 328 1197 Bothius:
356 1166 442 1200 Quid
465 1167 555 1198 laetus
581 1171 632 1198 es?
654 1168 727 1207 quid
751 1169 797 1198 vis
822 1168 892 1206 tibi,
918 1170 971 1207 ᾅό.
1017 1169 1119 1199 Sanus
1146 1179 1177 1200 es
1201 1169 1317 1200 Guelf.
1333 1172 1364 1200 2.
1384 1172 1504 1201 3.—1·2
1528 1172 1620 1212 Guy.

160 1208 394 1249 Eugraphium
420 1214 572 1247 secutus,
606 1211 774 1250 expungit
799 1210 836 1241 τὸ
862 1211 1006 1242 hominis.
1053 1212 1175 1252 Neque
1206 1211 1347 1243 ferenda
1378 1213 1514 1244 videtur
1545 1224 1624 1245 con-

160 1251 306 1283 structio
331 1251 522 1292 verborum,
542 1252 644 1289 festus
659 1253 725 1283 dies
740 1253 883 1285 hominis.
930 1254 1174 1293 Conjiciebam,
1199 1254 1324 1286 dixisse
1349 1254 1505 1287 fortassis
1528 1257 1624 1288 Chae-

160 1303 276 1325 ream:
303 1293 451 1332 Ofestus
464 1294 554 1326 dies!
578 1295 664 1325 homo
688 1296 760 1327 mi!
781 1298 877 1327 amice
901 1296 1010 1327 salve!
1037 1298 1102 1335 vel,
1127 1298 1155 1327 Ο
1171 1296 1278 1335 festus
1303 1298 1393 1329 dies!
1415 1309 1432 1328 ο
1462 1300 1504 1330 mi
1529 1300 1626 1331 unzice

158 1336 268 1368 salte!
316 1337 391 1368 Nisi
408 1336 497 1368 forte
517 1348 577 1377 per
593 1339 797 1379 hypallagen
821 1339 918 1378 dixit,
931 1340 1036 1377 feslus
1061 1340 1126 1371 dies
1154 1341 1297 1379 hominis,
1322 1351 1396 1381 pro,
1420 1342 1518 1373 homo
1546 1343 1626 1374 festi

160 1379 240 1412 diei.
285 1379 411 1412 Quales
438 1380 557 1412 Graeci
583 1386 746 1412 vocantur
770 1381 948 1423 καλήμεροι.
994 1383 1175 1413 Turnebus
1197 1383 1343 1415 Advers.
1369 1394 1425 1416 111.
1450 1387 1502 1416 ll.
1520 1385 1626 1422 festus

159 1423 225 1453 dies
239 1422 371 1453 hominis
386 1422 514 1454 dictum
534 1428 634 1464 putat
649 1425 733 1455 mira
750 1426 892 1465 quadam
920 1430 956 1456 et
981 1435 1070 1457 nova
1095 1425 1231 1457 dicendi
1261 1427 1406 1465 ratione,
1430 1437 1491 1468 pro
1516 1427 1626 1460 fausto

159 1464 308 1504 homine,
329 1466 506 1505 auspicato
524 1471 559 1497 et
575 1471 720 1506 optato;
743 1468 966 1499 translatione
984 1468 1088 1499 ducta
1105 1479 1124 1499 a
1140 1469 1260 1500 diebus
1276 1469 1385 1502 festis.
1431 1471 1484 1501 Ex
1509 1472 1624 1512 Ampl.

160 1507 238 1539 Viri
251 1508 354 1538 Corn.
370 1518 432 1538 van
446 1509 694 1549 Bynkershoek
712 1509 915 1541 doctissimis
934 1511 1042 1541 literis
1061 1512 1233 1552 duplicem
1250 1512 1484 1553 conjecturam
1503 1514 1627 1553 didici;

160 1550 306 1590 seilicet,
331 1551 361 1581 Ο
375 1550 483 1589 festus
497 1552 564 1582 dies
576 1553 704 1583 homini.
750 1553 809 1592 Et,
835 1554 864 1584 Ο
880 1554 984 1592 festus
1008 1555 1073 1585 dies
1094 1555 1213 1585 ominis.
1259 1557 1411 1588 Quarum
1429 1560 1572 1597 utraque
1590 1568 1626 1588 se

162 1598 200 1625 et
224 1593 362 1624 minima
392 1595 592 1632 mutatione,
626 1600 660 1626 et
686 1596 816 1635 optimo
842 1606 943 1627 sensu
973 1597 1154 1637 approbat.
1192 1598 1290 1629 West.
1337 1599 1428 1631 Quid
1460 1609 1534 1630 cum
1560 1601 1625 1631 hoe

163 1636 261 1667 Versu
276 1635 461 1668 faciemus?
485 1647 527 1668 ex
542 1637 610 1668 fine
625 1643 775 1678 constat,
797 1640 1048 1670 Teti-ametrum
1066 1650 1140 1671 esse
1158 1640 1404 1672 Catalecticum
1420 1653 1427 1673 :
1453 1642 1510 1673 sed
1529 1643 1627 1674 initio

161 1678 332 1710 claudicat
346 1679 430 1709 illud
446 1682 538 1711 taces.
584 1680 738 1712 Donatus
755 1693 762 1712 ε
785 1682 793 1698 ⁴
809 1682 898 1714 Quid
917 1692 969 1712 me
987 1683 1169 1722 aspectas?
1193 1683 1273 1724 quid
1291 1685 1406 1715 taces?
1452 1685 1516 1715 His
1546 1686 1626 1716 dua-

162 1720 226 1752 bus
243 1721 583 1761 interrogatiunculis
600 1723 779 1764 descripsit
796 1725 926 1756 vultum
943 1725 1094 1757 dicturi.’
1132 1726 1343 1768 Quicumque
1358 1728 1418 1757 lioc
1436 1730 1630 1767 annotavit,

160 1763 320 1804 profecto
346 1774 414 1795 non
441 1765 578 1805 legebat
604 1769 696 1797 taces.
741 1768 922 1800 Quomodo
951 1769 1040 1798 enirn
1073 1769 1159 1804 Quid
1183 1772 1266 1800 taces
1296 1770 1464 1801 describit
1495 1772 1626 1802 vultum

161 1807 331 1839 locuturi?
376 1807 446 1838 Sed
471 1812 508 1839 et
532 1808 621 1839 aliud
649 1809 703 1840 hic
729 1810 840 1850 majus
868 1815 930 1849 est,
955 1811 1067 1842 Festus
1092 1813 1158 1842 (lies
1184 1812 1343 1843 hominis!
1376 1823 1475 1853 quau]
1504 1824 1626 1853 magno

162 1849 303 1881 emerim
318 1849 430 1890 hodie,
454 1855 493 1882 ut
507 1860 640 1882 sensum
659 1853 804 1893 aliquem
821 1853 897 1884 hinc
914 1854 1034 1894 aliquis
1049 1855 1238 1885 extundat!
1284 1856 1459 1887 Donatus:
1483 1859 1491 1873 ⁴
1505 1857 1625 1888 Festus

161 1891 236 1923 dies
250 1893 405 1930 hominis,
428 1903 502 1934 pro,
526 1894 638 1924 Homo
655 1893 734 1925 festi
750 1895 842 1926 diei!
888 1897 1027 1929 Quanto
1054 1897 1176 1928 melius
1204 1897 1317 1928 fuerat
1346 1899 1502 1935 tacuisse,
1526 1911 1625 1941 quam

160 1935 226 1966 hoc
254 1935 403 1966 dixisse!
451 1936 547 1967 Bene
575 1937 681 1977 igitur
714 1939 939 1978 Ettg1·apl1iuS‚
974 1940 1090 1972 ‘Quid
1121 1940 1198 1980 est‚’
1231 1941 1351 1980 iuquit,
1384 1942 1528 1973 ‘Festus
1556 1944 1627 1973 dies

161 1977 304 2009 hominis
317 1978 339 2008 ?'
382 1977 620 2018 Ignorantiam
637 1981 689 2010 hic
707 1991 799 2012 suam
817 1982 964 2012 candide
981 1982 1175 2022 profitetur.
1219 1984 1308 2014 Vide
1325 1994 1365 2014 an
1391 1994 1454 2023 ego
1483 1987 1626 2016 veterri-

161 2030 250 2051 mam
267 2024 302 2052 et
317 2021 527 2052 teterrimam
544 2022 655 2053 labem
671 2023 817 2055 feliciter
831 2024 909 2055 hinc
926 2026 1118 2056 sustulerim
1133 2037 1141 2057 ε
1168 2026 1252 2061 Quid
1265 2026 1370 2057 dices!
1393 2027 1522 2065 ofestus
1537 2029 1628 2059 dies!

163 2073 180 2093 ο
195 2073 279 2094 meus
292 2062 436 2094 amicus!
459 2064 551 2095 salve.
596 2065 709 2096 Festus
723 2067 790 2097 dies
806 2072 858 2097 est
874 2067 1080 2099 blandientis
1099 2069 1250 2107 dictum;
1274 2076 1307 2099 et
1335 2070 1368 2100 in
1397 2070 1446 2100 his
1471 2070 1626 2102 formulis

161 2106 370 2137 nominativo
387 2106 587 2146 utebantur,
610 2118 706 2149 aeque
723 2119 761 2139 ac
779 2110 947 2141 vocativo.
996 2111 1025 2140 O
1042 2121 1123 2142 mens
1139 2111 1363 2151 degeneravit
1379 2112 1413 2143 iu
1429 2114 1539 2144 ominis
1556 2115 1628 2145 sive

162 2149 307 2180 hominis.
354 2149 517 2180 Ceterum
535 2150 584 2180 vir
600 2151 755 2183 eruditus
770 2152 988 2183 memorabile
1006 2153 1058 2184 liic
1075 2153 1205 2184 facinus
1219 2153 1314 2192 fecit,
1331 2156 1445 2193 verba,
1462 2161 1499 2187 ut
1515 2159 1626 2188 versui

163 2192 370 2231 consuleret,
394 2191 442 2222 sic
459 2192 493 2222 in
511 2192 586 2233 ipso
601 2198 696 2224 textu
717 2194 912 2235 trajiciens:
940 2196 1025 2231 Quid
1039 2201 1083 2228 est
1100 2199 1180 2237 qnod
1195 2198 1287 2228 loetus
1302 2197 1370 2228 sis?
1392 2199 1465 2238 quid
1480 2200 1539 2230 tibi
1560 2201 1628 2231 vis?

163 2235 239 2274 quid
269 2244 317 2266 me
351 2238 509 2274 aspectas?
531 2237 606 2276 quid
629 2240 734 2267 taces?
778 2237 880 2268 Sutin’
904 2242 1017 2269 sanus?
1064 2241 1093 2270 0
1119 2239 1224 2277 festus
1253 2241 1319 2272 dies
1345 2242 1497 2272 hominis.-
1531 2245 1629 2274 amice

163 2277 265 2308 salte:
288 2278 422 2308 nescius
439 2278 582 2318 interea,
607 2289 643 2309 se
660 2280 778 2310 ordine
795 2281 843 2311 sic
857 2281 1035 2312 immutato
1052 2283 1253 2313 sententiam
1271 2288 1376 2314 totam
1394 2294 1627 2326 corrumpere.

164 2319 260 2352 Bent.
306 2321 358 2351 Ex
376 2321 465 2360 vulg.
484 2321 635 2352 editione
652 2323 763 2353 nullus
791 2323 931 2354 idoneus
960 2334 1076 2355 sensus
1103 2326 1253 2356 elicitur.
1300 2327 1402 2358 Bent.
1429 2329 1567 2368 conjicit
1600 2333 1628 2359 e)

156 2361 264 2400 festus
278 2362 366 2393 dies!
392 2364 422 2393 O
438 2373 520 2394 meus
535 2365 662 2395 amicus.
707 2366 852 2397 ‘Festus
877 2366 968 2397 dies'
999 2367 1205 2399 blandientis
1235 2369 1362 2400 dictum
1387 2378 1461 2401 esse
1490 2372 1628 2410 planum

165 2410 228 2436 est.
276 2405 421 2437 Gesner.
435 2406 468 2436 in
485 2407 585 2439 Thes.
603 2408 676 2439 Lat.
693 2418 722 2439 v.
749 2409 883 2447 Festus,
906 2416 939 2440 et
964 2409 1004 2440 cl.
1029 2411 1253 2452 Oudendorp.
1280 2411 1451 2452 putabant
1480 2414 1630 2452 Ofestns

165 2446 254 2478 dies!
278 2449 307 2478 0
332 2458 416 2479 meus
437 2449 566 2488 amicus,
591 2460 637 2482 sc.
663 2451 746 2482 dies.
795 2451 916 2483 Poetae
943 2452 1032 2483 diem
1061 2463 1170 2484 meum
1199 2454 1288 2485 diem
1316 2454 1462 2486 faustum
1493 2464 1628 2489 vocant.

167 2490 210 2521 R.
225 2491 271 2522 D.
317 2491 384 2521 Vix
401 2490 576 2522 ferendum
591 2498 644 2524 est
661 2493 768 2531 festus
783 2495 849 2525 dies
865 2495 1007 2534 Ιιοιηίηἱε,
1032 2496 1095 2526 nisi
1120 2495 1211 2527 forte
1240 2503 1294 2528 est
1321 2508 1395 2537 pro,
1419 2498 1518 2530 homo
1548 2500 1627 2532 festi

167 2532 245 2564 diei.
269 2533 358 2564 Perl.
402 2534 504 2565 Bent.
520 2533 643 2575 frigide
659 2537 734 2576 quid
749 2538 852 2568 dices?
875 2538 1045 2569 rescribit.
1086 2540 1114 2569 Ο
1131 2539 1234 2577 festus
1246 2541 1311 2570 dies
1324 2541 1473 2574 hominis.-
1498 2544 1547 2574 sic
1567 2555 1627 2584 ap-

167 2576 275 2615 pellat
304 2576 463 2614 amicum,
495 2577 552 2618 qui
582 2578 646 2618 ipsi
671 2579 879 2610 hilaritatem
907 2581 1054 2621 (qualem
1079 2580 1188 2613 festus
1216 2583 1305 2624 dies)
1336 2583 1469 2616 afferat.
1516 2587 1630 2617 Instar

166 2617 247 2650 festi
264 2618 332 2649 diei
352 2619 491 2649 advenis
507 2620 598 2660 mihi,
621 2621 720 2652 hodie
738 2623 881 2662 primum
903 2623 1041 2655 homiui.
1088 2624 1271 2656 Hominem
1299 2636 1335 2656 se
1362 2629 1467 2659 sensit
1491 2629 1626 2660 felicem

168 2670 295 2699 amore,
320 2667 356 2692 et
371 2671 485 2692 amore
501 2662 583 2693 nihil
606 2669 658 2694 est
681 2664 870 2696 humanius.
918 2666 1011 2697 Nihil
1036 2667 1141 2707 igitur
1172 2669 1317 2699 sensisse
1345 2670 1442 2701 nobis
1470 2672 1629 2703 videntur

168 2704 302 2743 Critici,
323 2704 379 2745 qui
393 2714 512 2745 parum
529 2711 672 2738 venuste
688 2707 762 2738 haec
777 2713 922 2740 tentant.
950 2709 1023 2748 Rip.
1048 2711 1272 2750 quae‘salve’
1299 2713 1446 2744 collocat
1475 2725 1548 2745 cum
1574 2716 1627 2746 ed.

169 2746 296 2787 Delph.
311 2748 342 2777 in
361 2757 409 2778 vs·
426 2749 593 2789 sequenti.
641 2750 735 2781 Taces
747 2751 840 2790 quid?
864 2752 923 2782 dat
950 2752 1052 2783 Both.
1083 2753 1152 2793 qui,
1175 2755 1184 2771 ‘
1201 2755 1323 2795 Neque
1347 2756 1480 2787 hominis
1504 2757 1631 2795 θήρῃ(

170 2789 232 2830 ait,
254 2790 334 2821 ‘sed
352 2795 445 2822 recte
461 2791 706 2824 additm·.'-13
732 2793 901 2825 Hominum
927 2804 968 2826 ex
996 2795 1081 2826 Mss.
1109 2796 1312 2836 quibusdam
1339 2798 1447 2830 edidit
1464 2800 1627 2832 Faernus.
