1903 3306
515 223 741 255 ΕυΝυωΗι
780 223 886 253 Aer.
922 223 984 251 ιν.
1019 222 1086 252 sc.
1123 222 1176 251 ιι,
1463 212 1550 253 473

100 322 274 363 interea
302 334 454 363 aurum
486 320 570 361 sibi
603 321 716 361 clam
749 319 899 360 mulier
931 318 1091 369 demit3
1124 318 1202 358 dat
1233 317 1337 357 mihi
1367 322 1411 358 ut
1434 321 1555 359 ause-

269 403 376 431 ram.

101 457 208 498 Hoc
228 463 295 498 est
318 457 429 510 signi
447 470 458 507 3
479 456 553 496 ubi
577 456 763 510 primum
788 455 962 508 poterit,
984 468 1029 495 se
1051 454 1169 495 illinc
1193 453 1423 503 subducet,
1448 455 1554 494 scio,

98 579 253 617 armillas,
280 581 440 619 ceteraque
469 581 650 609 ornamenta
671 587 766 608 aurea
793 576 852 608 sibi
871 577 968 609 Thais
992 577 1107 608 occulte
1129 576 1250 612 demit;
1275 577 1329 606 dut
1354 575 1429 606 mihi
1454 578 1487 605 ut
1503 584 1557 605 er-

98 626 238 662 portem.-
260 621 315 652 hoc
337 625 382 652 est
404 620 555 652 indicium
583 621 662 652 unde
690 620 764 658 scio,
786 621 887 660 illam,
910 620 962 651 ubi
983 621 1119 660 primum
1146 619 1272 659 poterit,
1293 619 1463 649 clanculum
1488 619 1558 649 inde

102 665 321 696 discessuram.

712 737 948 749 eeeeeeeeee

103 782 188 814 GM.
203 792 278 822 sup.
290 781 410 821 script.
435 780 635 812 ‘contendit
665 785 703 811 ut
730 780 984 812 adduceretur!
1027 780 1062 811 Si
1092 780 1166 821 quis
1185 784 1251 819 est,
1271 779 1325 820 qni
1350 780 1411 810 hac
1428 779 1560 810 nitatur

103 824 341 865 explicatione,
356 825 414 856 ille
432 829 510 864 post
538 825 547 841 ‘
562 823 725 855 tendere'
750 824 961 864 distinguere
978 823 1143 861 debebit;
1167 824 1199 855 id
1218 822 1309 864 quod
1339 821 1469 853 faciunt
1493 832 1560 853 non

103 867 214 907 pauci.
258 867 325 898 Sed
358 872 500 907 praestat
526 867 749 907 conjungere.
779 867 865 899 Perl.
911 867 1134 907 Conjungunt
1164 867 1264 897 Bent.
1296 865 1332 896 Z.
1354 866 1432 906 Bip.
1458 866 1562 897 Both.

103 910 183 942 Inde
204 910 384 950 adjurgium
407 911 552 942 Br.-—1:;
579 911 669 940 Clam
691 910 752 941 sibi
768 910 958 941 Boti1.-14
984 910 1080 940 Unus
1097 910 1194 940 Leid.
1217 910 1353 948 signum,
1369 909 1458 949 quod
1483 914 1562 948 post

102 958 268 984 mutatum
285 954 318 984 in
334 953 430 992 signi.
475 952 611 993 Guyeto
629 953 662 983 in
685 953 832 984 Schoiiis
856 954 941 984 Mss.
964 952 1002 983 τὸ
1024 953 1109 992 signi
1133 953 1206 984 ‘hic
1224 951 1343 982 nullius
1362 952 1463 992 pretii
1485 950 1563 982 est?

101 995 290 1027 Substituit
305 996 409 1037 igitur
423 995 511 1027 scin'.
558 995 638 1033 Sed,
652 1001 882 1037 praeterquam
901 996 990 1038 quod
1009 996 1214 1027 auctoritate
1232 994 1395 1026 Codicum
1414 994 1561 1025 destitu-

103 1039 183 1076 itur,
207 1048 389 1079 perperam
412 1037 522 1070 eidem
551 1048 705 1079 personae
736 1039 900 1071 tribuitur
925 1038 1003 1070 sciu’
1031 1043 1066 1069 et
1089 1040 1163 1070 scio.
1196 1039 1268 1069 ΕΡ.
1298 1037 1446 1077 potuerit.
1492 1038 1563 1068 No—

104 1082 180 1112 nius
203 1091 236 1114 v.
266 1082 478 1120 Subducere,
504 1082 589 1121 legit
605 1082 666 1112 illi.
712 1083 758 1112 Et
775 1081 865 1113 forte
893 1092 933 1114 eo
958 1082 1109 1122 respexit
1126 1082 1270 1120 Thraso,
1288 1079 1376 1110 infra
1394 1089 1443 1111 iv.
1459 1083 1491 1111 7.
1508 1083 1563 1111 25.

105 1127 114 1141 ‘
131 1125 177 1156 Et
193 1134 269 1156 cum
283 1134 324 1156 eo
341 1125 427 1156 clam
446 1129 478 1155 te
502 1125 664 1155 subduxti
681 1124 786 1156 mihi!
833 1125 876 1156 In
901 1126 974 1157 aliis
999 1130 1052 1157 est
1067 1125 1162 1156 illico.
1190 1125 1296 1156 West.
1343 1123 1477 1162 Signum
1495 1123 1562 1154 ET.

111 1167 193 1198 EM.
238 1168 290 1199 Id.
306 1168 340 1199 in
355 1169 438 1199 Add.
483 1167 557 1199 Sese
572 1167 627 1199 ed.
643 1168 770 1208 Delph.

766 1243 907 1275 NOTAE

151 1320 191 1349 12
214 1318 253 1349 In
278 1318 449 1349 convivium
477 1318 581 1359 illam]
607 1317 648 1349 In
670 1318 809 1350 Graecia
864 1329 960 1351 aures
977 1319 1121 1351 Veneris
1136 1318 1309 1350 vocabulis
1330 1317 1434 1348 imbui
1452 1318 1567 1348 nolue-

105 1377 171 1399 non
188 1367 456 1399 admittebantur
476 1368 633 1409 ingenuae
650 1369 808 1399 mulieres
864 1370 968 1402 runt!

104 1419 147 1450 ad
178 1418 346 1456 0⁰¹¹V‘1V332
374 1418 440 1448 nisi
475 1418 743 1460 propinquorum
775 1424 809 1450 et
910 1425 949 1453 13
973 1422 1100 1453 Interea
1112 1431 1220 1452 aurum
1236 1420 1294 1451 sibi
1306 1422 1384 1451 clam
1395 1419 1567 1451 muliercle-

106 1473 342 1510 cognatorum,
361 1473 398 1499 ut
422 1469 599 1500 Cornelius
622 1469 739 1509 Nepos
758 1479 809 1501 re·
865 1472 937 1512 mit]
962 1473 1003 1504 Id
1031 1472 1154 1513 agebat
1177 1472 1290 1509 Thais,
1311 1481 1352 1501 ne
1377 1479 1439 1510 pro
1456 1470 1570 1510 puella

107 1518 185 1550 fert.
217 1519 326 1550 Varro
343 1518 433 1560 apud
452 1518 601 1551 Nonium
617 1520 665 1551 sic
682 1519 808 1551 refert:
865 1523 946 1554 data
963 1524 1071 1564 ipsam
1081 1522 1243 1562 spoliaret
1253 1522 1370 1561 Miles,
1384 1520 1410 1551 si
1424 1520 1454 1551 ei
1471 1529 1569 1561 repen

105 1570 232 1610 ‘Virgo
263 1570 304 1600 de
335 1571 490 1602 convivio
515 1570 708 1609 abdicatur,
732 1571 810 1603 ideo
866 1574 953 1605 tenti
972 1573 1137 1615 virginem
1153 1578 1324 1613 negasset.

107 1621 197 1663 quod
218 1621 362 1663 majores
383 1622 493 1654 nostri
515 1622 653 1663 virginis
670 1622 809 1655 acerbas

511 1872 715 1916 ACTUS
748 1872 838 1916 IV.
869 1873 1077 1917 SCENA
1108 1875 1175 1916 ΙΙ.

712 1990 965 2021 PHAEDRIA.

114 2059 234 2100 DUM
256 2070 332 2100 rus
353 2071 421 2108 eo,
443 2059 564 2113 coepi
584 2063 755 2113 egomet
775 2073 948 2101 mecum
969 2060 1084 2102 inter
1104 2059 1217 2109 vias,

114 2126 187 2168 Ita
206 2130 255 2169 ut
274 2126 339 2177 fit,
358 2126 436 2168 ubi
456 2126 563 2181 quid
581 2128 627 2168 in
648 2128 792 2168 animo
814 2132 882 2169 est
901 2127 1136 2177 molestiae,

113 2192 263 2236 Aliam
283 2207 372 2236 rem
393 2207 453 2236 ex
474 2194 563 2236 alia
582 2196 793 2248 cogitare,
816 2199 861 2236 et
885 2208 938 2236 ea
959 2195 1106 2236 omnia
1127 2196 1171 2236 in

115 2260 320 2316 Pejorem
341 2266 524 2316 partem.
585 2261 706 2314 Quid
728 2276 839 2318 opus
861 2267 932 2305 est
951 2263 1130 2304 verbis?
1155 2262 1261 2304 dum
1283 2263 1378 2305 haec
1399 2269 1526 2318 puto,

157 2382 229 2414 ΡΗ.
252 2383 341 2414 Dum
361 2383 395 2414 in
410 2383 517 2414 villam
530 2392 576 2424 eo,
591 2383 668 2425 coepi
688 2387 807 2423 egomet
822 2382 876 2425 (ut
893 2385 989 2416 solent
1004 2385 1057 2425 qui
1072 2384 1178 2425 aliqua
1190 2384 1380 2424 aegritudz'ne
1395 2385 1493 2416 animi
1508 2387 1579 2426 agi-

114 2424 241 2466 tantur)
256 2425 339 2457 inter
360 2427 493 2457 eundum
515 2428 553 2457 de
577 2427 641 2457 alia
655 2436 690 2457 re
709 2436 800 2467 super
819 2427 885 2458 alia
911 2427 1062 2467 cogitare,
1089 2431 1120 2459 et
1145 2437 1181 2458 ea
1205 2427 1308 2459 omnia
1333 2428 1366 2458 in
1392 2429 1579 2460 deteriorem

112 2470 235 2507 partem
259 2468 474 2510 interpretari.
520 2469 605 2505 Quid
625 2471 719 2510 ptura
746 2469 873 2503 dicam?
902 2471 975 2501 dum
997 2470 1064 2502 haec
1090 2471 1205 2510 cogito,
1232 2471 1321 2502 aliud
1344 2480 1453 2510 agens,
1479 2473 1578 2504 locum

724 2554 966 2567 mee

156 2608 177 2637 2
202 2606 265 2638 Ubi
290 2606 366 2647 quid
389 2606 424 2638 in
449 2606 552 2639 animo
569 2611 617 2639 est
641 2608 790 2640 molestioe
817 2608 924 2650 inagis
945 2608 1155 2642 Terentiana
1177 2609 1323 2651 phrasis,
1346 2619 1445 2650 quam
1470 2611 1579 2642 altera

116 2648 176 2680 ina
192 2649 305 2681 Pareo
321 2650 472 2690 laudata,
497 2651 551 2681 ubi
577 2650 653 2691 quid
679 2652 817 2682 animum
832 2656 879 2683 est
894 2653 1058 2684 molestia.-
1080 2653 1101 2685 i.
1117 2662 1147 2684 e.
1163 2653 1244 2685 edit.
1274 2653 1374 2684 West.
1421 2653 1502 2684 Par.
1520 2654 1576 2685 ed.

116 2701 160 2723 ex
175 2692 234 2724 lib.
248 2692 378 2724 Stanaei
394 2693 447 2724 ubi
462 2694 535 2734 quid
550 2694 687 2724 animum
702 2699 747 2724 est
764 2695 922 2727 molestiae.
949 2696 1109 2727 Peri.-3
1135 2696 1190 2726 Ex
1213 2695 1277 2727 alia
1302 2705 1337 2726 re
1362 2696 1394 2725 in
1419 2696 1578 2737 quibusd-

117 2734 218 2766 codd.
235 2739 299 2766 est.
327 2735 432 2767 West.
479 2736 590 2776 Magis
607 2746 650 2767 ex
667 2737 917 2769 consuetudine
933 2739 1086 2770 Terentii
1103 2743 1170 2778 est,
1187 2739 1215 2769 si
1242 2739 1289 2769 sic
1315 2737 1473 2777 refingis:
1499 2743 1528 2770 et
1543 2750 1579 2770 ea

116 2777 220 2809 omnia
234 2777 377 2817 PeJ'orem
391 2779 425 2810 in
437 2782 569 2821 partem.
592 2779 698 2812 Bent.
743 2779 958 2824 Obsequitur
974 2782 1145 2814 noun-4
1162 2782 1228 2813 Ms.
1248 2781 1343 2823 Lips.
1359 2785 1477 2822 reputo.
1523 2781 1580 2813 Ita
