1945 3296
317 220 374 261 74
881 228 944 257 DE
977 226 1226 256 'sni-:Arno

318 329 506 368 haberent
538 336 720 376 magnam
755 322 1035 360 salubritatem.
1108 316 1375 370 Replebantur
1409 331 1577 369 quoque,
1618 324 1782 356 auctore*

320 392 464 438 Plinio,
499 391 593 429 flore
613 389 715 427 croci
742 387 956 437 sylvestris,
992 391 1148 436 propter
1169 383 1368 422 oculorum
1391 381 1703 426 oblectationem,
1733 388 1778 419 ut

319 464 429 509 puto,
455 455 579 505 magis
598 465 716 504 quam
738 451 787 489 ad
809 450 966 487 odorem
989 447 1292 485 conciliandum.
1351 446 1455 490 Quin
1477 446 1590 482 etiam
1613 458 1661 482 ne
1683 445 1776 483 solis

321 521 435 560 ardor
461 527 528 558 aut
555 518 670 555 etiam
691 521 927 565 conspectus
961 510 1148 562 populum
1172 512 1220 548 ab
1249 511 1376 548 officio
1399 510 1634 555 deturbaret,
1655 515 1776 559 utque

321 585 515 625 salubrius
541 588 781 633 spectatores
808 576 1094 627 conspicerent,
1115 577 1222 624 (nam
1255 574 1427 624 porticus
1450 581 1604 624 propter
1635 573 1776 611 imbres

320 656 471 689 tantum
493 646 697 686 aedificatae
719 642 905 688 fuerunt,)
933 640 1158 690 excogitata
1184 647 1276 675 sunt
1297 638 1395 675 Vela
1416 645 1497 675 toto
1517 637 1698 682 Theano,
1720 646 1778 673 at-

321 728 396 765 que
418 713 516 751 adeo
535 710 608 761 ipsi
636 707 792 746 Tlieatri
826 717 957 743 caveae
993 709 1238 754 supertensa,
1269 715 1357 752 quae
1391 701 1674 752 spectatoribus
1695 713 1777 737 um-

320 780 428 816 bram
461 777 660 814 facerent:
692 769 796 821 quod
828 769 974 819 primus
1006 766 1178 804 omnium
1214 766 1361 803 invenit
1394 766 1442 809 Q.
1475 764 1655 808 Catulus,
1690 777 1776 801 cum

321 840 557 893 Capitolium
579 836 791 874 dedicaret.
849 832 1067 870 Carbasina
1087 830 1227 869 deinde
1248 830 1334 868 vela
1368 830 1509 880 primus
1541 829 1578 865 in
1610 829 1779 866 The-atro

321 906 478 944 duxisse
499 901 667 941 traditur
688 898 874 936 Lentulus
896 896 1079 948 Spinther
1099 895 1391 946 Apollinaribus
1414 893 1554 931 Ludis:
1586 905 1676 930 mox
1709 892 1780 941 (ait

319 970 486 1017 Plinius)
517 967 651 1004 Caesar
683 963 863 1001 Dictator
894 967 1019 998 totum
1051 960 1177 997 forum
1208 959 1429 995 Romanum
1461 956 1613 995 intexit.
1672 956 1777 993 Nero

322 1035 458 1072 Caesar
476 1031 585 1076 velis,
605 1027 833 1067 rudentibus
854 1024 1119 1076 superstratis,
1136 1031 1175 1061 et
1195 1023 1324 1061 colore
1347 1021 1434 1060 coeli
1455 1020 1601 1058 stellati
1618 1019 1780 1070 Amphi-

320 1099 514 1136 theatrum
535 1092 721 1138 contexit,
750 1099 794 1129 ut
814 1090 934 1127 solem
956 1089 1225 1127 defenderent.
1281 1088 1366 1124 Ima
1384 1085 1540 1123 Theatri
1562 1083 1689 1129 sedes,
1719 1083 1782 1121 vel

321 1162 450 1214 potius
481 1160 520 1198 id
554 1157 723 1209 spatium
754 1154 859 1205 qnod
881 1155 928 1191 ab
949 1154 1025 1191 ima
1046 1152 1138 1191 sede
1167 1150 1322 1189 Theatri
1344 1149 1598 1200 interjacebat
1618 1147 1781 1198 pulpito,

323 1226 536 1265 Orchestra
555 1222 771 1265 dicebatur,
802 1218 912 1269 quasi
940 1217 1195 1264 saltatorium,
1228 1215 1334 1267 quod
1365 1214 1457 1259 illic,
1490 1213 1595 1264 apud
1616 1212 1780 1250 Graecos

321 1298 361 1329 et
381 1289 484 1341 apud
514 1286 671 1324 Latinos
694 1283 946 1333 antiquiores,
976 1281 1165 1319 saltantes
1197 1280 1408 1318 histriones
1440 1277 1586 1329 populo
1606 1276 1780 1314 oblecta—

321 1356 465 1393 tionem
487 1352 681 1395 afferrent,
704 1348 850 1386 interea
870 1346 963 1384 dum
984 1352 1093 1383 actus
1110 1351 1455 1383 commutarentur.
1496 1341 1537 1377 In
1559 1353 1644 1378 eam
1664 1340 1780 1378 etiam

321 1416 548 1470 Thymelici,
579 1415 653 1453 hoc
673 1420 746 1458 est,
780 1410 1017 1456 Citharistae,
1040 1409 1268 1455 Citharoedi,
1288 1406 1484 1445 Tibicines
1506 1417 1598 1442 suas
1618 1411 1780 1456 praesta-

321 1485 417 1522 bant
433 1481 607 1520 actiones
628 1478 722 1530 ipsis
738 1476 901 1520 Graeeis,
917 1478 1034 1525 atque
1055 1473 1094 1510 id
1116 1473 1284 1524 spatium
1302 1468 1656 1521 comprehendebat
1677 1468 1782 1520 apud

322 1548 518 1597 antiquOS,
539 1542 645 1595 quod
665 1555 735 1580 ceu
758 1546 933 1578 centrum
949 1537 1106 1575 Theatri
1128 1537 1176 1574 ab
1200 1536 1277 1574 imo
1297 1534 1420 1586 gradu
1438 1531 1486 1570 ad
1507 1533 1697 1584 pulpitum
1721 1546 1784 1571 us-

322 1625 397 1664 que
418 1623 546 1648 scenae
568 1618 731 1645 vacuum
753 1603 1058 1654 relinquebatur.
1117 1601 1160 1638 In
1182 1600 1436 1639 Theatrorum
1471 1597 1679 1635 orchestris
1707 1596 1782 1646 (in-

322 1676 407 1727 quit
427 1673 594 1721 Plinius)
615 1671 732 1709 scobe
753 1675 821 1706 aut
841 1679 959 1705 arena
980 1666 1199 1717 superjecta
1219 1678 1294 1704 vox
1313 1665 1537 1709 devoratur,
1565 1669 1604 1699 et
1638 1661 1676 1698 in
1697 1660 1783 1699 rudi

322 1740 513 1791 parietum
533 1735 783 1786 circumjectu
801 1746 810 1771 ι
839 1738 1075 1783 quapropter
1106 1731 1285 1769 existimo
1306 1729 1425 1779 probe
1447 1726 1702 1766 emundatum
1723 1725 1783 1762 fu-

321 1806 414 1850 isse,
435 1803 466 1841 si
486 1801 644 1854 quando
665 1798 838 1850 pugilum
862 1795 982 1833 Ludis
1005 1808 1121 1833 arena
1141 1806 1355 1844 conspersa
1375 1792 1581 1830 videretur.
1640 1788 1783 1827 Novis-

323 1870 417 1907 sime
437 1874 565 1906 autem
586 1863 691 1915 apud
726 1863 925 1899 Romanos
959 1860 1158 1898 orchestra
1192 1857 1437 1896 senatoribus
1469 1855 1599 1892 dicata
1627 1853 1712 1899 fuit,
1742 1853 1782 1890 in

323 1946 398 1985 qua
414 1928 797 1970 honorificentiorum
813 1931 923 1963 erant
938 1925 1024 1961 loca
1039 1923 1260 1973 designata,
1275 1928 1432 1972 propter
1446 1917 1782 1957 commoditatem:

323 2005 368 2035 ut
386 1996 491 2042 inde,
512 2007 588 2031 non
611 1993 736 2030 solum
755 1990 873 2027 verba
893 1994 932 2026 et
952 1996 1100 2038 gestus,
1123 1986 1192 2024 sed
1216 1986 1329 2023 etiam
1352 1984 1494 2035 pedum
1515 1982 1722 2026 motiones,
1744 1988 1784 2019 et

322 2061 383 2099 vel
402 2059 558 2098 minima
577 2069 742 2107 quaeque
763 2052 1060 2103 conspicerent:
1091 2050 1289 2102 proximus
1323 2048 1423 2086 enim
1452 2048 1514 2085 hic
1535 2045 1678 2097 gradus
1700 2052 1783 2084 erat

324 2124 473 2176 pulpito
495 2134 637 2167 scenae,
658 2119 706 2156 de
727 2118 837 2169 cujus
857 2115 1140 2167 compositione
1161 2127 1250 2152 mox
1270 2111 1481 2150 dicendum
1501 2117 1574 2148 est.

390 2269 606 2308 POSITIO
638 2268 703 2305 ET
733 2262 1117 2303 CONSTRUCTIO
1149 2259 1340 2298 SCENAE
1368 2259 1425 2297 IN
1455 2255 1727 2295 THEATRO.

377 2379 479 2416 Ante
498 2377 722 2421 Theatrum,
743 2387 814 2412 ceu
844 2373 951 2410 frons
971 2370 1154 2422 quaedam
1175 2369 1313 2420 ipsius,
1346 2368 1473 2404 Scena
1498 2363 1679 2416 opposita
1698 2361 1784 2407 fuit,

325 2456 394 2494 pro
416 2456 454 2480 re
475 2448 568 2479 nata
588 2447 627 2477 et
648 2437 801 2489 agenda
822 2435 1024 2474 Comoedia
1045 2442 1112 2473 aut
1130 2432 1338 2484 Tragoedia
1366 2436 1587 2469 exstructa:
1621 2438 1700 2463 uno
1717 2432 1786 2462 aut

326 2508 448 2546 altero
478 2511 629 2542 tantum
667 2503 730 2540 die
752 2502 837 2538 usui
864 2500 1017 2537 futura:
1049 2498 1122 2536 nisi
1143 2498 1308 2534 fortasse
1340 2495 1495 2545 ligneus
1516 2497 1725 2542 apparatus
1745 2489 1783 2526 in

327 2571 475 2622 aliquot
507 2568 590 2605 dies
617 2566 864 2618 proferretur.
935 2562 1038 2599 Nam
1074 2561 1122 2598 de
1158 2560 1286 2598 scenis
1318 2556 1544 2601 sumtuosis‚
1573 2562 1612 2592 et
1644 2559 1785 2604 praeter

326 2631 651 2672 consuetudinem
674 2641 792 2678 supra
811 2625 969 2664 modum
1003 2624 1303 2666 luxuriantibus,
1324 2622 1385 2659 hic
1417 2632 1494 2657 non
1515 2617 1782 2667 intelligimus.

328 2699 372 2735 In
393 2697 496 2734 hunc
524 2701 653 2732 autem
688 2691 845 2730 modum
878 2690 1070 2740 disposita
1102 2695 1196 2733 erat,
1227 2692 1416 2737 quantum
1451 2695 1524 2734 ego
1559 2682 1784 2731 conjectura

329 2760 484 2812 assequi
514 2771 686 2811 possum.
755 2757 884 2794 Scene.
916 2754 1015 2791 binis
1043 2752 1295 2803 pluribusque
1324 2746 1681 2798 contignationibus
1718 2751 1784 2782 aut
