1903 3306
219 256 290 287 ιο.
325 251 541 285 LENcms
576 251 638 282 DE
673 248 894 281 RA'rioNE
928 248 1085 278 marm
1120 247 1337 277 TERENT.
1431 236 1514 278 195

243 448 329 490 DE
358 445 648 489 RATIONE
680 443 884 486 METRI
914 441 1325 484 TERENTIAM

567 534 597 576 J
603 534 656 575 O.
700 532 994 575 LENGIUS.

58 663 123 701 Dr,
141 663 272 701 metris
292 660 533 701 Terentianis
553 665 596 697 ut
617 660 737 697 multa
757 658 900 705 dicam,
934 670 1060 708 neque
1081 657 1248 695 instituti
1270 658 1391 696 nostri
1424 660 1510 697 bre-2

55 727 154 765 vitas
170 727 332 778 patitur3
363 732 403 764 et
431 723 596 775 plurimi,
626 723 691 774 qui
713 722 760 759 de
780 722 853 759 hac
873 734 913 758 re
933 721 1184 771 scripserunt,
1205 720 1274 758 viri
1296 721 1508 759 doctissimi

56 801 386 840 supervacaneum
404 787 483 825 fere
503 787 690 825 fecerunt.
748 784 824 822 Sed
846 784 1029 835 quoniam
1049 785 1086 821 in
1104 784 1218 821 variis
1241 784 1355 836 hujus
1374 793 1507 823 aucto-

56 853 107 891 ris
127 853 359 891 lectionibus
380 850 643 902 dijudicandis
664 850 774 887 metri
795 849 891 886 ratio
910 848 1016 885 haud
1045 861 1180 898 parum
1206 848 1332 899 juvat,
1363 849 1508 888 idcirco

55 929 181 967 pauca
200 916 394 968 quaedam,
414 929 502 966 quae
522 914 598 952 huc
619 920 810 965 spectant,
832 912 1104 963 praemittenda
1125 912 1321 951 duximus.

109 979 256 1018 Versus
290 979 420 1031 igitur,
450 978 592 1029 quibus
611 977 731 1015 utitur
749 975 966 1021 Terentius,
1001 982 1091 1013 sunt
1114 976 1342 1027 plerumque
1361 977 1421 1014 vel
1443 979 1510 1015 tri-

56 1043 168 1081 metri
196 1043 276 1081 sive
308 1043 460 1088 senarii,
493 1041 552 1079 vel
582 1039 792 1078 tetrametri
815 1052 882 1076 seu
903 1039 1118 1076 octonarii:
1150 1039 1323 1078 dimetris
1353 1041 1510 1091 quidem

56 1119 350 1159 nonnunquam,
379 1105 448 1145 sed
466 1105 603 1151 rarius,
623 1104 764 1148 utitur;
795 1103 1045 1141 monometris
1066 1103 1273 1143 rarissime.

589 1223 662 1261 DE
700 1222 963 1260 SENARIIS.

110 1297 257 1338 Notum
290 1305 351 1337 est
382 1298 564 1338 Senarios
595 1297 684 1336 olim
718 1297 909 1348 perfectos
932 1309 999 1334 sex
1020 1295 1187 1347 pedibus
1209 1295 1345 1334 iambis
1367 1295 1511 1334 consti=

55 1362 173 1402 tisse:
203 1363 331 1414 qualis
352 1370 434 1401 est:

216 1438 439 1477 Amantium
458 1437 524 1475 irae
545 1437 686 1475 amoris
704 1436 909 1487 integratio
929 1442 1000 1473 est.

57 1511 135 1550 Sed
154 1518 294 1565 praeter
311 1513 417 1551 hunc
436 1526 588 1551 versum
610 1513 745 1550 nullibi
775 1525 851 1550 mes
867 1525 1005 1562 purum
1034 1511 1237 1549 iambicum
1272 1510 1375 1561 apud
1405 1510 1510 1548 hunc

56 1583 252 1615 auctorem
287 1576 590 1628 deprehendisse
625 1575 781 1614 memini
800 1589 809 1613 ε
852 1574 957 1626 quod
994 1575 1110 1612 etiam
1144 1574 1237 1612 facit
1267 1581 1311 1611 ut
1341 1574 1509 1620 credam,

54 1640 295 1691 proverbiale
314 1639 389 1678 hoc
408 1640 528 1678 fuisse
549 1640 712 1685 dictum,
746 1640 794 1676 ab
829 1638 1044 1688 antiquiore
1071 1638 1203 1688 aliquo
1222 1639 1338 1689 poeta
1357 1646 1512 1675 mutua-

54 1710 152 1743 tum.
208 1704 361 1743 Deinde
382 1711 511 1742 autem
531 1710 729 1755 receptum
749 1709 823 1749 est,
856 1709 900 1740 ut
930 1710 1070 1753 praeter
1101 1701 1239 1753 pedem
1259 1702 1427 1739 iambum
1448 1702 1535 1744 tri-,

54 1767 227 1820 brachyn
246 1769 327 1819 (qui
342 1768 385 1806 fit
405 1774 445 1806 et
463 1767 697 1806 resolutione
717 1766 851 1814 iambi)
871 1765 986 1804 etiam
1007 1765 1219 1816 spondaeus
1236 1772 1275 1803 et
1290 1778 1424 1803 omnes
1445 1778 1512 1815 pe-

56 1831 126 1870 des
139 1832 205 1882 qui
220 1839 312 1870 sunt
328 1831 501 1883 ejusdem
516 1845 603 1870 cum
620 1830 809 1882 spondaeo
823 1830 1007 1881 temporis
1024 1834 1180 1880 (praeter
1192 1828 1514 1879 amphibrachyn)

55 1896 94 1933 in
116 1895 275 1934 sedibus
294 1895 516 1948 imparibus,
544 1908 685 1945 nempe
705 1896 840 1946 prima,
872 1894 1000 1939 tertia,
1031 1893 1168 1944 quinta
1187 1892 1484 1930 admitterentur
1502 1906 1510 1935 ;

54 1959 164 1999 locos
183 1973 311 2011 pares,
343 1960 368 1998 i.
391 1973 425 1998 e.
458 1959 686 2007 secundum,
717 1966 913 2011 quartum,
949 1964 1101 1998 sextum
1122 1963 1340 2007 occupante
1361 1956 1513 1994 interim

57 2023 142 2062 solo
171 2025 313 2063 iambo.
371 2024 607 2075 Hujusmodi
641 2038 776 2063 versus
798 2024 902 2076 apud
923 2023 1085 2060 Graecos
1107 2028 1185 2058 tam
1206 2020 1376 2058 comicos
1399 2032 1514 2071 quam

56 2087 227 2139 tragicos
247 2088 506 2134 usitatissimi,
528 2087 632 2139 apud
653 2095 828 2126 nostrum
850 2093 1048 2124 auctorem
1070 2084 1278 2130 interdum,
1296 2083 1365 2121 sed
1386 2084 1513 2121 minus

55 2152 290 2203 frequenter,
311 2158 503 2203 apparent
519 2165 528 2189 ε
558 2158 600 2189 ut
617 2164 625 2189 :

216 2226 373 2265 Accede
392 2226 442 2264 ad
462 2228 591 2277 ignem
610 2226 728 2272 hunc,
750 2225 832 2275 jam
852 2224 1023 2263 calesces
1045 2224 1132 2275 plus
1155 2223 1265 2262 satis.

57 2302 261 2340 Postremo
280 2301 411 2352 igitur,
440 2306 483 2338 ut
501 2307 664 2338 metrum
685 2299 873 2337 cornicum
896 2298 944 2336 ad
968 2311 1184 2337 sermonem
1205 2297 1402 2348 vulgarem
1426 2309 1514 2347 pro-

56 2366 144 2417 pius
166 2365 382 2411 accederet,
411 2364 460 2402 de
486 2363 578 2402 sede
611 2370 720 2401 sexta
740 2370 888 2401 tantum
911 2362 990 2400 sive
1011 2363 1147 2399 ultima
1170 2361 1310 2398 soliciti
1332 2374 1417 2398 esse
1439 2373 1516 2397 coe-

57 2436 209 2480 perunt,
247 2436 291 2468 ut
323 2429 447 2480 ipsam
480 2442 632 2480 semper
664 2429 814 2465 iambus
851 2433 1085 2477 occuparet;
1127 2426 1166 2462 in
1200 2425 1337 2463 ceteris
1373 2431 1515 2469 autem,

59 2493 270 2532 dummodo
290 2493 504 2531 trochaeum
535 2492 801 2537 excluderent,
831 2491 924 2528 satis
954 2490 1187 2534 habuerunt,
1218 2488 1250 2525 si
1284 2487 1344 2525 vel
1378 2487 1516 2525 tribra-

58 2557 176 2607 chyn,
204 2557 266 2596 vel
287 2556 532 2608 spondaeum,
551 2556 612 2594 vel
634 2556 821 2606 spondaeo
839 2553 985 2605 (quoad
1007 2553 1200 2603 tempora)
1226 2565 1357 2603 parem
1378 2551 1513 2601 dacty-

58 2623 152 2668 lum,
182 2627 439 2672 anapaestum,
471 2619 858 2672 proceleusmaticum
891 2630 960 2668 pro
996 2617 1105 2654 libitu
1137 2621 1384 2666 usurparent.
1442 2615 1517 2652 Per

60 2685 271 2724 trochaeum
293 2691 434 2730 autem,
451 2697 565 2734 quem
583 2695 781 2733 nunquam
801 2681 970 2719 admittit
987 2693 1140 2718 carmen
1159 2679 1381 2723 iambicum,
1398 2678 1515 2715 istum

63 2761 213 2799 semper
243 2748 419 2800 intelligo
453 2747 606 2799 pedem,
639 2746 748 2797 cujus
770 2746 929 2796 primam
951 2744 1140 2797 syllabam
1162 2743 1320 2794 longam
1344 2742 1517 2793 sequitur
