1903 3306
551 228 777 259 EUNUCH!
813 227 922 257 Ac'r.
954 227 1030 257 111.
1063 227 1132 257 sc.
1166 228 1210 257 v,
1521 217 1604 258 46ῑ

149 327 197 369 Is
219 331 298 378 est,
333 338 477 368 annon
499 325 602 366 est?
633 325 758 378 ipsus
776 326 856 365 est.
919 321 1040 371 Quid
1070 321 1155 362 hoc
1185 321 1400 363 hominis!
1432 322 1508 375 qui
1530 321 1602 361 hic

321 392 491 436 ornatu'
512 397 580 434 est
595 394 614 433 2

150 462 274 513 Quid
294 461 403 503 illud
424 461 529 501 mali
548 462 646 502 est?
668 472 838 512 nequeo
861 458 968 499 satis
989 458 1154 507 mirari,
1176 471 1318 511 neque
1340 457 1574 510 conjicere.

149 530 256 571 Nisi
286 529 499 584 quicquid
521 534 603 578 est,
625 528 780 583 procul
801 527 902 568 hinc
931 527 1048 567 lubet
1068 526 1204 580 prius,
1225 525 1333 579 quid
1355 525 1429 574 sit,
1453 526 1606 565 scisci-

320 597 420 637 tari.
510 609 520 622 ³
1550 592 1606 632 10

147 681 258 715 ditur?
284 684 355 714 Isne
370 683 433 724 ipse
459 686 516 722 est,
542 693 582 714 an
606 683 710 713 alius?
740 682 775 713 Is
794 682 859 722 ipse
873 685 930 713 est.
978 681 1130 715 Quaenam
1157 681 1221 712 hoec
1245 681 1359 721 species
1384 685 1430 712 est
1453 681 1607 712 hominis?

150 727 231 763 Quis
241 727 290 757 hic
305 726 448 757 habitus?
474 726 559 761 Quid
579 726 627 756 illi
641 726 715 756 mali
736 728 837 765 potest
853 723 1018 755 accidisse?
1044 725 1166 764 Nequeo
1185 723 1264 754 sutis
1279 724 1400 762 mirari,
1422 734 1515 763 neque
1536 735 1605 754 coie-

139 769 250 808 jicere,
272 769 346 809 quid
360 769 415 800 hoc
433 769 481 799 rei
494 769 555 800 sit:
579 770 634 799 sed
660 768 804 808 quicquid
828 771 887 807 est,
910 768 1000 806 longe
1013 767 1084 798 hinc
1098 778 1118 797 α
1139 767 1261 807 publica
1276 767 1327 797 ria
1342 767 1420 797 illud
1443 768 1519 797 clam
1542 768 1607 799 volu

145 821 334 851 cognoscere.

919 862 998 874 ,ΝΟ

147 919 247 953 Lind.
269 919 385 960 legere
409 919 451 949 R.
473 918 531 949 Ibo
557 919 597 949 ad
623 928 705 956 eum,
727 917 836 954 visam,
861 921 897 948 et
924 917 988 948 Sed
1012 917 1230 957 quisnam—8
1255 915 1398 957 Aliquot
1424 926 1466 947 ex
1482 917 1608 948 nostris

146 963 220 1004 quid
241 963 296 994 hoc
321 962 478 993 ornatist?
511 962 631 992 Recte.
656 961 756 992 Bent.
804 960 907 1000 Vulg.
935 969 1001 991 non
1030 970 1128 1000 aeque
1155 965 1285 1000 aptum.
1308 960 1385 1000 Bip.
1419 960 1474 1000 qui
1507 960 1607 992 Bent.

146 1006 300 1047 sequitur
316 1015 392 1036 cum
410 1004 512 1036 Both.
528 1009 564 1035 et
580 1004 671 1035 Pei-l.
689 1003 744 1044 qui
761 1008 878 1033 monet
895 1003 976 1033 dare
995 1002 1114 1034 Guelf.
1143 1005 1172 1032 3.
1199 1003 1249 1033 hic
1271 1012 1337 1033 orn.
1386 1003 1471 1038 Quid
1486 1003 1541 1032 hoc
1556 1003 1608 1033 ho-

146 1049 240 1080 minis
254 1052 321 1079 est?
343 1048 397 1088 qui
411 1047 462 1078 hic
475 1050 602 1078 ornatus
619 1047 746 1078 Br.-9
770 1045 855 1080 Quid
876 1045 926 1076 illi
953 1045 1068 1077 Guelf.
1084 1047 1201 1077 3.-10
1224 1044 1317 1077 Libet
1333 1045 1377 1077 G.
1393 1046 1477 1077 EM.
1505 1046 1607 1077 IVest.

148 1092 206 1123 Sic
222 1092 281 1123 ΒΓ.
296 1096 332 1122 et
347 1090 402 1122 ed.
420 1090 546 1130 Delph-

784 1140 928 1175 NOTAE

200 1213 221 1242 8
258 1210 343 1245 Quid
371 1209 426 1240 hoc
455 1207 604 1248 hominis]
641 1204 732 1239 Haec
771 1211 852 1238 sunt
949 1210 991 1238 10
1013 1208 1129 1239 Procul
1151 1207 1238 1250 hinc]
1261 1207 1292 1239 Α
1317 1207 1454 1249 publica
1475 1208 1539 1248 via,
1559 1217 1610 1239 se-

147 1260 254 1292 verba
282 1260 434 1291 habitum
463 1264 499 1290 et
526 1258 669 1290 formam
698 1258 854 1290 Eunuchi
907 1260 1008 1291 motis
1024 1260 1172 1292 arbitris.

149 1311 306 1343 mirantis
323 1311 357 1342 in
371 1310 528 1343 Chaerea.

533 1556 741 1599 ACTUS
776 1556 866 1598 III.
928 1555 1137 1598 SCENA
1171 1555 1229 1597 V.

632 1669 864 1699 CHAEREA.
895 1669 1135 1699 ANTIPHO.

151 1750 241 1793 CH.
273 1749 517 1799 NUMQUls
537 1749 610 1790 hic
631 1750 731 1790 est'?
763 1760 893 1789 nemo
915 1751 1006 1788 est:
1026 1747 1232 1800 numquis
1251 1746 1351 1787 hinc
1371 1759 1440 1787 me
1463 1747 1610 1800 sequi-

323 1818 423 1858 tur'?
445 1829 576 1858 nemo
598 1816 731 1857 homo
753 1816 818 1857 ’st

149 1885 179 1927 J
183 1896 306 1926 amne
327 1896 553 1937 erumpere
572 1883 656 1924 hoc
675 1883 779 1924 licet
798 1882 904 1923 mihi
922 1880 1160 1935 gaudium?
1181 1893 1261 1934 pro
1283 1879 1486 1934 Jupiter!

151 1952 286 1994 Nunc
307 1956 377 1992 est
396 1951 613 2005 profecto,
635 1951 821 1992 interfici
842 1964 941 1992 cum
963 1949 1134 2004 perpeti
1154 1962 1224 1990 me
1244 1961 1440 2003 possum,

196 2070 266 2102 CH.
291 2070 371 2106 Quis
395 2071 446 2102 hic
470 2075 538 2103 est?
562 2071 662 2102 Nemo
684 2074 742 2102 est.
802 2070 890 2101 Num
913 2080 952 2101 ex
978 2070 1065 2101 domo
1093 2068 1221 2100 Thaidis
1247 2068 1359 2108 aliquis
1385 2069 1474 2107 exiit,
1500 2069 1540 2098 ad
1567 2077 1614 2098 me

149 2115 355 2153 sequendum?
380 2115 477 2145 Nemo
493 2115 652 2155 quisquam
667 2118 724 2145 est.
770 2114 882 2144 Jamne
900 2116 1054 2143 retentum
1069 2112 1101 2143 in
1116 2112 1217 2143 animo
1238 2111 1389 2151 gaudium
1416 2112 1494 2152 quod
1515 2111 1614 2142 sentio

150 2156 228 2187 milii
239 2157 378 2198 proferte
393 2157 486 2188 licet?
517 2158 546 2188 Ο
561 2156 710 2198 Jupiter!
741 2166 821 2187 nunc
836 2160 952 2196 tempus
967 2159 1025 2196 est,
1039 2166 1107 2186 cum
1122 2155 1198 2187 mihi
1212 2159 1341 2186 mortem
1355 2155 1466 2193 inferri
1484 2155 1613 2196 permit-

763 2239 1005 2252 &evm-‘eene‘-

195 2305 212 2334 1
239 2303 396 2344 Numquis
422 2301 496 2335 hic?
542 2302 670 2334 Nescio.
717 2302 805 2333 Num
820 2312 867 2333 me
882 2302 952 2342 quis
965 2299 1059 2332 hinc?
1104 2301 1204 2331 Nemo
1228 2301 1261 2331 h.
1286 2303 1333 2331 est
1357 2299 1523 2330 Both.—2
1547 2299 1613 2330 Re-

152 2354 258 2386 pono,
277 2347 392 2378 Jamne
407 2356 548 2386 rumpere
561 2347 617 2376 hoc
631 2345 708 2376 mihi
723 2345 794 2376 licet
805 2348 818 2375 P
860 2345 926 2375 Pro
941 2353 1079 2383 supreme
1092 2343 1246 2383 Jupiter!
1288 2343 1297 2359 ‘
1311 2342 1387 2374 Hoc
1409 2342 1418 2356 '
1433 2347 1616 2381 secretum,

153 2389 243 2430 quod
260 2399 390 2429 premo.
435 2390 596 2420 Ceterum
624 2388 758 2419 Nonius
784 2397 817 2418 v.
844 2387 1030 2427 Rumpere,
1055 2386 1104 2417 sic
1132 2387 1242 2418 locum
1263 2386 1354 2416 hunc
1380 2385 1478 2426 legit,
1500 2386 1615 2416 Jamne

150 2441 295 2472 rumpere
309 2432 364 2463 hoc
378 2431 455 2462 mihi
469 2432 540 2462 licet
551 2432 727 2471 gaudium?
771 2431 826 2461 Ita
843 2435 911 2461 tam
929 2429 1053 2467 editus,
1079 2439 1178 2470 quam
1198 2430 1346 2470 scriptus
1372 2437 1476 2459 manu
1502 2432 1616 2458 veter-

153 2475 250 2505 rima.
296 2474 405 2505 Porro
421 2474 499 2505 mihi
514 2475 586 2505 licet
603 2475 706 2505 etiam
722 2474 819 2504 Bem.
836 2476 927 2503 teste
943 2472 1086 2510 Bembo,
1110 2477 1145 2503 et
1163 2472 1263 2503 CCC.
1290 2476 1325 2502 et
1350 2480 1393 2502 ex
1418 2470 1613 2501 Meadianis

153 2517 251 2548 alter.
296 2517 449 2548 Praestat
465 2522 572 2556 certe,
596 2521 634 2547 ut
648 2516 767 2547 ‘mihi'
784 2516 875 2547 sitin
892 2515 982 2546 Arsi.
1029 2515 1112 2546 Cum
1137 2520 1249 2545 autem
1275 2515 1366 2545 inter
1388 2514 1494 2545 lineas
1510 2522 1615 2554 super

152 2562 162 2578 ‘
177 2560 240 2591 hoc
252 2559 261 2573 '
275 2560 468 2600 scripsisset
486 2560 607 2599 aliquis
621 2560 794 2598 gaudimn‚·
817 2558 850 2588 id
867 2563 987 2599 postea
1003 2558 1035 2588 in
1053 2562 1186 2588 textum
1203 2562 1419 2598 receperunt,
1437 2561 1472 2588 et
1489 2556 1613 2587 deinde

153 2603 332 2643 ejecerunt
346 2612 497 2643 supreme.
521 2603 622 2633 Beni.
669 2602 757 2633 Haec
774 2603 875 2632 Bent.
891 2600 1044 2632 vexavit.
1088 2601 1255 2631 veremur
1272 2606 1307 2630 ut
1324 2610 1440 2630 verum
1457 2599 1615 2630 docuerit

153 2645 299 2683 Nonius,
323 2650 381 2677 aut
397 2645 508 2685 potius
524 2646 598 2685 ipse
614 2655 772 2685 erumpere
789 2644 920 2684 legerit.
970 2643 1128 2674 Gaudium
1143 2653 1283 2684 rumpere
1299 2642 1388 2674 foret
1403 2647 1522 2674 contra
1539 2651 1616 2672 sen-

154 2697 238 2720 sum.
261 2689 339 2729 Bip.
383 2688 486 2719 Bent.
502 2689 612 2719 omitt.
624 2689 796 2726 gaudium.-
820 2686 910 2728 quod
926 2695 1002 2717 esse
1024 2687 1072 2717 ait
1098 2695 1140 2716 ex
1170 2696 1217 2718 vs.
1244 2689 1276 2717 4.
1302 2686 1500 2726 repetitum.
1544 2684 1613 2715 Sed

153 2731 268 2762 nescio
284 2741 344 2762 cur
359 2735 540 2771 tantopere
556 2731 613 2761 ille
627 2731 751 2761 habeat
765 2729 986 2770 repetitiones
1011 2734 1200 2768 suspectas.
1225 2729 1313 2760 Per-l.
1337 2728 1393 2769 qni
1419 2729 1504 2768 legit
1529 2737 1613 2758 rum-

153 2783 235 2813 pere.
280 2774 367 2805 Mihi
381 2774 452 2805 licet
468 2774 546 2813 Bip.
592 2775 705 2804 Jamne
719 2782 862 2813 rumpere
877 2773 970 2802 hocne
985 2772 1062 2802 mihi
1077 2772 1147 2803 licet
1158 2775 1171 2802 ?
1215 2772 1303 2803 Proh
1315 2771 1444 2811 Jupiter
1465 2771 1613 2801 Both.—

156 2820 175 2847 3
200 2816 249 2848 M.
266 2816 359 2848 Nunc
374 2820 420 2848 est
434 2819 553 2857 tempus
563 2815 715 2857 profecto.
760 2816 818 2848 Ita
833 2820 869 2847 et
885 2815 970 2846 editi
993 2814 1143 2856 quidam.
1189 2813 1271 2855 Alii,
1294 2814 1388 2845 Nunc
1403 2817 1521 2854 tempus
1538 2822 1616 2853 pro·
