1945 3296
312 232 370 273 36
838 242 1077 274 'rEssENTu
1113 241 1246 272 virli,

478 336 689 382 Comica,¹⁹
708 342 752 375 ut
770 343 926 387 aequato
947 337 1066 374 virtus
1086 335 1251 385 polleret
1268 334 1414 374 honore

478 401 578 437 Cum
600 400 764 446 Graecis,
783 412 909 449 neque
929 399 967 435 in
988 399 1060 436 hac
1080 398 1288 447 despectus
1301 398 1336 417 ²0
1356 405 1464 448 parte
1475 396 1651 447 jaceres!

477 463 605 501 Unum
624 464 699 502 hoc
714 474 899 508 maceror,
921 470 960 501 et
979 462 1093 501 doleo
1114 462 1182 500 tibi
1201 461 1354 508 deesse,
1373 461 1542 499 Terenti.

373 558 471 596 Haec
493 559 702 596 Suetonius
722 557 984 608 Tranquillus.
1032 556 1133 594 Nam
1154 556 1253 594 duos
1271 556 1471 594 Terentios
1491 556 1628 606 po'etas
1649 554 1769 592 fuisse
1821 606 1826 607 V

318 622 449 660 scribit
481 622 640 669 Metius,
669 634 833 673 quorum
866 621 964 658 alter
992 620 1247 671 Fregellanus
1279 620 1393 658 fuerit
1425 619 1628 657 Terentius
1660 618 1770 664 Libo,

316 685 413 723 alter
448 685 649 725 libertinus
683 684 886 724 Terentius
920 683 1013 721 Afer
1046 683 1185 734 patria,
1227 683 1276 721 de
1312 695 1389 734 quo
1422 695 1526 720 nunc
1559 681 1768 731 loquimur.

318 748 508 801 Scipionis
530 749 697 786 Fabulas
718 748 886 786 edidisse
905 747 1143 793 Terentium,
1162 746 1325 797 Valgius
1347 746 1385 783 in
1405 746 1592 784 Actaeone
1612 744 1688 782 ait:

479 845 567 887 Hae‚
587 858 676 895 quae
695 850 884 881 vocantur
906 841 1081 888 Fabulae,
1103 841 1202 892 cujae
1223 847 1315 879 sunt
1328 840 1344 878 ’ἰ
1358 841 1388 859 ²¹

477 908 566 945 Non
587 908 672 954 has,
693 907 758 958 qui
772 907 862 957 jura
882 905 1052 958 populis,
1073 905 1162 943 end’
1180 906 1266 943 ibus
1287 904 1482 943 dabat*²²

479 973 638 1009 Honore
659 984 808 1009 summo
829 970 992 1008 affectus
1014 970 1104 1009 fecit
1124 969 1305 1007 Fabulas.

371 1073 472 1111 Duae
492 1074 540 1111 ab
562 1073 803 1124 Apollodoro
822 1072 1023 1110 translatae
1040 1084 1127 1110 esse
1148 1071 1329 1110 dicuntur
1348 1069 1513 1116 comico,
1533 1067 1715 1106 Phormio
1731 1074 1770 1105 et

317 1137 495 1188 Hecyra:
516 1143 683 1187 quatuor
701 1136 862 1186 reliquae
882 1148 905 1172 a
925 1135 1167 1173 Menandro:
1189 1148 1236 1172 ex
1257 1134 1397 1185 quibus
1418 1145 1562 1183 magno
1583 1144 1771 1170 successu

318 1207 358 1239 et
375 1200 497 1251 pretio
518 1200 624 1238 stetit
643 1198 857 1240 Eunuchus
877 1199 1034 1236 fabula:
1065 1199 1234 1250 Hecyra,
1266 1211 1370 1250 saepe
1399 1197 1572 1243 exclusa,
1602 1195 1665 1233 vix
1684 1200 1774 1232 acta

317 1272 390 1302 est.

693 1419 836 1462 PUB.
875 1417 1186 1462 TERENTII
1224 1411 1398 1468 VITA,

529 1532 653 1561 QUAM
686 1532 709 1556 E
740 1532 897 1558 CODICE
930 1532 998 1557 MS.
1030 1532 1276 1558 OXONIENSI
1309 1528 1566 1556 DESCRIPSIT

825 1615 934 1645 ABR.
969 1613 1267 1646 GRONOVIUS.

320 1700 519 1738 Comxcus
542 1713 683 1750 genere
705 1699 863 1750 quidem
883 1700 1010 1738 extitit
1029 1699 1135 1744 Afer,
1165 1699 1260 1737 civis
1290 1711 1381 1737 vero
1409 1693 1772 1745 Carthaginiensis:

319 1763 500 1814 Scipione
522 1769 649 1801 autem
678 1770 872 1802 remeante
903 1762 1049 1801 victore
1081 1761 1339 1813 Carthagine'
1363 1761 1411 1798 ad
1445 1760 1578 1798 urbem
1611 1758 1775 1795 Romam

317 1835 408 1878 post
427 1827 731 1865 interfectionem
753 1827 1002 1874 Hannibalis,
1034 1826 1122 1872 iste,
1154 1826 1220 1878 qui
1241 1839 1328 1864 cum
1350 1824 1435 1863 aliis
1455 1822 1588 1861 multis
1610 1820 1775 1858 Cartha-

319 1890 558 1941 giniensibus
594 1891 898 1941 comprehensus
932 1890 1071 1937 fuerat,
1111 1897 1200 1929 ante
1230 1902 1382 1928 currum
1419 1885 1610 1938 Scipionis
1642 1883 1775 1935 ligatis

318 1960 420 1992 retro
439 1953 617 1991 manibus
637 1955 806 1992 minatus
827 1961 901 2001 est,
933 1961 975 1992 ut
1003 1955 1191 2006 captivus,
1223 1954 1291 1991 sed
1312 1964 1464 1992 currum
1485 1950 1587 1988 illius
1606 1948 1774 1999 pileatus

318 2024 549 2069 prosecutus
571 2024 630 2055 est
648 2018 688 2055 in
710 2019 857 2064 urbem,
890 2018 997 2069 quod
1017 2025 1100 2057 erat
1120 2018 1159 2055 in
1173 2018 1190 2035 ²
1222 2018 1376 2068 signum
1399 2013 1601 2053 libertatis.
1658 2011 1774 2057 Nam,

318 2081 553 2131 quicumque
574 2082 814 2131 captivorum
836 2095 858 2119 a
879 2082 1022 2120 victore
1042 2082 1220 2119 libertate
1247 2080 1447 2132 potiretur,
1476 2077 1616 2128 pileum
1650 2075 1689 2112 in
1710 2087 1776 2112 ca-

315 2145 395 2195 pite
415 2144 562 2182 habens
579 2156 732 2182 currum
751 2145 854 2182 illius
874 2146 1207 2196 prosequebatur;
1235 2151 1278 2182 ut
1296 2143 1397 2182 enim
1418 2155 1441 2179 a
1462 2139 1644 2191 Scipione
1665 2137 1776 2188 agni-

362 2284 403 2312 19
428 2281 531 2321 Com]
556 2282 667 2323 Vulgo
693 2281 855 2313 continue
868 2280 1022 2313 scribunt
1075 2280 1159 2319 cnjus
1182 2278 1276 2312 sunt?
1299 2279 1407 2310 Idem.
1451 2276 1572 2309 Adhuc
1597 2272 1779 2315 legebatur

320 2332 367 2362 vis
383 2331 519 2371 Comica,
541 2331 630 2372 quod
652 2332 793 2363 verbum
819 2341 881 2373 per
905 2341 1021 2363 onmes
1075 2332 1160 2371 cujus
1177 2331 1230 2361 vel
1258 2330 1335 2368 cujae
1359 2330 1443 2367 sunt,
1476 2325 1648 2358 sententia
1672 2321 1777 2355 refra-

319 2381 393 2412 fere
423 2381 602 2412 hodiernas
633 2382 763 2423 linguas
799 2386 1023 2422 propagatum
1079 2384 1196 2421 gante.
1222 2378 1423 2410 obsoletum
1438 2375 1522 2407 illud
1535 2384 1573 2407 ne
1588 2371 1776 2415 pro‘non‚'

320 2435 399 2462 est:
424 2432 483 2461 sed
515 2436 608 2462 recte
635 2436 750 2463 mouet
778 2431 831 2462 vir
855 2432 1025 2472 egregius,
1079 2441 1155 2462 cum
1167 2429 1367 2471 displiceret
1378 2425 1614 2465 librariis,cito
1628 2432 1779 2464 expunc-

320 2480 414 2511 Frid.
444 2479 531 2521 Aug.
548 2481 702 2519 Wolfius,
725 2480 835 2513 Acad.
862 2481 1024 2512 Halensis
1080 2485 1150 2512 tum
1179 2484 1244 2512 est.
1279 2479 1377 2511 Both.
1423 2477 1492 2510 Qui
1518 2474 1615 2507 dedit
1639 2474 1717 2513 cuja
1738 2481 1777 2503 ‘ne

320 2531 438 2569 decus,
462 2531 697 2571 conjungenda
713 2541 788 2563 esse
805 2531 910 2563 verba
936 2531 946 2548 ‘
960 2532 1023 2563 Co-
1077 2534 1160 2562 sunt.

320 2580 430 2612 mica'
454 2585 490 2611 et
512 2581 521 2596 ‘
537 2581 668 2612 virtus!
694 2582 790 2613 Both.
1120 2584 1162 2612 22
1181 2579 1318 2620 Paludis,
1332 2577 1400 2610 end’
1417 2576 1485 2608 ibus
1495 2574 1603 2614 dabat]
1620 2573 1676 2605 Ita
1690 2572 1777 2603 Mss.

365 2634 406 2661 20
445 2631 628 2671 Despectus]
664 2632 729 2663 Ms.
760 2632 847 2663 Dan.
874 2633 1024 2672 despecta.
1080 2632 1242 2662 Danielis.
1264 2630 1366 2670 Vulg.
1395 2626 1567 2668 petentibus
1593 2623 1697 2656 dabat·
1719 2621 1776 2654 Al.

323 2680 422 2711 Liud·
1075 2680 1310 2713 recensentibus
1339 2677 1436 2710 Lind.

368 2732 406 2760 21
434 2731 521 2768 Cujae
545 2730 630 2771 sunt]
655 2731 711 2763 Sic
739 2731 812 2763 libr.
830 2731 917 2763 Dau.
970 2732 1023 2763 Al.
