1903 3306
351 226 435 270 188
699 238 741 267 T.
776 237 920 268 meai
956 237 1455 270 onsmvaerruscucae

351 336 396 369 ut
414 330 593 369 carminis
615 331 713 368 ratio
733 336 772 369 et
800 331 939 369 modus
961 331 1028 377 rei,
1049 344 1127 382 qua
1162 332 1210 369 de
1243 333 1384 382 agitur,
1419 338 1596 370 naturam
1627 333 1705 372 fere
1724 320 1807 386 ple·

351 408 511 445 rumque
539 394 771 445 exprimant,
801 395 906 445 quod
928 395 966 432 in
996 395 1129 445 primis
1150 396 1437 433 observandum
1458 402 1530 443 est,
1551 402 1591 435 et
1609 397 1688 434 acri
1708 411 1806 448 quo-

353 457 442 495 dam
463 459 611 496 aurium
625 458 774 508 judicio
795 458 1115 496 consectandum.
1174 459 1246 497 Est
1265 459 1372 497 aliud
1393 460 1523 506 etiam,
1543 461 1582 496 in
1602 473 1679 511 quo
1699 473 1817 514 max-7

352 521 430 559 ima
450 521 598 558 utilitas
619 521 747 571 posita
768 527 853 558 est:
892 521 923 558 si
944 521 1009 571 qui
1030 521 1132 558 enim
1164 522 1262 560 forte
1283 535 1431 560 errores
1464 522 1504 559 in
1535 523 1703 561 carmine
1724 523 1809 562 fue·

352 585 439 630 rint,
461 585 568 635 quod
599 597 783 634 perquam
817 584 929 622 facile
949 591 1078 635 potest
1103 586 1267 631 evenire,
1289 592 1329 623 et
1361 585 1518 624 nimium
1540 599 1645 638 saepe
1665 587 1807 633 evenit,

352 661 418 685 eos
441 661 587 687 errores
609 648 898 698 deprehendere
928 650 1055 699 possit
1075 662 1203 695 nemo,
1223 649 1296 686 nisi
1329 649 1395 700 qui
1416 662 1595 688 versuum
1620 651 1807 688 rationem

353 711 507 749 calleat.
567 711 645 749 Sed
674 711 759 749 haec
781 712 899 755 satis;
947 725 1072 763 neque
1108 712 1210 750 enim
1243 712 1318 750 hoc
1349 712 1436 750 loco
1472 720 1591 752 artem
1624 713 1807 751 metiendi

353 775 531 811 carminis
554 774 693 812 docere
715 774 880 812 decrevi.

407 837 560 875 Paucas
598 838 715 888 igitur
744 838 1083 876 observatiuncula
1129 839 1381 890 proposuisse
1414 839 1622 887 suffecerit,
1653 854 1742 892 quae
1772 847 1812 879 et

353 907 470 939 certae
492 908 583 939 sunt
610 909 650 939 et
679 902 906 952 perspicuae.
967 902 1043 939 Eas
1077 909 1205 940 autem
1241 904 1467 954 priusquam
1501 903 1706 954 ingredior,
1735 903 1811 943 hoc

354 963 458 1011 audi,
479 965 583 1015 quod
603 965 707 1015 apud
730 965 957 1002 Ciceronem
974 965 1011 1002 in
1034 965 1198 1004 Oratore
1217 966 1397 1005 Perfecto
1415 966 1597 1017 scriptum
1614 972 1699 1006 est:
1729 971 1739 988 ⁴
1757 967 1812 1005 At

355 1028 601 1067 Comicorum
619 1028 769 1066 Senarii
784 1035 940 1080 propter
956 1029 1246 1067 similitudinem
1261 1030 1463 1077 sermonis,
1480 1029 1603 1080 (quod
1617 1043 1688 1068 nos
1706 1029 1811 1067 Galli

353 1091 472 1142 vulgo
492 1105 677 1130 vocamus
693 1094 959 1130 conversation
979 1099 1017 1131 et
1036 1095 1259 1142 eutr-etiem)
1279 1094 1333 1132 sic
1347 1106 1452 1145 saepe
1472 1099 1564 1131 sunt
1579 1093 1730 1144 abjecti,
1753 1093 1811 1144 [id

355 1161 427 1201 est,
448 1155 617 1206 neglecti
640 1162 678 1193 et
702 1155 925 1207 populares,
959 1162 1011 1201 et,
1039 1162 1082 1193 ut
1112 1156 1240 1194 Graeci
1272 1164 1426 1203 vocant,
1460 1156 1813 1207 ΛΟΓΟΕΙΔΕΙΣ,]

355 1224 397 1255 ut
416 1232 697 1269 nonnunquam
730 1220 794 1257 vix
821 1219 859 1256 in
893 1219 953 1257 his
974 1232 1157 1258 numerus
1183 1220 1240 1271 [id
1261 1227 1333 1267 est,
1362 1220 1578 1272 rhythmus,
1603 1227 1648 1258 ut
1673 1220 1814 1260 Graece

355 1281 511 1332 dicitur]
539 1290 579 1320 et
596 1296 731 1321 versus
765 1284 820 1334 [id
842 1290 913 1329 est,
936 1284 1143 1334 dimensio]
1181 1283 1314 1322 sentiri
1348 1283 1500 1334 possit.’
1555 1283 1676 1322 Vides
1699 1284 1811 1323 Cice-

354 1359 486 1385 ronem
519 1348 645 1398 ipsum
682 1348 806 1394 fateri,
841 1361 928 1398 quae
963 1348 1106 1386 fatetur
1138 1347 1186 1385 de
1225 1348 1479 1393 dimensione,
1515 1346 1564 1385 de
1601 1347 1810 1399 rhythmo;

354 1418 574 1463 utrumque,
597 1413 758 1460 scilicet,
780 1413 842 1451 vix
862 1413 996 1451 sentiri
1016 1425 1148 1464 posse.
1196 1413 1300 1457 Quid
1319 1426 1390 1450 nos
1410 1413 1595 1450 barbaros
1615 1412 1809 1460 homines,

355 1482 394 1513 et
415 1489 437 1513 a
456 1477 640 1515 felicitate
672 1490 717 1515 ac
747 1476 925 1516 doctrina
959 1477 1062 1516 illius
1085 1477 1218 1515 saeculi
1239 1483 1317 1514 tam
1347 1489 1490 1527 magna
1520 1476 1810 1528 intercapedine

357 1539 531 1585 dissitos,
547 1540 726 1590 judicare
748 1539 917 1578 deceat?
957 1541 1049 1587 Sed,
1083 1540 1188 1591 quod
1217 1540 1366 1587 mirere,
1387 1540 1435 1578 de
1469 1540 1629 1577 senariis
1661 1546 1812 1578 tantum

355 1602 523 1653 loquitur
544 1604 693 1642 Cicero.
752 1604 871 1650 Quid,
892 1605 923 1642 si
943 1603 991 1642 de
1022 1604 1242 1652 trochaicis,
1273 1604 1322 1642 de
1343 1603 1619 1654 anapaesticis?
1657 1603 1705 1641 de
1725 1604 1812 1642 uni—

356 1679 468 1704 verso
504 1680 645 1718 genere
674 1667 955 1705 iambicorum?
984 1667 1080 1718 quid
1116 1668 1147 1704 si
1182 1667 1230 1705 de
1259 1667 1449 1705 universis
1485 1668 1811 1718 anapaesticorum

357 1730 489 1768 formis
524 1730 718 1781 agendum
752 1731 825 1782 ipsi
857 1731 1022 1768 fuisset?
1067 1731 1171 1774 Quid
1205 1731 1253 1769 de
1289 1731 1373 1768 aliis
1403 1732 1624 1781 generibus,
1657 1745 1745 1782 quae
1774 1732 1813 1769 in

359 1794 586 1832 Graecorum
622 1795 832 1832 Comoediis
867 1796 1061 1834 celebrata
1095 1796 1187 1834 olim
1222 1794 1410 1834 fuerunt?
1451 1795 1548 1833 Tum
1570 1808 1658 1834 vero
1687 1795 1813 1846 magis

358 1857 532 1904 dixisset,
558 1862 567 1878 ‘
586 1858 647 1895 vix
668 1858 801 1895 sentiri
821 1859 1015 1909 possunt?

413 1920 492 1957 Sed
513 1920 562 1958 ad
582 1934 661 1959 rem
682 1922 807 1958 venio.
856 1921 919 1958 Sic
940 1921 1057 1972 igitur
1077 1921 1182 1959 docti
1205 1921 1440 1968 existimant,
1461 1921 1539 1958 duo
1558 1927 1709 1959 tantum
1728 1935 1814 1959 ver-

362 1996 473 2021 suum
495 1996 638 2033 genera
659 1996 744 2021 esse
763 1983 867 2034 apud
888 1984 1124 2029 Terentium,
1143 1984 1329 2022 iambicos
1351 1991 1389 2022 et
1409 1985 1642 2022 trochaicos.
1675 1984 1719 2022 Id
1740 1998 1812 2036 ego

361 2047 395 2083 in
419 2047 641 2084 universum
665 2059 750 2086 esse
771 2047 1017 2085 verissimum
1038 2047 1132 2086 seio.
1192 2047 1271 2086 Sed
1291 2047 1384 2098 quid
1409 2047 1459 2085 ad
1478 2047 1550 2086 hos
1570 2048 1702 2086 versus
1722 2049 1811 2087 Act.

362 2123 422 2148 1v.
452 2110 611 2148 Andriae
632 2124 686 2148 sc.
712 2112 745 2148 1.
767 2110 908 2149 dicas?

468 2205 644 2243 Hoccine
666 2205 847 2244 credibile
869 2213 929 2244 est
950 2212 1016 2244 aut
1035 2208 1294 2253 memorabile,

468 2268 595 2305 Tanta
612 2269 792 2306 vecordia
812 2270 945 2307 innata
965 2270 1145 2320 cuiquam
1167 2277 1210 2307 ut
1229 2271 1315 2317 siet,

471 2331 524 2369 Ut
543 2331 655 2370 malis
677 2333 848 2383 gaudeat
868 2334 1018 2381 alienis,
1037 2342 1152 2384 atque
1174 2348 1220 2372 ex
1240 2334 1495 2373 incommodis

472 2396 641 2435 Alterius
659 2410 730 2434 sua
748 2404 792 2436 ut
811 2405 1007 2450 comparet
1027 2399 1254 2437 commoda!
1284 2398 1355 2436 ah!

418 2497 475 2535 Ibi
494 2498 589 2535 nihil
611 2500 798 2546 Faernus,
825 2500 882 2537 vir
914 2501 951 2537 in
983 2501 1058 2538 isto
1083 2514 1222 2552 genere
1248 2500 1580 2552 diligentissimus.
1636 2500 1813 2541 Muretus

368 2568 494 2599 autem
529 2561 630 2598 ultro
660 2562 816 2609 fatetur,
850 2564 986 2601 horum
1017 2571 1181 2615 quatuor
1201 2578 1379 2602 versuum
1412 2564 1598 2602 rationem
1619 2564 1812 2615 explicare

370 2624 524 2662 difficile
543 2637 642 2662 csse.
701 2626 789 2663 Scio
810 2626 903 2676 quid
926 2627 1150 2675 Goveanus,
1170 2628 1263 2679 quid
1299 2629 1484 2679 Scaliger,
1505 2627 1597 2678 quid
1628 2627 1813 2666 Erasmus

370 2687 537 2725 dixerint
553 2688 602 2724 ad
621 2688 726 2726 hunc
748 2702 911 2727 versum.
961 2691 1013 2742 At
1032 2705 1108 2730 non
1130 2699 1190 2730 est
1210 2692 1395 2738 senarius,
1424 2694 1497 2729 &c.
1527 2691 1700 2729 Arbitror
1725 2705 1813 2730 esse

373 2750 619 2802 Dactylicum
639 2754 925 2802 quaternarium
945 2756 1181 2805 perfectum;
1212 2762 1251 2795 et
1279 2756 1366 2794 talis
1386 2755 1607 2794 necessario
1633 2755 1760 2803 fuerit,
1781 2756 1812 2794 si
