1903 3306
525 258 731 290 ANDRIAE
764 257 873 287 Aer.
909 257 951 287 ν.
983 257 1055 287 sc,
1089 257 1153 288 vr.
1237 287 1248 291 ,
1479 246 1564 287 389

108 360 198 401 PA.
230 357 395 400 Nescis
417 356 524 410 quid
541 355 647 396 mihi
661 354 875 406 obtigerit.
937 352 1030 394 DA.
1058 350 1209 393 Certe:
1228 349 1319 400 sed,
1337 350 1440 404 quid
1457 352 1563 405 mihi

279 425 503 479 obtigerit,
526 424 633 465 sci0.

108 493 195 534 PA.
227 491 286 533 Et
302 492 478 545 quidem
500 504 597 543 ego.
658 489 752 530 DA.
785 487 912 528 More
932 487 1158 528 hominum
1180 485 1341 534 evenit,
1365 488 1424 534 ut,
1440 484 1559 538 quod

275 560 361 619 ,sim
378 564 537 600 nactus
558 558 676 607 mali,

105 627 236 668 Prius
255 627 516 667 rescisceres
538 630 602 674 tu,
624 637 758 677 quam
778 635 859 676 ego
879 621 1000 670 illud,
1030 620 1147 673 quod
1171 620 1252 660 tibi
1275 619 1419 659 evenit
1442 619 1559 659 boni.

103 694 194 736 PA.
227 694 337 735 Mea
356 692 612 746 Glycerium
633 704 739 732 suos
761 694 965 743 parentes
986 689 1157 741 reperit.
1205 687 1299 728 DA.
1332 686 1370 726 O
1392 686 1559 726 sactum

273 759 407 801 bene!
470 760 560 801 CH.
597 759 741 799 Hem!
1531 754 1559 793 5

102 828 189 869 PA.
221 828 354 869 Pater
375 827 542 867 amicus
563 839 758 866 summus
774 824 920 865 nobis.
983 824 1076 864 DA.
1108 822 1256 873 Quis?
1317 822 1404 862 ΡΑ.
1427 820 1557 862 Chre-

270 906 378 933 mes.
438 893 531 933 DA.
562 891 730 933 Narras
751 893 899 945 probe.

99 960 189 1002 PA.
222 961 322 1003 Nec
356 972 480 1001 mora
509 960 603 1001 ulla
632 959 703 1010 'st‚
744 959 850 1012 quin
880 972 978 999 eam
1009 970 1196 999 uxorem
1232 956 1406 998 ducam.
1467 955 1556 996 CH.

273 1027 394 1069 Num
414 1028 488 1069 ille
510 1028 703 1069 somniat

96 1149 190 1182 derit.
235 1152 308 1182 DA.
335 1151 446 1182 Certe:
469 1151 523 1181 sed
538 1149 611 1191 quid
627 1149 703 1180 mihi
719 1149 866 1180 acciderit
884 1148 956 1179 scio.
1003 1147 1070 1178 ΡΑ.
1097 1146 1140 1177 Ee
1157 1146 1275 1187 quidem
1299 1155 1364 1185 ego.
1412 1145 1479 1175 DA.
1510 1145 1554 1175 Ut

96 1193 236 1224 accidere
249 1195 325 1224 solet
347 1193 532 1231 hominibus,
554 1193 601 1223 ila
623 1193 724 1224 evenit
751 1192 861 1228 nobis;
884 1195 919 1221 ut
931 1191 1019 1230 prius
1033 1199 1239 1229 cognosceres,
1255 1191 1332 1229 quad
1349 1188 1422 1218 mali
1438 1187 1554 1222 inveni,

96 1244 188 1274 quam
213 1246 268 1276 ego
293 1237 446 1275 audirem,
471 1236 551 1276 quod
578 1236 648 1266 boni
672 1235 729 1265 tibi
756 1234 882 1274 obtigit.
927 1234 994 1264 ΡΑ.
1019 1234 1094 1263 Mea
1120 1232 1299 1272 Glycerium
1323 1240 1392 1262 suos
1410 1233 1556 1270 parentes

95 1278 223 1317 reperit.
268 1280 339 1310 DA.
365 1280 395 1309 0
420 1289 512 1318 quam
537 1282 620 1309 recte
646 1276 809 1316 contigit!
854 1278 922 1308 CH.
945 1276 1041 1307 Hem.
1087 1275 1186 1305 Pater
1212 1274 1276 1312 ejus
1291 1284 1424 1304 summus
1438 1273 1555 1303 amicus

95 1323 199 1352 noster
213 1324 271 1353 est.
318 1322 390 1353 DA.
416 1319 519 1357 Quis?
565 1322 632 1352 ΡΑ.
653 1321 810 1351 Chremes.
856 1320 925 1350 DA.
952 1320 1037 1349 Bene
1052 1328 1175 1350 narras,
1220 1318 1285 1348 ΡΑ.
1309 1317 1378 1347 Nec
1393 1317 1554 1356 quicquam

93 1371 148 1393 nos
172 1365 313 1396 retardat
339 1364 414 1405 quin
439 1373 507 1395 eam
534 1373 662 1395 uxorem
684 1365 804 1394 ducam.
851 1363 919 1394 CH.
945 1362 1030 1392 Num
1054 1361 1239 1400 Pamphilus
1259 1359 1391 1391 somniat
1417 1369 1464 1399 ea,
1485 1367 1552 1398 quae

703 1455 937 1470 eeeeeeeeeeee

95 1524 181 1556 adeo
196 1534 293 1565 opus,
317 1534 394 1556 cum
425 1524 518 1564 Guy.
546 1524 595 1555 ita
622 1523 779 1554 ordinare
794 1532 974 1562 personas:
999 1522 1071 1553 DA.
1112 1520 1298 1561 Pamphilus
1310 1517 1459 1551 ubinam?
1483 1520 1549 1550 ΡΑ.

94 1568 161 1598 Hic
176 1571 235 1607 est,
249 1568 350 1600 Dave.
368 1568 440 1600 DA.
471 1567 550 1602 Quis
564 1567 651 1597 homo
667 1564 731 1597 'st‚?
779 1566 929 1601 Quisnam
943 1566 1030 1595 homo
1047 1564 1084 1595 'sl
1103 1564 1146 1595 G.
1159 1570 1193 1594 et
1217 1564 1298 1593 EM.
1320 1564 1419 1594 H'est.
1455 1562 1550 1597 Quis-

92 1620 164 1640 nam
186 1612 273 1641 homo
288 1613 345 1642 est.
389 1610 532 1651 Antiqui
557 1610 633 1640 libri
661 1609 739 1644 Quis
764 1608 907 1647 homo'st,
930 1612 968 1638 ut
995 1617 1110 1638 versus
1134 1606 1302 1646 exposcit.
1330 1606 1389 1636 Fa.
1436 1605 1549 1635 Etiam

93 1653 204 1683 nostri
220 1662 347 1692 omnes,
365 1653 455 1688 Quis.
500 1653 578 1683 Duo
592 1662 633 1683 ex
651 1652 774 1682 nostris
795 1651 927 1682 Ubinam
937 1654 1003 1681 est:
1026 1659 1166 1690 quorum
1182 1649 1269 1678 alter
1294 1648 1459 1688 Pamphile
1475 1648 1547 1678 sine

95 1697 146 1726 0.·
169 1700 204 1725 at
218 1695 328 1726 codex
346 1695 585 1733 Academicus,
608 1695 678 1733 Ego
693 1704 761 1724 sum
778 1693 970 1733 Pamphilus.
1016 1694 1107 1732 Lege
1125 1698 1159 1722 et
1178 1691 1370 1731 distingue:
1399 1690 1547 1730 Pamphi-

91 1737 140 1769 lus
156 1738 311 1769 ubinamst
325 1736 341 1769 1?
375 1739 442 1769 ΡΑ.
459 1739 522 1769 Hic
538 1741 596 1777 est,
612 1737 714 1768 Dave.
759 1738 831 1768 DA.
851 1737 930 1771 Quis
946 1736 1061 1765 homost
1078 1733 1093 1766 ?
1137 1735 1204 1765 ΡΑ.
1230 1734 1300 1772 Ego
1317 1743 1384 1763 sum
1400 1733 1548 1773 Pamphi-

91 1781 158 1811 lus.-
204 1781 317 1811 Nescz's
345 1781 418 1821 quid
442 1781 485 1811 mi
511 1780 670 1819 obtigerit.
724 1779 795 1810 DA.
821 1780 925 1810 Certe.
970 1780 1130 1809 Ceterum
1159 1776 1255 1815 illud,
1290 1779 1298 1793 ‘
1319 1776 1439 1806 Nescis
1466 1775 1547 1816 quid

91 1824 136 1853 mi
153 1823 341 1862 obtigeril‚'
364 1823 434 1854 sine
448 1822 715 1860 interrogatione
735 1821 929 1862 pronuntia.
947 1821 1046 1851 Bent.
1078 1820 1263 1850 Distinctio
1281 1819 1314 1849 in
1330 1829 1377 1850 vs.
1393 1821 1422 1849 l.
1440 1818 1546 1848 Bent-

90 1865 148 1896 leii
164 1871 198 1897 et
213 1865 341 1906 Guyeti
358 1875 424 1897 non
442 1867 557 1906 placet
572 1866 702 1896 Perlet.
732 1865 789 1905 qui
819 1869 915 1905 putat
941 1864 1010 1902 Ego
1034 1873 1101 1893 sum
1127 1862 1308 1901 Pamphilus
1334 1860 1546 1892 incommode

90 1907 173 1939 dici.
197 1909 206 1926 ‘
222 1909 291 1946 Ego
305 1918 372 1939 sum
388 1909 571 1949 Pamphilus
588 1908 673 1938 bene
687 1909 762 1938 cod.
788 1908 890 1938 Bent.
935 1907 1046 1937 Etiam
1063 1906 1143 1935 Hel.
1157 1916 1164 1936 ι
1189 1906 1257 1943 Ego
1271 1915 1338 1935 sam
1353 1904 1548 1943 Pamphilus.

89 1951 162 1982 DA.
188 1952 217 1981 0
233 1951 410 1991 Pamphile.
454 1952 522 1982 ΡΑ.
547 1951 673 1989 Nescis,
697 1949 762 1990 &cf
786 1950 890 1980 Both.
914 1950 970 1989 qui
996 1949 1150 1989 sequitur
1167 1948 1374 1985 Beusseiurn,
1397 1951 1545 1986 excepto

89 1993 178 2033 quod
196 1994 386 2034 interrogat
401 1998 478 2033 post
493 1995 502 2011 ‘
518 1993 682 2032 obtigerit
695 1992 702 2004 '
720 2003 794 2023 cum
810 1993 869 2022 ΒΓ.
886 1992 1046 2022 Ceterum
1060 2000 1190 2021 versum
1206 1993 1237 2020 2.
1253 1990 1300 2020 sic
1311 1990 1371 2020 dat
1382 1988 1543 2020 Bothius:

90 2036 203 2067 Nescis
213 2036 289 2076 quid
303 2037 347 2066 mi
362 2035 538 2075 obtigerit?
574 2037 645 2067 DA.
666 2036 756 2066 Certe
772 2046 846 2065 non.
882 2035 948 2064 ΡΑ.
978 2035 1051 2064 Non
1067 2032 1082 2064 ζ’
1107 2035 1178 2064 ΒΛ.
1193 2032 1261 2071 Set,
1273 2033 1347 2072 quid
1362 2032 1449 2069 mihi,
1463 2032 1546 2063 scio:

89 2084 125 2109 et
148 2083 266 2109 notat:
285 2079 294 2096 ‘
309 2079 423 2114 Vulgo
442 2079 544 2109 Certe.
568 2079 595 2109 C
615 2079 706 2108 Certe
722 2088 803 2108 non:
827 2078 924 2107 etsie
940 2086 1072 2118 quoque
1086 2082 1260 2106 corrector
1274 2077 1306 2105 in
1321 2076 1360 2105 B.
1386 2075 1543 2105 Alterum

91 2121 164 2152 Non
180 2120 435 2152 forteexcidit.’
482 2122 652 2160 Quisquam
670 2130 729 2160 pro
749 2121 828 2155 Quis
842 2118 961 2150 Gnelf.
973 2122 1004 2149 2.
1050 2119 1135 2149 Haec
1152 2119 1273 2156 Scena,
1290 2118 1336 2148 ait
1351 2118 1444 2148 Peri.
1461 2127 1540 2148 con-

46 2169 53 2176 ’
87 2168 185 2194 texta
201 2163 302 2195 estin
320 2163 406 2195 GM.
429 2173 503 2194 cum
522 2165 649 2204 priore,
672 2164 702 2193 in
720 2163 792 2194 GC.
806 2164 1042 2201 separata.—3
1070 2162 1209 2201 Repone
1226 2164 1260 2191 ut
1277 2161 1355 2200 quod
1369 2161 1426 2190 sim
1437 2170 1492 2199 ego
1508 2170 1540 2190 n.

87 2207 245 2238 m.Bent.
291 2205 474 2238 Accedunt
487 2207 590 2238 Both.
610 2206 702 2237 Peri.
744 2207 812 2244 Ego
830 2206 948 2235 abesse
972 2214 990 2234 a
1016 2204 1132 2235 Guelf.
1161 2207 1192 2234 2.
1217 2206 1248 2234 3.
1274 2208 1369 2234 notat
1383 2203 1541 2234 perh—4

86 2248 122 2279 Si
152 2250 245 2289 legas
279 2249 327 2279 Tu
353 2259 402 2288 pr.
426 2259 504 2280 rese.
532 2259 650 2280 versus
666 2248 773 2288 probe
792 2253 939 2278 constat.
963 2248 1016 2277 Er.
1045 2247 1146 2281 Quam
1159 2256 1214 2285 ego
1230 2247 1308 2286 quod
1323 2245 1394 2276 tibi.
1415 2245 1459 2277 0.
1476 2246 1497 2276 l.
1514 2255 1542 2277 ⁸.

88 2296 165 2331 post
179 2302 234 2331 ego
250 2291 377 2323 habent
398 2293 487 2323 illud.
511 2293 572 2322 Fa.
619 2291 736 2323 Nostri
763 2291 843 2321 item
868 2299 983 2321 omnes
1006 2290 1097 2326 illua,
1122 2290 1180 2319 sed
1203 2289 1301 2319 male.
1349 2288 1457 2319 Porro
1478 2298 1540 2328 pro

86 2335 163 2373 quod
176 2335 247 2371 tibi,
270 2343 396 2375 repone
411 2335 469 2365 tibi
485 2335 577 2374 quod.
622 2334 799 2365 Palatinus
826 2332 975 2363 Fabricii
993 2342 1059 2362 non
1077 2332 1178 2362 habet
1188 2332 1279 2362 illud.
1295 2332 1396 2361 Bent.
1413 2331 1467 2361 cui
1483 2340 1538 2361 ac-

86 2377 214 2408 cedunt
226 2377 326 2409 Both.
345 2378 504 2408 Per1.—5
530 2378 626 2408 Bem.
642 2382 677 2407 et
691 2377 793 2416 aliqui
811 2376 866 2406 alii
884 2375 963 2406 libri
980 2385 1044 2405 non
1060 2375 1187 2405 habent
1203 2374 1477 2414 interjectionem
1498 2374 1540 2411 O,

85 2419 175 2450 sicut
187 2420 329 2460 hicipse
346 2419 597 2460 antiquissimus
615 2420 701 2450 liber
723 2428 785 2449 uec
804 2419 837 2448 iu
855 2418 1017 2448 Eunucho
1035 2427 1106 2447 ean·
1122 2416 1236 2455 habet,
1250 2416 1311 2446 nisi
1337 2415 1537 2456 superaddi-

85 2462 209 2502 tam‚in
226 2472 266 2493 eo
284 2471 395 2501 versu,
418 2464 426 2479 ‘
440 2461 530 2495 Quid
548 2463 581 2492 ui
599 2462 761 2492 habeam?
786 2460 915 2491 factum
942 2460 1048 2490 bene.'
1074 2460 1132 2490 Fa.
1179 2459 1307 2489 Omnes
1324 2459 1432 2490 nostri
1449 2468 1534 2498 prae-

85 2508 138 2535 ter
153 2515 254 2535 unum
270 2510 456 2545 agnoscunt
471 2506 511 2535 Ο.
535 2506 636 2535 Beut.
663 2505 744 2534 Eam
770 2504 882 2534 omisit
898 2503 1003 2533 Z.—6
1028 2503 1127 2533 Pater
1143 2505 1186 2532 est
1205 2501 1319 2532 Guelf.
1333 2504 1428 2532 2.—7
1457 2502 1538 2531 Mss.

85 2547 232 2589 quidam,
254 2547 410 2588 quiajam
426 2557 572 2578 uxorem:
602 2557 700 2588 quam
717 2547 797 2578 lect.
816 2546 938 2586 probat
955 2546 998 2577 G.
1019 2545 1055 2575 F.
1091 2545 1194 2578 lVest.
1237 2545 1317 2575 Duo
1346 2554 1388 2575 ex
1415 2544 1539 2575 nostris

740 2639 878 2670 NOTAE

124 2705 144 2734 2
166 2703 241 2742 Sed,
251 2703 324 2743 quid
334 2703 411 2734 mihi
426 2702 589 2743 obtigerit]
615 2702 692 2734 Hoc
707 2704 777 2735 Da·
833 2702 913 2734 mali
929 2701 1073 2734 celerior
1088 2704 1154 2741 est,
1176 2709 1274 2743 quam
1297 2699 1396 2732 boni:
1421 2699 1453 2731 id
1472 2704 1536 2740 est,

83 2764 143 2785 vus
159 2753 245 2784 dicit
259 2753 302 2784 de
315 2753 459 2785 vinculis
479 2753 633 2784 ridicule.
834 2753 962 2792 evenit,
986 2758 1024 2783 ut
1050 2751 1186 2783 facilius
1215 2752 1301 2782 mala
1329 2760 1428 2792 quam
1447 2750 1536 2782 bona

125 2806 144 2834 3
168 2803 258 2834 More
275 2803 431 2836 hominum
445 2803 561 2844 evenit]
584 2804 672 2837 Quia
689 2801 779 2835 fhma
834 2804 1044 2835 nuntientur.
