1976 3296
713 228 983 258 PRAEFATlo.
1521 222 1575 262 17

126 327 204 367 ilio
223 326 267 367 in
286 326 369 366 hoc
389 322 700 365 commentario
719 322 918 376 plurimae
939 322 1111 363 lacunae
1133 322 1372 376 suppletae,
1401 325 1575 378 aliaque

127 394 297 434 infinita
315 395 456 432 errata
471 390 715 443 integritati
732 402 825 430 suae
843 388 1049 429 restituta
1065 395 1181 430 sunt.
1210 389 1239 430 J
1244 396 1427 431 uverunt
1443 394 1574 432 etiam

123 459 317 501 nonnihil
333 459 607 500 collectanea
627 457 847 511 quaedam,
869 469 967 510 quae
989 457 1030 496 in
1051 456 1324 498 bibliotheca
1346 459 1467 512 regia
1490 460 1575 500 Pa-

123 527 309 577 risiensi,
328 530 372 567 et
389 525 568 567 schedae
589 529 694 566 vett.
718 525 814 565 Pet.
834 524 1036 565 Danielis
1058 523 1302 574 Aureliani,
1323 526 1405 566 viri
1425 526 1575 567 huma-

122 594 307 634 nissimi.
365 592 456 634 Sed
491 591 642 633 nescio
673 592 748 645 qui
786 591 919 632 veluti
953 590 1007 631 de
1041 598 1279 645 compacto
1316 592 1495 643 factum,
1530 598 1574 634 ut

122 660 283 702 Graeca
302 659 390 701 fere
407 660 557 700 omnia
575 660 621 700 in
643 660 848 700 omnibus
870 658 994 699 libris
1014 659 1124 700 adeo
1148 660 1309 700 vitiose
1331 661 1508 714 scripta,
1527 666 1576 703 ut

121 742 218 770 raro
247 728 350 782 quid
374 727 475 768 inde
502 727 607 767 boni
639 726 856 767 extricare
876 726 1064 776 licuerit,
1098 726 1170 767 vel
1200 727 1425 779 indagare,
1454 729 1574 781 quod

122 797 274 849 specie
289 795 396 836 recti
416 795 622 848 placeret.
685 793 844 846 Itaque
863 806 953 833 non
980 797 1133 834 nostro
1163 794 1335 844 saltem,
1359 795 1438 835 sed
1461 796 1570 836 alio·

124 877 216 918 runi
247 876 424 917 quoque
446 862 633 915 judicio,
658 861 935 902 characteres
957 862 1139 903 vitiosos
1158 876 1402 916 proponere
1433 865 1574 904 volui—

121 944 236 981 mus,
252 935 298 971 ut
318 931 498 980 cuilibet
513 943 593 983 pro
611 934 745 983 captu
767 942 820 969 ac
836 929 1033 970 lubidine
1054 930 1322 971 emendandi
1353 944 1489 973 causa
1512 946 1573 972 re-

120 1000 383 1052 linqueretur
403 999 582 1049 integra.

178 1066 476 1120 Eugraphium
497 1079 585 1106 non
606 1065 681 1106 uni
704 1066 929 1106 debemus.
992 1065 1159 1107 Praeter
1185 1079 1331 1120 pauca
1347 1067 1461 1107 enim
1482 1068 1574 1118 illa,

122 1148 221 1188 quae
239 1134 370 1188 hujus
392 1134 645 1175 scholiastae
677 1133 876 1175 Faernus
914 1133 977 1174 vir
1012 1134 1376 1187 diligentissimus
1401 1136 1507 1176 olim
1528 1138 1574 1177 in

120 1202 254 1244 ltalia
272 1203 568 1256 provulgavit,
600 1203 691 1243 alia
721 1203 850 1254 longe
882 1202 1011 1256 plura
1039 1215 1095 1242 ex
1130 1202 1441 1256 antiquissimo
1462 1204 1574 1245 libro

121 1269 226 1311 Ant.
248 1270 431 1311 Loiselli
451 1270 494 1311 J.
519 1270 568 1311 C.
602 1283 714 1311 nunc
750 1270 936 1323 primum
973 1270 1113 1310 edita:
1146 1274 1202 1319 et,
1234 1284 1334 1324 quae
1369 1271 1474 1312 huic
1505 1273 1576 1313 de-

121 1342 258 1387 erant,
288 1351 344 1378 ex
373 1338 572 1379 nobiliss.
612 1338 647 1378 F
650 1352 766 1379 ranc.
807 1337 992 1378 Olivarii
1024 1338 1176 1379 codice
1213 1339 1424 1392 suppleta
1459 1345 1574 1380 sunt.

121 1404 282 1446 Cetera
301 1418 404 1446 vero
426 1419 525 1458 quae
546 1405 863 1454 desiderantur,
896 1406 934 1445 si
958 1406 1070 1446 tanti
1091 1404 1365 1456 videbuntur,
1387 1420 1414 1447 a
1434 1406 1575 1448 felici-

122 1473 275 1513 oribus
306 1474 473 1513 meliori
505 1474 673 1515 saeculo
702 1474 792 1514 fors
824 1473 921 1514 fuat
941 1486 996 1514 an
1018 1473 1061 1512 in
1081 1473 1223 1513 lucem
1245 1474 1427 1527 proferri
1448 1479 1575 1529 pote-

118 1546 247 1582 runt:
278 1553 394 1591 nam,
417 1544 465 1581 ut
485 1554 567 1581 nos
587 1541 658 1581 hic
680 1540 805 1581 Italis
826 1540 954 1593 plura
975 1540 1280 1593 praestitimus,
1309 1542 1390 1591 sic,
1413 1542 1489 1583 alii
1509 1543 1575 1584 di-

116 1608 341 1661 ligentiam
359 1613 550 1648 nostram
583 1608 621 1648 si
652 1608 939 1661 supplebunt,
966 1621 1055 1648 non
1088 1608 1393 1650 invidebimus.
1453 1611 1575 1652 Laus

119 1681 189 1717 est
217 1676 408 1730 publica.
469 1675 607 1716 Extat
640 1675 818 1729 quidem
843 1675 1032 1716 Parisiis
1071 1676 1116 1716 in
1151 1676 1422 1719 bibliotheca
1454 1680 1572 1733 regia

118 1748 410 1785 commentum
432 1744 476 1784 in
492 1744 605 1784 hunc
624 1743 869 1793 Comieum,
888 1743 1129 1797 Eugraphii
1145 1745 1276 1786 titulo
1293 1745 1544 1798 insignitum
1563 1762 1572 1789 :

118 1810 199 1852 sed
220 1810 330 1851 adeo
351 1811 568 1864 ineptum,
591 1810 791 1864 adeoque
812 1811 940 1863 nugis
963 1812 1160 1864 plenum,
1193 1817 1238 1853 ut
1273 1826 1371 1855 vere
1401 1817 1494 1868 quis
1517 1829 1573 1856 ex

118 1878 358 1919 Luciorum
380 1878 531 1919 schola
553 1878 726 1919 detonsi
755 1879 990 1933 cujusdam
1014 1881 1277 1921 tenebrionis
1299 1882 1459 1923 dixerit
1478 1884 1574 1924 bla-

118 1950 429 1987 teramentum:
477 1946 646 1987 idcirco
685 1947 818 1987 etiam
856 1946 1073 1999 ejusmodi
1115 1948 1289 1989 affaniis
1336 1949 1573 1992 editionem

117 2014 229 2054 hanc
249 2013 545 2055 contaminare
565 2013 695 2055 nobis
718 2015 872 2067 religio
893 2015 990 2057 fuit.

292 2327 718 2369 EXCERPTA
778 2328 815 2368 E
875 2328 1401 2372 PRAEFATIONE

474 2411 645 2453 FRID.
679 2411 957 2454 HENRICI
988 2413 1217 2455 BOTHE.

493 2508 560 2522 καθ’

403 2534 430 2561 ÷1÷
550 2538 574 2561 4-
588 2518 599 2522 *
688 2533 715 2559 ⁹1<
831 2534 858 2561 ※
974 2534 1000 2560 ,ιε
1116 2536 1142 2563 ειε
1261 2538 1287 2565 κε

121 2600 344 2642 CoLLA'ri
369 2605 471 2642 sunt
501 2602 546 2642 in
578 2615 707 2643 usum
739 2602 870 2656 hujus
891 2604 1098 2644 editionis
1120 2605 1301 2646 codices
1338 2606 1448 2646 Mss.
1471 2619 1569 2655 sex,

117 2668 237 2721 paris
257 2668 574 2722 propemodum
608 2670 753 2711 aetatis
790 2683 954 2721 omnes,
980 2684 1168 2724 quorum
1191 2673 1383 2726 quinque
1402 2674 1571 2725 integri,

121 2736 229 2776 alter
250 2739 399 2775 autem
419 2735 874 2791 Guelferbytanornm‚
896 2752 1024 2791 quem
1053 2741 1339 2793 posteriorem
1363 2754 1493 2789 voco,
1515 2754 1571 2780 ex

206 2797 319 2854 Daph,
337 2817 367 2844 et
386 2814 456 2845 Vur.
474 2815 555 2845 (Ilus.
798 2816 918 2847 Terent.
1458 2820 1483 2847 Β
