1976 3296
357 225 411 266 14-
948 230 1222 264 PRAEFA'rio.

358 329 514 383 potius
534 328 646 369 inter
680 339 727 367 se
761 324 1046 374 confabulari,
1069 337 1199 378 quam
1232 322 1429 363 numeris
1449 322 1647 372 astricta,
1668 321 1810 364 videri
1872 350 1875 352 »

356 397 605 438 voluerunt.
666 392 793 436 Idem
825 398 972 434 tamen
1005 392 1163 433 Cicero
1201 390 1361 431 Parad.
1390 400 1463 430 111.
1495 391 1535 431 2.
1568 391 1581 410 ‘
1603 388 1813 439 Histrio:

357 464 512 517 inquit,
541 466 554 486 ‘
572 463 612 503 si
634 462 814 515 paulum
847 473 895 500 se
925 458 1065 499 movit
1085 461 1209 498 extra
1227 469 1469 506 numerum,
1490 460 1567 498 aut
1595 457 1633 497 si
1655 467 1810 498 versus

357 531 670 585 pronuntiatus
691 534 760 569 est
781 528 954 581 syllaba
976 540 1063 567 una
1084 525 1262 565 brevior
1290 528 1367 565 aut
1387 524 1575 576 longior,
1597 523 1811 564 exsibila-

356 605 426 641 tur
446 602 491 640 et
511 595 791 651 exploditur-³
853 594 987 644 Quod
1005 593 1079 648 qui
1102 592 1197 633 fieri
1219 591 1413 645 potuerit
1431 591 1475 631 in
1493 591 1638 631 Scena
1658 589 1808 638 Nova,

356 669 433 709 ubi
454 667 634 708 alternis
653 670 822 707 tantum
837 663 1019 704 sedibus
1037 660 1249 715 Spondaei
1264 659 1448 712 recepti,
1466 658 1543 699 vix
1561 657 1783 710 intelligas
1798 671 1809 708 ;

355 735 532 784 nedum,
547 733 652 775 side
664 731 814 773 Veteri
832 743 973 771 sermo
988 730 1059 778 sit,
1078 729 1153 769 ubi
1169 728 1399 780 Tragicos,
1417 725 1640 774 Comicos,
1656 724 1811 766 Satiri-

356 814 523 855 cosque
545 799 714 841 lambis
734 797 1082 849 Trochaicisque
1104 795 1306 836 versibus
1335 794 1482 847 plures
1514 792 1809 833 immiscuisse

357 868 609 923 Spondaeos
629 866 844 907 novimus.
907 863 1028 915 Quid
1049 862 1168 916 quod
1190 861 1355 902 numeri
1385 861 1514 901 rebus
1535 859 1705 913 passim
1729 870 1810 912 pa-

356 950 451 978 rum
487 935 768 983 conveniunt,
810 934 1065 986 variumque
1101 929 1354 971 Carminum
1390 939 1526 981 genus
1562 927 1608 967 in
1639 925 1811 975 eodem,

356 1004 471 1045 idem
491 1003 538 1043 in
559 1002 733 1043 diverso
755 999 930 1052 negotio
952 998 1214 1040 adhibetur?
1275 996 1324 1037 Si
1346 1001 1495 1037 tamen
1524 1006 1579 1035 ea
1599 992 1811 1034 Carmina

357 1076 477 1120 sunt,
500 1069 617 1110 unde
650 1067 738 1108 nisi
767 1066 1071 1108 diversissima
1103 1064 1267 1119 pedum
1297 1069 1342 1104 et
1375 1066 1612 1103 metrorum
1647 1072 1811 1114 genera

356 1139 435 1180 vix
455 1137 710 1190 exsculpas.
772 1134 932 1187 Neque
955 1144 1141 1186 semper,
1160 1130 1308 1181 credo,
1333 1130 1527 1183 dignitas
1546 1128 1674 1169 nobis
1691 1127 1812 1169 vide-

357 1212 427 1247 tur
447 1206 489 1246 in
512 1204 651 1246 tardis
671 1202 927 1257 Spondaeis,
962 1214 1106 1254 neque
1139 1200 1435 1241 exardescens
1457 1198 1644 1239 affectus
1679 1197 1725 1237 in
1744 1197 1811 1238 in-

357 1272 634 1315 citatioribus
670 1270 889 1323 Dactylis.
969 1268 1087 1310 Illud
1125 1267 1392 1309 confidenter
1425 1265 1545 1316 dico,
1585 1264 1669 1306 nisi
1708 1264 1811 1318 quis

356 1342 491 1382 multo
512 1340 754 1380 maximam
774 1339 993 1379 literarum
1014 1339 1185 1390 partem
1207 1335 1504 1383 Comicorum,
1542 1336 1586 1373 et
1619 1332 1812 1373 maxime

357 1409 506 1451 Plauti
526 1413 569 1450 et
588 1406 787 1448 Terentii
820 1409 953 1447 aetate
988 1404 1112 1445 aliter
1134 1404 1360 1457 scriptam,
1395 1401 1526 1442 aliter
1556 1399 1810 1454 pronuntia-

358 1484 463 1526 tam,
485 1477 557 1518 vel
578 1475 754 1516 omnino
778 1475 822 1514 in
840 1485 1037 1514 sermone
1059 1484 1358 1525 suppressam,
1378 1469 1497 1522 quod
1523 1481 1640 1508 nunc
1665 1467 1812 1509 Gallis

359 1551 404 1587 et
426 1544 647 1586 Britannis
665 1553 876 1596 perquam
898 1540 1113 1580 familiare
1130 1544 1215 1588 est,
1238 1537 1507 1588 ostenderit3
1541 1535 1620 1577 sed
1641 1538 1697 1585 et,
1713 1550 1812 1590 quae

358 1614 474 1655 illius
497 1616 716 1664 corruptae
739 1608 1120 1663 pronuntiationis
1152 1608 1265 1648 ratio
1286 1606 1430 1655 fuerit,
1452 1604 1726 1646 examussim
1747 1605 1813 1646 in-

358 1680 587 1729 dicaverit,
624 1677 925 1731 nequicquam
968 1674 1182 1716 Licentiae
1217 1673 1414 1714 Comicae
1449 1672 1646 1725 Regulas
1682 1673 1812 1714 nobis

359 1748 658 1789 concinnabit.
718 1745 768 1785 Si
802 1745 919 1785 enim
954 1743 1206 1797 promiscue
1228 1741 1444 1795 syllabam
1476 1741 1626 1780 contra
1645 1739 1814 1793 quanti-

359 1816 464 1857 tatis
485 1815 693 1867 vulgatae,
722 1813 996 1866 diphthongi,
1032 1815 1077 1852 et
1107 1809 1335 1864 positionis
1368 1811 1569 1849 naturam
1600 1808 1815 1860 corripere

357 1883 424 1923 fas
447 1883 519 1932 sit,
541 1881 657 1935 quod
680 1879 905 1921 contendit
924 1878 989 1919 Cl.
1014 1878 1165 1927 Hare3
1199 1876 1237 1916 si
1259 1889 1358 1924 non,
1393 1872 1504 1914 Estis
1531 1886 1613 1923 0008,
1647 1872 1725 1914 sed
1755 1871 1813 1914 c‘te

357 1964 469 1999 vous,
492 1962 592 1990 cum
613 1947 836 1989 hodiernis
857 1946 1016 1995 Gallis,
1045 1944 1102 1984 Yo
1123 1957 1202 1998 pro
1222 1941 1330 1997 Ego,
1353 1955 1451 1982 cum
1474 1940 1694 1994 Hispanis
1716 1939 1815 1981 dix-

358 2018 448 2058 isse
470 2017 644 2070 priscos
666 2014 849 2055 Latinos
872 2013 1091 2054 credimus
1114 2024 1215 2052 cum
1250 2010 1316 2051 Cl.
1337 2008 1516 2058 Wasio,
1538 2007 1646 2062 quid
1678 2020 1813 2049 sonu-

359 2085 442 2125 erit
463 2084 568 2124 viva
588 2082 756 2123 Saeculi
776 2081 980 2122 Plautini
997 2083 1041 2120 et
1062 2077 1324 2120 Terentiani
1339 2089 1444 2126 VOX,
1475 2089 1581 2117 sane
1615 2078 1730 2128 aegre
1753 2089 1812 2123 ex

359 2151 471 2204 ipsis
492 2164 572 2205 per
592 2164 638 2190 se
659 2150 802 2190 literis
825 2148 983 2190 confici
1014 2160 1150 2201 posse
1183 2149 1324 2200 patet.
1384 2143 1443 2184 Et
1463 2142 1814 2196 quotusquisque

360 2222 444 2268 est,
461 2219 536 2271 qui
557 2231 643 2258 non
666 2217 828 2265 videat,
844 2216 1000 2257 eadem
1016 2214 1184 2255 ratione
1206 2216 1367 2254 cuncta
1386 2210 1457 2252 vel
1480 2209 1723 2260 Ciceronis,
1743 2210 1815 2251 cui

361 2285 403 2325 in
425 2285 536 2338 ipsis
558 2284 769 2325 orationis
791 2283 1051 2323 fulminibus
1074 2281 1241 2334 saepius
1277 2278 1414 2320 iambi
1447 2277 1720 2327 exciderunt,
1740 2277 1814 2318 vel

362 2353 679 2406 cujuscumque
710 2351 891 2391 alterius
925 2348 1165 2404 Scriptoris
1199 2359 1337 2401 opera
1371 2345 1428 2387 ad
1463 2348 1644 2386 metrum
1674 2343 1815 2397 redigi

362 2418 528 2472 posse?
588 2417 715 2459 Adeo
737 2417 875 2458 ardua
906 2430 975 2457 res
1011 2419 1093 2467 est,
1132 2415 1188 2456 ad
1219 2413 1438 2456 calculum
1472 2424 1693 2462 revocare,
1724 2423 1813 2465 quo

362 2491 496 2539 pacto
519 2485 626 2538 quid
658 2485 701 2525 in
736 2485 871 2525 veteri
894 2484 1117 2525 orchestra
1139 2482 1195 2523 ad
1218 2482 1373 2523 tibiam
1394 2480 1561 2521 cantari
1583 2484 1629 2520 et
1665 2479 1815 2520 saltari

363 2554 420 2593 sit
437 2553 624 2593 solitum.
670 2551 797 2592 Vidit
815 2551 874 2600 id,
897 2555 940 2592 et
961 2551 1142 2603 ingenue
1158 2548 1361 2603 professa
1381 2551 1450 2588 est
1471 2545 1816 2599 Elegantissima

364 2621 507 2670 Anna,
529 2618 655 2672 cujus
677 2619 908 2659 verissima
926 2619 969 2658 in
991 2618 1076 2658 fine
1097 2616 1384 2658 Praefationis
1404 2615 1538 2655 verba
1558 2616 1684 2656 sunt:
1715 2615 1727 2634 ‘
1743 2611 1814 2653 On

364 2688 563 2741 pourroit
582 2686 690 2727 faire
710 2687 945 2739 beaucoup
969 2686 1022 2727 de
1046 2697 1296 2738 remarques
1328 2696 1399 2724 sur
1418 2682 1745 2734 l’arrangement
1760 2679 1814 2721 de

365 2761 493 2803 muts,
512 2754 586 2808 qui
623 2767 746 2794 assez
781 2758 961 2795 souvent
995 2759 1097 2795 sont
1130 2756 1371 2794 autrement
1403 2749 1559 2804 places
1592 2749 1702 2790 dans
1736 2760 1810 2791 ces
