1903 3306
582 231 788 262 ANmuAE
823 232 932 261 Ac'r.
955 231 1029 260 111.
1061 231 1129 260 sc.
1156 233 1207 261 11.
1534 224 1618 264 331

174 315 242 368 Si.
272 323 403 367 Certe
432 324 547 365 enim
576 325 686 366 scio.
748 325 840 366 DA.
872 325 979 366 Non
1008 324 1115 365 satis
1146 338 1214 366 me
1244 326 1440 379 pernosti
1469 328 1618 378 etiam,

341 392 484 446 qualis
505 393 604 442 sim,
625 392 759 433 Simo.

173 461 240 503 S1.
271 460 417 513 Egone
437 461 514 501 te'?
575 460 671 501 DA.
704 459 805 509 Sed,
826 459 866 500 si
888 459 993 513 quid
1014 472 1186 500 narrare
1206 460 1380 513 occepi,
1412 461 1618 502 continuo

341 527 437 568 dari

169 593 273 648 TQi
313 596 446 648 verba
485 607 653 636 censes.
716 594 782 635 S1.
816 595 962 653 Falso.
1030 595 1117 636 DA.
1147 594 1305 648 Itaque
1341 595 1483 636 hercle
1512 596 1621 637 nihil

332 662 426 716 jam
449 663 604 721 mutire
624 663 780 704 audeo.
883 654 886 655 ⁷
1563 665 1619 704 213

171 728 238 769 S1.
269 728 371 770 Hoc
391 743 472 782 ego
493 731 587 771 scio
607 744 756 782 unum,
782 732 1000 773 neminem
1021 731 1250 786 peperisse
1270 730 1353 772 hic.
1415 731 1508 771 DA.
1541 731 1617 772 In-

340 797 520 837 tellexti.

169 862 258 904 Sed
276 863 410 931 nQo
430 865 574 928 Q
593 879 699 907 mox
721 866 919 907 deferent
937 880 1124 920 puerum
1144 866 1231 907 huc
1252 870 1352 907 ante
1374 865 1534 907 ostium
1551 880 1558 906 :

169 929 224 970 Id
244 943 324 984 ego
338 930 434 985 jam
453 945 569 974 nunc
591 933 671 974 tibi
691 934 901 984 renuntio,
920 934 1059 983 Here,
1080 934 1289 984 futurum,
1313 938 1363 975 ut
1380 934 1441 975 sis
1457 934 1615 974 sciens,

168 997 241 1039 Ne
264 1003 311 1040 tu
331 999 415 1040 hoc
437 1001 541 1041 mihi
561 1002 783 1055 posterius
814 1002 954 1052 dicas,
992 1002 1107 1043 Davi
1127 1002 1290 1043 factum
1313 1002 1517 1052 consilio,
1541 1007 1616 1043 aut

336 1066 466 1108 dolis.

166 1131 356 1174 Prorsus
391 1147 418 1175 a
458 1147 528 1175 me
568 1135 821 1188 opinionem
863 1135 975 1176 hanc
1015 1139 1136 1176 tuam
1177 1147 1276 1176 esse
1307 1148 1390 1188 ego
1423 1140 1615 1178 amotam

333 1201 451 1242 volo.
1559 1204 1617 1244 30

155 1331 260 1369 fuisse
271 1342 340 1363 meo
353 1333 490 1366 consilio.
534 1333 582 1366 S1.
609 1334 700 1366 Certe
714 1334 796 1367 enim
809 1335 872 1365 scio
885 1335 929 1366 sic
943 1345 1019 1367 esse.
1065 1337 1136 1367 DA.
1162 1334 1235 1366 Non
1251 1335 1328 1366 satis
1339 1334 1475 1375 perfecte
1490 1335 1617 1374 not-isti,

162 1376 262 1414 qualis
277 1375 347 1415 sim,
361 1376 460 1408 Simo.
504 1377 555 1409 S1.
579 1376 632 1409 An
653 1388 709 1417 ego
735 1388 794 1408 non
815 1378 893 1409 satis
916 1379 987 1409 novi
1012 1376 1068 1410 te?
1113 1379 1181 1410 DA.
1205 1378 1280 1416 Sed,
1295 1378 1323 1408 si
1336 1378 1410 1417 quid
1423 1387 1554 1409 narrare
1568 1380 1616 1408 in-

162 1418 240 1457 cepi,
253 1419 361 1449 statim
374 1423 406 1451 te
410 1419 489 1458 falli
504 1421 652 1460 opinaris.
697 1421 748 1452 Sr.
768 1421 860 1452 Falso
872 1421 906 1452 id
921 1422 1041 1462 opinor,
1056 1421 1184 1452 scilicet.
1228 1421 1299 1452 DA.
1323 1421 1430 1460 ltaque
1445 1421 1617 1452 mehercule

163 1460 332 1500 amimam,
349 1472 388 1493 ne
402 1472 452 1494 mu
468 1464 590 1503 quidem
605 1465 706 1494 dicere
727 1464 834 1494 audeo.
879 1464 933 1496 Sr.
958 1464 1028 1495 Hoc
1041 1475 1097 1503 ego
1118 1474 1211 1495 unum
1233 1464 1308 1502 scio,
1328 1465 1441 1494 nullam
1455 1464 1616 1494 mulierem

160 1503 314 1543 peperisse
334 1504 385 1535 hic
405 1505 439 1536 in
464 1507 552 1536 domo
581 1506 733 1547 Glycerii.
780 1506 851 1538 DA.
875 1506 928 1537 An
953 1511 1036 1538 certo
1059 1507 1119 1538 scis
1143 1505 1245 1538 illud?
1269 1507 1341 1545 Sed,
1355 1507 1500 1547 quicquid
1522 1506 1619 1546 scias,

161 1547 264 1576 tamen
279 1547 399 1578 ancillae
418 1549 560 1590 Glycerii
575 1559 648 1579 mox
660 1550 808 1589 deponent
825 1548 975 1588 inflantem
991 1552 1063 1580 ante
1084 1550 1196 1580 ostium
1215 1552 1365 1580 nostrum.
1411 1550 1450 1579 Id
1474 1559 1530 1588 ego
1544 1550 1615 1588 jam

161 1597 242 1619 nunc
256 1589 316 1619 tibi
330 1591 477 1630 praedico,
493 1592 576 1629 here,
591 1591 716 1629 factum
738 1592 793 1628 iri,
814 1596 850 1623 ut
873 1593 988 1623 certior
1002 1592 1056 1632 sis,
1077 1603 1115 1623 ne
1141 1596 1175 1623 tu
1195 1592 1250 1623 hoc
1264 1596 1367 1632 postea
1391 1592 1475 1622 dicas
1490 1591 1613 1630 factum

161 1639 225 1662 esse
240 1631 326 1663 Davi
341 1642 432 1664 suasu
446 1637 476 1665 et
481 1633 662 1671 fraudibus.
711 1634 845 1665 Omnino
867 1635 945 1666 hanc
967 1645 1083 1666 omnem
1097 1636 1300 1676 suspicionem
1316 1638 1400 1666 tuam
1414 1645 1433 1665 α
1449 1645 1495 1666 me
1509 1635 1614 1675 depul-

768 1729 1003 1742 eeeeeeeeeeee

160 1800 220 1822 nas
248 1791 308 1823 tibi
336 1793 433 1826 istoec.
456 1794 646 1826 Bent.—23
682 1796 871 1828 Rotundius
899 1802 935 1828 et
962 1797 1075 1828 verius
1107 1797 1176 1828 sic:
1207 1797 1279 1828 Non
1306 1797 1385 1828 satis
1405 1798 1543 1837 pernosti
1567 1808 1616 1830 me

160 1835 263 1865 etiam.
286 1836 389 1867 Bent.
434 1835 617 1869 Accedunt
645 1839 739 1870 Perl.
766 1841 955 1872 Rom-24
979 1840 1079 1871 Bodl.
1105 1840 1167 1871 Sed
1192 1840 1264 1880 quid
1293 1840 1351 1870 tibi
1372 1850 1502 1872 narrare
1528 1843 1613 1881 coepi.

158 1877 269 1909 West.
300 1879 405 1910 Metri
421 1885 458 1910 et
474 1882 656 1912 sententiae
668 1883 777 1922 gratia
791 1884 867 1924 lege
883 1885 953 1923 Ego
968 1894 1027 1914 non
1043 1887 1074 1914 te
1085 1881 1101 1914 2
1139 1883 1298 1914 Ceterum
1312 1883 1410 1923 plane
1426 1884 1546 1915 inutile
1563 1891 1615 1915 est

159 1920 228 1960 tibi,
242 1921 334 1960 quod
352 1922 458 1953 nostri
475 1924 573 1954 codd.
591 1924 717 1956 habent
734 1931 814 1957 ante
832 1927 840 1943 ‘
852 1926 1014 1957 narrare?
1039 1926 1137 1956 Bene.
1175 1926 1336 1966 Sequitur
1353 1926 1446 1957 Peri.
1465 1931 1498 1957 at
1511 1927 1614 1958 Both.

157 1963 217 1993 dat
238 1963 338 2003 Egon’
351 1963 407 1996 te?
452 1966 523 1997 DA.
549 1967 606 1998 Set
621 1967 735 2008 siquid
749 1978 894 2000 enarrare
906 1970 1019 2009 occepi.
1069 1969 1138 1999 Tibi
1154 1968 1213 1999 dat
1229 1969 1288 2000 Br.
1313 1973 1347 2000 et
1369 1974 1465 2000 notat
1481 1969 1590 2000 Bruns
1605 1982 1613 2001 ε

154 2005 164 2022 ‘
178 2005 271 2037 Edit.
289 2007 398 2039 omitt.
415 2007 485 2045 tibi,
502 2014 537 2040 et
553 2015 606 2041 est
621 2011 654 2040 in
669 2011 736 2042 Ms.
753 2012 1035 2052 superscriptum,
1050 2011 1110 2042 sed
1125 2012 1234 2042 literis
1251 2016 1430 2042 contextus
1446 2017 1481 2042 et
1493 2012 1613 2043 eadem

155 2048 283 2080 manu.’
329 2049 399 2081 Dat
414 2055 450 2080 et
467 2051 584 2082 Guelf.
600 2055 632 2083 3.
666 2053 774 2092 Egone
789 2054 915 2085 habere
937 2052 1053 2086 Guelf.
1071 2057 1100 2085 2.
1125 2057 1156 2085 3.
1182 2059 1298 2085 monet
1321 2055 1497 2086 Perl.—25
1523 2055 1613 2086 lund

152 2090 292 2122 ‘Falso’
304 2102 495 2134 quanquam
506 2104 622 2125 omues
636 2095 712 2126 libri
724 2097 877 2128 tribuunt
889 2097 1027 2136 Simoni,
1042 2107 1117 2128 cum
1132 2101 1244 2128 tamen
1259 2106 1400 2137 persona
1413 2098 1556 2129 hominis
1567 2099 1613 2129 sit

156 2133 345 2175 iudignum,
362 2135 426 2176 ipsi
443 2136 540 2168 Davo
557 2147 690 2178 quoque
709 2140 949 2170 ascribendum
966 2145 1060 2180 puto.
1078 2140 1175 2170 Beut.
1209 2140 1378 2171 Dissentit
1392 2141 1485 2171 Pei-l.
1512 2142 1612 2182 Legit

158 2176 259 2209 Both.
273 2178 399 2209 Falson’
412 2177 512 2210 ?—26
536 2180 735 2212 ‘intellexti
749 2181 758 2194 ’
771 2191 846 2213 cum
864 2182 1028 2222 interrog.
1046 2183 1105 2213 ΒΥ.
1123 2188 1159 2213 et
1175 2183 1214 2214 Z.
1259 2183 1330 2222 Ego
1346 2183 1442 2214 abest
1459 2194 1477 2214 a
1493 2183 1611 2215 Guelf.

156 2221 189 2250 2.
205 2222 322 2252 3.-27
348 2222 402 2253 Ne
416 2231 543 2261 puerum
559 2223 592 2253 in
608 2223 711 2254 Thesi
729 2224 961 2264 absorbeatur,
986 2226 1116 2256 colloca
1137 2236 1210 2256 mox
1230 2235 1358 2265 puerum
1382 2227 1439 2257 huc
1461 2226 1611 2265 deferent.

156 2261 256 2294 Bent.
301 2263 498 2305 Sequuntur
524 2266 619 2296 Peri.
648 2266 835 2298 Eunu-28
859 2268 956 2299 Ordo
986 2268 1086 2299 codd.
1115 2273 1149 2300 et
1179 2274 1263 2299 vett.
1290 2268 1368 2300 edd.
1394 2270 1513 2300 melior
1537 2274 1611 2301 est:

154 2305 223 2344 tibi,
239 2305 324 2345 here,
339 2316 406 2338 ren.
454 2307 588 2340 Auctor
603 2313 714 2340 tamen
732 2309 841 2341 adhuc
858 2311 980 2341 melius
1007 2310 1152 2342 fortasse
1180 2311 1251 2350 tibi,
1274 2312 1357 2351 ltere,
1380 2321 1445 2343 ren.
1464 2321 1526 2343 esse
1539 2312 1611 2351 fut.

153 2347 255 2378 Bent.
311 2349 393 2389 Tibi,
422 2350 506 2390 here,
542 2361 608 2382 ren.
638 2351 785 2389 futurum
812 2353 870 2384 dat
901 2354 995 2385 Perl.
1041 2354 1121 2385 Ren.
1152 2354 1222 2394 tibi,
1243 2355 1328 2391 here,
1344 2354 1494 2392 futurum
1509 2355 1609 2385 Both.

154 2390 240 2428 Tibi,
263 2391 344 2431 here,
368 2393 478 2424 nuntio
490 2395 639 2432 futurum
656 2396 714 2425 ΒΓ.
730 2401 766 2426 et
782 2400 879 2427 notat
895 2397 1008 2427 Bruns
1023 2408 1029 2426 :
1054 2398 1063 2413 ‘
1079 2397 1148 2428 Pro
1163 2398 1272 2427 nuntio
1288 2398 1366 2428 olim
1382 2396 1447 2428 fuit
1463 2397 1609 2429 fortasse

150 2433 295 2464 renuntio
311 2435 345 2465 in
362 2436 431 2466 Ms.
447 2441 549 2477 atque
564 2439 612 2468 sic
629 2437 722 2469 edit!
768 2438 879 2469 Abest
898 2440 1048 2478 futurum
1074 2449 1092 2470 a
1121 2439 1237 2471 Guelf.
1259 2442 1378 2471 2.-29
1402 2440 1443 2471 G.
1463 2441 1500 2472 F.
1516 2441 1611 2471 delet

151 2474 189 2506 τὸ
202 2476 300 2516 dicas,
324 2477 367 2508 ob
381 2484 539 2516 metrum,
561 2485 597 2510 et
614 2486 650 2511 ut
669 2481 846 2511 rotundior
863 2482 905 2512 sit
929 2487 962 2512 et
988 2482 1139 2513 ornatior
1161 2483 1343 2513 sententia.
1372 2483 1471 2514 West.
1515 2483 1609 2514 Tolie

150 2519 227 2550 milti
243 2528 359 2551 versus
376 2521 498 2560 gratia.
523 2522 620 2554 Bent.
668 2523 738 2553 Hoc
762 2526 914 2563 posterius
936 2525 1022 2556 Davi
1038 2524 1164 2563 sactum
1182 2526 1268 2557 dicas
1284 2526 1385 2557 Both.
1403 2526 1609 2557 edidit.——30

150 2560 260 2594 Abest
275 2572 332 2602 ego
348 2564 380 2594 in
395 2563 492 2596 Junt.
521 2565 616 2597 West.
663 2565 836 2598 Romanus
864 2567 939 2598 cod.
967 2568 1075 2599 omitt.
1102 2569 1191 2600 hanc.
1215 2569 1308 2600 Perl.
1354 2569 1409 2600 Sic
1426 2570 1484 2600 ΒΓ.
1511 2570 1608 2600 Tuam

807 2664 948 2696 NOTAE

189 2736 229 2765 25
252 2734 328 2764 Jam
354 2735 467 2766 mutire
492 2736 604 2776 audeo]
639 2738 699 2768 Mu
727 2748 847 2770 canum
902 2749 1041 2771 corum:
1068 2739 1158 2770 unde
1184 2738 1352 2779 grunnire.
1391 2740 1434 2770 Et
1459 2741 1608 2773 mutium:

144 2788 215 2825 est,
229 2783 339 2825 inquit
366 2784 550 2828 Charisius,
567 2788 654 2820 sicut
681 2798 741 2830 gru
770 2799 846 2830 por·
902 2799 1015 2831 canes,
1032 2800 1106 2822 cum
1122 2789 1290 2831 incipiunt
1306 2788 1443 2821 irritari.
