1903 3306
347 233 432 275 250
792 245 1046 277 RchRDUs
1085 245 1362 277 ssENTLmUS

347 339 417 378 sed
437 339 529 377 dum
560 339 669 377 abest
688 338 793 389 quod
815 351 988 385 avemuS,
1007 339 1271 377 credimus-an
1298 338 1363 390 qui
1391 346 1537 385 amant,
1558 339 1591 378 si
1609 338 1671 378 me
1691 352 1797 379 amas

345 404 484 454 inquit,
499 412 612 442 cocto
639 404 731 441 num
752 403 866 441 adest
885 403 1009 441 honor
1028 402 1144 441 idem.
1199 404 1243 440 In
1259 403 1319 440 his
1336 412 1464 441 autem
1485 403 1648 454 aliisque
1667 404 1798 443 simili-

343 468 418 504 bus
440 467 511 505 tria
531 474 623 504 sunt
641 466 907 508 observanda;
931 478 1130 516 nunquam
1155 466 1229 504 hoc
1257 467 1336 504 fieri
1357 467 1431 504 nisi
1459 467 1498 504 in
1526 468 1643 505 verbo
1662 480 1799 506 mono-

346 530 521 581 syllabo3
554 530 660 581 quod
690 531 849 568 verbum
876 529 907 567 si
928 529 967 566 in
987 530 1159 567 vocalem
1193 529 1284 575 exit,
1315 537 1468 581 oportet
1497 530 1686 582 syllabam
1711 544 1798 569 esse

343 594 502 645 longam
519 607 529 638 ;
552 594 671 632 ictum
688 593 856 643 denique
876 592 1017 630 habere
1033 593 1071 629 in
1093 593 1216 643 prima
1233 593 1386 645 syllaba
1406 595 1608 645 anapaesti.
1649 595 1798 632 Harum

344 670 434 695 vero
464 658 732 696 conditionum
762 657 981 707 ignorantia
1007 664 1102 707 quot
1121 669 1244 708 nuper
1271 658 1419 709 peperit
1443 658 1622 696 errores?
1648 658 1741 697 dum
1760 666 1799 696 et

343 722 382 758 in
410 722 663 773 polysyllabis
693 722 833 767 verbis,
867 728 907 759 et
938 721 976 758 in
1011 721 1172 773 syllabis
1202 722 1396 768 brevibus,
1425 721 1520 760 etin
1542 722 1670 762 aliena
1689 722 1798 768 sede,

346 798 463 835 posse
484 786 563 823 fleri
584 786 658 823 hoc
675 786 963 824 existimabant.
1685 789 1688 792 ’

396 850 526 900 Atque
556 850 745 888 hactenus
779 849 827 888 de
860 849 1017 887 licentia
1049 849 1296 895 Terentiana,
1325 848 1450 900 deque
1484 849 1567 900 ejus
1597 849 1797 898 limitibus,

344 914 506 951 modicis
528 927 622 952 sane
643 914 719 952 illis
741 927 867 965 neque
887 913 1141 951 incommodis
1160 927 1170 951 ι
1192 914 1346 964 qualem
1366 913 1481 952 hodie
1500 913 1540 951 in
1560 915 1685 965 poe'tis
1705 929 1796 954 nos-

342 978 505 1016 tratibus
535 979 734 1029 patriaque
766 978 902 1029 lingua
926 977 1118 1028 patienter
1147 976 1319 1016 ferimus.
1376 976 1481 1020 Quin
1513 984 1553 1016 et
1571 978 1694 1016 ausim
1713 980 1798 1030 pol·

341 1042 448 1080 liceri
468 1055 709 1093 sponsorque
728 1043 823 1089 fore,
852 1041 1026 1093 quemvis
1046 1040 1350 1087 adolescentem,
1380 1040 1552 1092 vulgaris
1572 1042 1689 1080 modo
1708 1055 1798 1094 pro-

341 1106 464 1144 sodiae
499 1114 538 1145 et
568 1107 800 1159 syllabarum
836 1106 1064 1157 quantitatis
1096 1106 1315 1152 callentem,
1354 1105 1457 1144 lecta
1487 1119 1568 1144 una
1600 1106 1797 1158 alteraque

341 1170 524 1209 editionis
540 1179 683 1209 nostrae
700 1184 830 1216 scena,
847 1183 917 1209 suo
935 1171 1062 1208 Marte
1079 1183 1123 1208 ac
1144 1171 1227 1208 sine
1247 1170 1434 1221 magistro
1453 1176 1577 1208 totum
1595 1169 1671 1208 hoc
1691 1171 1797 1221 quod

341 1235 527 1285 quaeritur
555 1242 843 1286 percepturum.
898 1235 986 1279 Quo
1017 1235 1141 1285 magis
1166 1235 1317 1281 mirum,
1345 1234 1537 1285 quosdam
1557 1241 1685 1273 cetera
1703 1235 1797 1274 doc-

340 1298 525 1345 tissimos‚
547 1300 616 1337 sed
637 1300 677 1337 in
696 1300 756 1338 his
777 1300 891 1337 rebus
911 1298 1027 1351 paulo
1048 1300 1372 1350 ὀψιμαθεστέρους,
1392 1305 1472 1336 tam
1491 1298 1698 1336 immodica
1714 1312 1797 1336 ver-

340 1362 477 1399 borum
497 1376 640 1415 pompa
659 1377 700 1402 se
721 1370 760 1402 et
781 1376 936 1414 operam
960 1375 1070 1400 suam
1091 1362 1250 1400 efferre:
1281 1362 1393 1412 quasi
1412 1368 1532 1399 tantae
1561 1361 1672 1399 molis
1693 1369 1798 1400 esset

341 1425 557 1464 Romanam
579 1441 683 1465 nuuc
704 1427 913 1473 licentiam,
943 1433 1103 1478 quantae
1133 1427 1222 1464 olim
1254 1433 1337 1463 erat
1368 1433 1538 1476 gentem,
1558 1425 1794 1463 condidisse.

341 1490 479 1541 Neque
498 1498 643 1538 tamen,
672 1492 704 1529 si
724 1491 799 1542 ipsi
819 1490 1004 1529 audiendi
1026 1498 1130 1535 sunt,
1161 1489 1350 1528 immerito
1371 1489 1610 1540 gloriantur:
1640 1502 1729 1527 cum
1748 1502 1795 1527 ex

339 1567 471 1592 eorum
494 1556 686 1593 sententia
706 1555 801 1593 nihil
829 1568 904 1592 non
926 1554 1119 1592 veteribus
1141 1553 1310 1592 Cornicis
1332 1560 1372 1591 et
1390 1552 1542 1590 licuerit
1557 1560 1596 1590 et
1615 1552 1792 1591 libuerit:

338 1625 383 1656 ut
402 1625 480 1656 tam
501 1632 612 1669 vagae
633 1620 798 1658 licentiae
817 1618 957 1657 limites
979 1617 1078 1655 ullos
1108 1618 1301 1668 posuisse,
1329 1615 1487 1668 perinde
1507 1615 1558 1653 sit
1576 1628 1622 1653 ac
1643 1616 1797 1654 Sarma-

339 1688 399 1719 tas
427 1689 465 1720 et
486 1683 659 1721 Gelonos
689 1684 789 1721 intra
818 1695 975 1732 campos
1009 1694 1100 1719 suos
1131 1680 1364 1718 coercuisse.
1423 1679 1615 1716 Nimirum
1645 1679 1683 1717 hi
1714 1693 1793 1718 non

336 1745 442 1796 ipsos
462 1747 612 1796 poetas,
630 1759 708 1784 non
729 1754 849 1785 artem
868 1752 907 1784 et
920 1745 1087 1796 rhythmi
1108 1745 1278 1795 genium,
1296 1743 1366 1781 sed
1387 1742 1563 1781 librarios
1580 1743 1652 1781 sibi
1672 1743 1794 1783 duces

339 1818 522 1853 sumunt;
554 1818 592 1849 et
620 1818 679 1848 tot
709 1811 787 1849 fere
815 1810 1057 1847 licentiarum
1077 1809 1229 1860 species
1252 1808 1322 1846 sibi
1342 1809 1509 1858 fingunt,
1536 1814 1635 1858 quot
1652 1807 1692 1845 in
1712 1814 1795 1847 toto

339 1873 481 1912 Plauto
500 1875 759 1926 Terentioque
781 1875 930 1912 vitiosae
958 1873 1146 1911 lectiones
1179 1885 1282 1910 nunc
1314 1878 1486 1915 restant;
1517 1871 1663 1922 unique
1692 1872 1795 1921 loco,

340 1938 405 1988 qui
431 1938 700 1977 emendandus
730 1946 824 1985 erat,
854 1951 900 1976 ex
929 1938 1047 1976 altero
1068 1949 1179 1987 aeque
1199 1935 1390 1974 mendoso
1409 1935 1667 1987 patrocinium
1687 1949 1795 1987 quae-

337 2008 441 2039 runt.
512 2002 616 2045 Quid
639 2002 776 2040 mirum
796 2002 926 2053 igitur,
956 2002 1000 2047 si,
1032 2013 1109 2051 quo
1142 1999 1263 2050 major
1292 1999 1339 2036 iis
1368 2005 1448 2036 tam
1481 1998 1593 2037 falsae
1624 2000 1795 2038 metricae

339 2065 476 2102 notitia
496 2067 673 2112 accrevit,
702 2080 748 2105 eo
776 2067 812 2104 in
836 2066 933 2112 dies,
963 2072 1005 2103 ut
1031 2071 1258 2116 queruntur,
1287 2063 1412 2114 magis
1433 2062 1648 2102 decreverit
1664 2077 1795 2102 emen-

338 2128 539 2166 dationum
562 2143 717 2168 suarum
739 2129 951 2168 numerus?
1007 2128 1123 2174 Illud,
1157 2128 1190 2165 si
1221 2126 1391 2173 dubitas,
1421 2126 1598 2177 exemplo
1627 2126 1700 2170 sit;
1729 2126 1795 2165 ubi

342 2192 472 2230 Plauti
506 2195 736 2232 auctoritate
770 2194 891 2245 pedes
923 2194 1086 2232 creticos
1121 2192 1161 2230 in
1190 2191 1372 2230 trimetris
1400 2190 1610 2229 asciscunt.
1669 2191 1795 2229 Locus

342 2255 654 2307 elegantissimus
675 2266 748 2305 est,
768 2259 1004 2304 Trinummo,
1023 2271 1053 2296 1.
1069 2259 1107 2294 2.
1126 2257 1165 2294 in
1181 2257 1365 2302 urbanos,
1383 2266 1482 2305 quos
1499 2259 1614 2292 vocat
1628 2266 1794 2300 scurras,

450 2355 525 2397 Qui
553 2355 681 2392 omnia
703 2369 743 2394 se
765 2355 950 2394 simulant
970 2353 1081 2400 scire,
1110 2366 1181 2392 nec
1201 2350 1412 2403 quicquam
1433 2350 1584 2389 sciunt:

446 2419 562 2462 Quod
583 2420 748 2471 quisque
769 2421 805 2457 in
825 2420 953 2458 animo
974 2418 1093 2456 habet
1113 2424 1180 2455 aut
1198 2415 1432 2461 habiturust,
1453 2414 1608 2452 sciunt:

444 2483 593 2529 Sciunt,
616 2484 721 2534 quod
743 2484 780 2521 in
802 2496 931 2521 aurem
952 2481 1018 2520 rex
1038 2482 1180 2533 reginae
1202 2479 1364 2518 dixerit:

448 2548 598 2593 Sciunt,
621 2549 725 2599 quod
745 2549 849 2585 Juno
870 2547 1081 2585 fabulatast
1100 2546 1187 2584 etim
1210 2544 1311 2582 Jove
1335 2556 1343 2581 :

447 2611 544 2654 Qum
566 2624 691 2661 neque
712 2613 752 2648 fu
775 2611 782 2662 Ι
807 2618 894 2649 tura
914 2624 1039 2661 neque
1065 2609 1071 2662 Ι
1096 2610 1200 2647 facta
1221 2614 1311 2646 sunt
1337 2606 1342 2658 Ι
1369 2614 1495 2644 tamen
1517 2604 1573 2642 illi
1593 2605 1736 2643 sciunt.

339 2707 450 2744 Duos
470 2706 547 2743 illic
568 2707 730 2744 creticos
752 2713 974 2756 agnoscunt
992 2712 1030 2743 et
1050 2704 1257 2755 accipiunt,
1271 2700 1513 2752 dactylorum
1529 2699 1674 2737 scilicet
1690 2700 1792 2737 vica-

338 2770 436 2807 rios:
467 2782 592 2819 neque
628 2769 700 2807 hoc
735 2769 921 2815 contenti,
953 2769 1154 2806 innumera
1184 2763 1404 2815 hujusmodi
1436 2769 1616 2813 portenta
1650 2761 1790 2801 Plauto
