1903 3306
498 238 723 269 EUNUCH!
750 240 946 271 Ac‘r.1v.
980 241 1046 272 sc,
1069 243 1157 272 vu.
1482 239 1567 280 499

116 327 235 370 Scin’
256 331 317 379 tu,
338 331 385 370 ut
405 329 484 370 tibi
505 341 574 370 res
597 342 644 370 se
663 330 861 372 habeat?
893 332 931 373 si
963 332 1205 386 quicquam
1232 335 1360 378 hodie
1386 337 1458 380 hic
1480 343 1567 380 tur-

289 397 358 437 bae
380 395 588 449 coeperis,
1511 406 1568 446 30

117 463 312 512 Faciam,
332 468 383 504 ut
402 462 534 516 hujus
553 463 660 513 loci,
681 463 875 517 dieique,
896 466 1086 519 meique,
1112 481 1285 522 semper
1304 471 1567 514 memineris.

116 528 213 572 GN.
243 529 427 570 Miseret
449 530 514 570 tui
535 543 620 580 me,
643 532 720 585 qui
740 531 856 573 hunc
877 538 1043 576 tantum
1064 535 1280 577 hominem
1311 537 1454 579 facias
1487 539 1569 580 ini-

285 597 447 638 micum
465 597 559 638 tibi.

116 662 202 705 CH.
236 663 492 705 Diminuam
512 677 591 717 ego
613 669 751 719 caput
764 670 886 708 tuum
902 667 1047 719 hodie,
1064 670 1152 710 nisi
1170 671 1280 712 abis.
1341 671 1435 714 GN.
1465 672 1569 714 Ain’

283 742 403 780 vero,
426 731 581 772 canis?

114 798 291 840 Siccine
332 799 457 851 agis?
517 798 644 838 THR.
676 798 792 849 Quis
829 804 874 842 tu
906 815 954 842 es
989 803 1155 845 homo?
1202 805 1309 859 quid
1346 806 1427 847 tibi
1462 807 1564 849 vis?

285 864 391 918 quid
412 878 513 905 cum
534 864 616 906 illa
636 867 699 906 rei
721 867 800 907 tibi
823 870 926 909 est'?

112 932 202 974 CH.
234 932 405 974 Scibis:
429 933 643 986 principio
664 946 762 975 eam
782 949 880 976 esse
901 937 1001 978 dico
1022 939 1217 980 liberam.
1271 940 1399 982 THR.
1424 941 1565 984 Hem!

286 1000 375 1042 CH.
405 999 561 1041 Civem
582 999 795 1042 Atticam.
854 1003 928 1044 ΤΗ
940 1018 979 1045 R.
1018 1006 1113 1047 Hui
1132 1008 1140 1048 !
1510 1010 1568 1052 35

113 1067 199 1109 CH.
231 1067 383 1109 Meam
403 1080 613 1109 sororem.
671 1068 799 1110 THR.
833 1069 896 1111 Os
917 1072 1098 1114 durum!
1160 1074 1247 1117 CH.
1280 1075 1430 1129 Miles,
1450 1090 1565 1120 nunc

282 1135 394 1176 adeo
414 1135 540 1176 edico
565 1135 659 1186 tibi,

113 1202 184 1243 Ne
216 1203 306 1245 vim
336 1203 475 1244 facias
498 1203 629 1244 ullam
663 1204 708 1245 in
734 1204 873 1247 illam.
933 1208 1086 1259 Thais,
1115 1223 1196 1263 ego
1218 1224 1271 1253 eo
1294 1212 1351 1254 ad
1372 1213 1565 1268 Sophro-

282 1284 386 1312 nam

113 1337 359 1388 Nutricem,
380 1342 431 1379 ut
451 1351 547 1379 eam
568 1339 802 1391 adducam,
819 1346 862 1382 et
877 1342 999 1395 signa
1015 1344 1245 1387 ostendam
1266 1346 1378 1389 haec.
1439 1348 1565 1390 THR-

281 1405 392 1446 Tun'
413 1419 481 1447 me
502 1407 751 1460 prohibeas,

112 1472 264 1514 Meam
284 1486 338 1514 ne
364 1476 571 1526 tangam?
632 1474 719 1516 CH.
751 1475 988 1528 Prohibeo,
1021 1478 1215 1532 inquam.
1277 1481 1370 1522 GN.
1402 1481 1566 1524 Audin'

282 1545 332 1581 tu
350 1541 368 1581 ‘i
403 1541 472 1582 hic
492 1540 594 1583 furti
616 1555 665 1583 se
689 1543 856 1596 alligat.

110 1607 230 1649 Satis
250 1606 333 1648 hoc
354 1607 435 1648 tibi
467 1612 549 1650 est.
609 1608 735 1649 THR.
767 1610 894 1653 Idem
923 1612 1009 1654 hoc
1032 1617 1080 1654 tu
1103 1614 1186 1665 ais,
1207 1615 1374 1657 Thais?
1434 1616 1560 1659 THA.

281 1674 460 1726 Quaere,
484 1676 562 1730 qui
583 1677 864 1731 respondeat.
1506 1686 1564 1727 40

106 1810 144 1842 Si
157 1811 206 1842 vel
220 1811 377 1844 minimam
392 1814 514 1845 turbam
525 1814 614 1846 hodie
628 1815 678 1846 hic
688 1816 895 1857 commoveris,
902 1818 1036 1858 faciam,
1045 1822 1080 1850 ut
1092 1818 1182 1858 hujus
1192 1820 1261 1859 loci,
1273 1821 1349 1860 diei,
1361 1821 1477 1862 meique
1485 1831 1563 1853 sem-

101 1863 159 1895 per·
166 1855 342 1886 memoriam
351 1856 473 1888 habeas.
498 1857 567 1889 GN.
585 1858 738 1889 Illisereor
749 1860 808 1897 tui,
816 1861 968 1900 qaihzcjas
978 1862 1059 1892 tanti
1070 1863 1202 1894 hominis
1209 1864 1392 1895 inimicitias
1401 1865 1563 1904 suscipias.

108 1897 176 1927 CH.
201 1897 378 1937 Infringam
390 1904 480 1940 caput
495 1904 581 1931 taam
595 1901 694 1941 hodie,
707 1903 770 1932 m’si
784 1903 860 1933 abis.
885 1903 955 1934 GN.
974 1904 1095 1936 Siccine
1110 1906 1252 1944 minaris,
1267 1907 1449 1946 impudens?
1468 1908 1563 1938 Tun.

109 1938 188 1973 Quis
203 1943 237 1970 tu
251 1941 336 1971 homo
347 1945 400 1973 es?
426 1943 511 1977 Quid
525 1943 583 1974 tibi
595 1943 641 1974 vis
651 1948 664 1975 ?
687 1945 771 1979 Quid
787 1945 900 1976 tibirez'
914 1951 960 1977 est
969 1957 1037 1977 cam
1048 1948 1124 1978 illa?
1147 1949 1214 1979 CH.
1235 1949 1376 1980 Primam
1391 1960 1447 1989 ego
1459 1960 1563 1980 assero

105 1991 173 2012 eam
186 1991 250 2013 esse
264 1983 401 2015 liberam.
426 1986 522 2016 TER.
539 1985 645 2017 Hem!
670 1987 737 2017 CH.
758 1987 863 2018 Civem
873 1989 1024 2019 Atticam.
1047 1991 1142 2021 THR.
1159 1991 1254 2022 Hui!
1276 1993 1343 2023 CH.
1364 1993 1469 2023 Meam
1480 2002 1563 2023 soro-

104 2033 179 2054 rem.
209 2025 306 2056 Tan.
324 2027 356 2057 F
356 2037 427 2057 rons
431 2028 541 2065 ferrea
553 2028 568 2059 !
591 2029 658 2060 CH.
676 2029 783 2067 Miles,
799 2040 878 2060 minc
891 2031 984 2062 etiam
995 2032 1052 2062 tibi
1063 2033 1222 2071 denuntio,
1234 2044 1272 2065 ne
1284 2035 1346 2065 vim
1358 2036 1452 2065 ullam
1455 2036 1562 2073 facias

104 2071 210 2098 contm
219 2068 314 2099 illam.
342 2070 446 2107 Thais,
461 2080 517 2109 ego
532 2081 565 2102 eo
576 2072 616 2101 ad
626 2071 815 2112 Sophronam
828 2073 991 2112 nutricem,
1007 2078 1042 2105 ut
1051 2085 1117 2106 eam
1132 2075 1189 2106 huc
1203 2078 1363 2116 adducam,
1377 2081 1408 2108 et
1419 2079 1483 2108 haec
1498 2089 1561 2108 mo-

104 2113 249 2141 numerata
264 2111 436 2150 agnitionis
459 2114 626 2144 ostendam.
670 2114 763 2144 THR.
791 2116 875 2146 Tane
895 2116 1056 2155 prohibere
1074 2119 1186 2158 possis,
1212 2129 1249 2150 ize
1264 2120 1295 2150 in
1321 2129 1439 2151 servam
1463 2131 1562 2151 meam

104 2161 227 2183 manum
240 2153 400 2191 injiciam?
445 2155 512 2185 CH.
537 2156 700 2187 Prohibeo.
746 2157 864 2188 Iterum
880 2158 937 2189 tibi
952 2160 1110 2191 denuntio.
1156 2161 1225 2192 GN.
1251 2162 1402 2202 Aufisne,
1420 2163 1561 2194 Thraso?

105 2195 264 2234 Hicsurti
274 2206 307 2227 se
322 2197 538 2235 reuinfatetm·
551 2199 679 2237 scilicet,
692 2208 726 2229 se
740 2200 808 2230 dolo
823 2201 902 2231 malo
918 2211 982 2231 rem
997 2213 1015 2233 a
1027 2203 1150 2243 proprio
1165 2204 1285 2235 domino
1301 2205 1422 2243 auferre
1438 2210 1468 2236 et
1482 2206 1561 2237 ‹leti-

104 2247 188 2269 nere.
230 2238 390 2281 Sufficitne
405 2240 459 2271 hoc
482 2240 541 2271 tibi
565 2242 605 2271 ad
620 2243 813 2282 repetendam
836 2243 869 2273 in
890 2243 964 2281 jare
990 2245 1141 2283 virginem
1161 2256 1280 2277 serram
1310 2247 1419 2279 tuam?
1462 2249 1560 2279 THR.

104 2280 158 2311 An
171 2281 253 2312 idem
263 2283 318 2313 hoc
333 2284 391 2323 ais,
406 2284 485 2323 quod
503 2283 663 2325 Chremes,
683 2284 796 2315 Thais?
827 2286 900 2318 ΤΗ.
924 2287 1079 2327 Indignus
1093 2298 1126 2320 es
1150 2290 1200 2319 cui
1216 2292 1412 2331 respondeam
1423 2301 1437 2329 ;
1461 2301 1560 2332 quoere

713 2379 930 2391 ceo-etueeoe
936 2380 952 2391 ο

105 2441 182 2482 Βίρ.
209 2442 310 2475 Both.
363 2443 458 2475 Nunc
482 2445 576 2476 Perl.
603 2446 831 2477 omittit.—30
855 2447 982 2478 feceris
1009 2447 1092 2478 Mss.
1117 2448 1251 2489 quidam
1276 2453 1311 2480 et
1333 2449 1430 2482 editi.
1458 2451 1559 2485 lVest.

103 2484 160 2515 Sic
176 2485 235 2516 ΒΓ.
254 2486 356 2526 Turpe
375 2497 434 2526 pro
454 2487 553 2518 turbae
568 2489 734 2528 Bip.-31
765 2489 808 2520 Ut
833 2490 961 2521 omittit
976 2490 1186 2531 Dema—33
1212 2492 1288 2522 Nisi
1303 2492 1393 2523 hodie
1407 2493 1474 2524 abis
1489 2496 1557 2526 Ms.

106 2527 198 2567 Lips.
227 2528 329 2560 IVest.
379 2530 492 2570 Taum]
513 2531 546 2562 J.
573 2537 609 2561 et
635 2531 787 2561 Venetus
813 2531 888 2563 cod.
913 2532 982 2563 tibi.
1007 2533 1101 2563 Perl.
1150 2534 1220 2564 Tibi
1237 2535 1392 2574 praebent
1409 2536 1437 2566 B
1455 2542 1490 2567 et
1506 2538 1558 2569 C:

105 2569 185 2601 Hel.
211 2574 298 2601 tuum
324 2571 394 2603 tibi.
439 2573 552 2613 Vulgo
579 2577 679 2611 taum,
706 2574 814 2604 minus
842 2575 1026 2614 eleganter.
1048 2575 1144 2606 Both.
1167 2577 1223 2616 qui
1240 2577 1300 2608 dat
1322 2578 1478 2609 tibi.—34
1503 2579 1559 2610 Sic

103 2613 195 2650 agis?
233 2613 274 2643 R.
299 2613 349 2654 [et
369 2614 442 2654 Br.]
463 2615 557 2646 Lina.
605 2616 708 2646 Homo
727 2626 760 2646 es
781 2617 841 2647 Br.
859 2616 898 2647 Z.
915 2617 1016 2648 Bent.
1042 2617 1121 2658 Bip.
1138 2619 1327 2650 Bothe—35
1352 2620 1421 2651 Hui
1434 2620 1463 2661 !]
1486 2622 1556 2654 Ms.

104 2654 196 2694 Lips.
222 2656 308 2690 Qui?
332 2657 438 2687 West.
485 2659 566 2688 Eam
593 2658 685 2689 delet
714 2659 899 2690 Boia—37
924 2660 991 2691 Ms.
1008 2660 1101 2699 Lips.
1129 2661 1180 2700 [et
1205 2661 1280 2701 Ba]
1324 2663 1393 2694 ΤΗ,
1417 2664 1487 2703 Ego
1503 2674 1556 2695 eo:

105 2697 193 2736 qnod
222 2704 257 2728 et
284 2698 339 2729 alii
367 2699 447 2729 libb.
477 2699 688 2740 praeferunt:
713 2711 905 2741 perperam.
954 2702 1048 2732 Thais
1073 2712 1134 2742 per
1164 2704 1315 2735 lacunam
1341 2705 1437 2736 abest
1464 2716 1483 2737 a
1509 2707 1554 2738 G.

104 2739 216 2770 Abest
231 2740 331 2771 etiam
350 2741 392 2772 ab
411 2741 483 2774 ET.
499 2744 580 2774 EM.
610 2744 708 2774 West.
754 2744 849 2774 Thais
864 2745 975 2775 nescit
993 2744 1107 2775 Guelf.
1126 2748 1156 2776 1.
1206 2747 1278 2777 Vim
1304 2757 1343 2777 ne
1369 2747 1429 2779 dat
1452 2749 1554 2780 Both.

105 2782 176 2822 Ego
191 2784 231 2813 ad
247 2783 282 2816 S.
298 2793 331 2816 eo
347 2784 564 2824 Delph.—39
588 2785 736 2818 Videtur
753 2787 839 2828 Eug.
859 2787 1000 2827 legisse:
1016 2787 1103 2825 furti
1124 2791 1154 2819 te
1172 2789 1294 2828 alligat.
1319 2790 1426 2822 West.
1473 2791 1555 2822 Om-
