1903 3306
456 240 519 272 DE
551 241 748 271 COMlCIS
783 238 1190 271 DIMENSIONIBUS.
1462 234 1544 275 141

99 335 255 374 modum
276 334 498 373 Priscianus
519 348 687 385 quoque,
707 336 769 372 cui
789 335 838 372 de
859 343 1059 386 anapaesto
1077 336 1268 373 sententia
1287 337 1431 374 excidit
1450 340 1543 377 satis

99 398 281 444 absurda,
302 411 389 436 cum
410 397 528 435 dixit:
555 398 636 435 Erit
656 405 783 435 autem
805 398 1013 449 probabilis
1034 398 1221 436 iambicus
1242 412 1390 446 versus,
1411 408 1449 438 et
1467 409 1543 439 tra-

98 461 236 513 goediis
268 468 397 512 aptus,
429 461 460 499 si
493 461 707 499 secundum
739 469 778 499 et
808 469 986 512 quartum
1017 462 1155 513 pedem
1180 475 1256 500 non
1277 463 1371 501 alios
1392 464 1544 511 feceris,

97 538 214 576 quam
233 525 396 571 iambos,
410 532 477 563 aut
493 539 593 571 eum,
607 526 672 575 qui
690 526 904 577 tribrachys
921 532 993 571 est,
1011 533 1078 564 aut
1094 533 1317 576 anapaestus
1333 540 1340 564 :
1361 528 1544 578 quoniam

98 596 191 626 sunt
208 601 335 639 pares.
383 588 471 632 Qua
490 589 592 627 enim
613 588 778 626 audacia
797 589 917 627 fretus
938 596 1180 640 anapaestum
1201 590 1393 628 tribracho
1413 604 1545 643 parem

98 651 228 690 dixit?
266 651 366 689 Nam
387 651 492 703 quod
513 652 567 689 ait
597 653 754 703 paribus
787 653 946 691 sedibus
978 662 1219 704 anapaestum
1253 654 1384 704 recipi,
1413 668 1543 694 verum

97 722 168 753 est.
225 716 289 753 Sic
309 716 410 753 enim
443 722 550 753 extat
582 716 619 753 in
651 716 767 754 Pluto
788 716 1083 767 Aristophanis:
1113 716 1174 754 Ὠς
1192 719 1385 766 ἀργαλέον
1404 720 1546 770 πρᾶγμ’

97 780 211 825 ἐστὶν,
241 777 268 817 ὦ
296 779 374 817 Ζεῦ
406 782 463 817 καὶ
488 778 592 817 Θεοί.
633 779 682 816 Et
702 779 759 816 bis
783 779 979 834 inaeodem
1000 793 1139 818 versu:
1172 779 1222 817 Οἱ
1244 779 1276 817 δ’
1297 783 1544 829 ἐξετρέποντο,

98 844 128 879 κ’
145 845 210 880 οὒκ
228 842 378 881 ἐδόκουν
397 846 435 894 μ’
453 845 543 892 ὁρᾷν
564 845 631 881 ἔτι.
689 831 833 881 Verum
863 843 938 881 hoc
968 850 1029 881 est
1056 844 1110 880 illi
1145 843 1245 881 adeo
1275 845 1472 895 frequens,
1503 853 1546 884 ut

99 905 228 944 nullus
246 907 372 958 pudor
392 907 536 944 Latinis
558 906 608 944 sit
620 908 700 958 jam
717 907 883 953 futurus,
900 908 1040 958 quibus
1062 908 1205 958 linguae
1225 908 1321 945 ratio
1339 910 1545 959 persuasit,

97 983 146 1008 ne
165 969 239 1008 hoc
260 971 445 1008 attentius
466 978 669 1009 curarent:
700 971 913 1020 praesertim
932 984 1020 1008 cum
1048 971 1255 1021 Tragoedia
1282 984 1438 1023 quoque
1471 974 1546 1011 hoc

97 1033 309 1079 admiserit,
339 1034 492 1084 gravius
523 1047 617 1071 sane
649 1047 693 1071 ac
725 1034 841 1084 longe
875 1035 1021 1072 castius
1057 1035 1209 1084 poema.
1268 1035 1547 1075 Observantior

98 1097 340 1148 Sophocles:
373 1097 575 1149 Euripides
596 1097 723 1134 minus
744 1097 958 1135 obnoxius:
990 1110 1078 1134 nam
1112 1097 1238 1134 minus
1272 1100 1443 1148 pepercit
1472 1100 1545 1138 illis

98 1161 255 1199 sedibus
274 1174 283 1199 Ξ
313 1160 491 1200 Γλῶτταν
511 1160 544 1198 δ’
564 1162 838 1209 ἐπιορκήσασαν
858 1160 934 1210 ἰδίᾳ
953 1168 1013 1205 τῆς
1033 1163 1170 1212 φρενός.
1228 1161 1278 1198 Et
1297 1161 1335 1198 in
1358 1163 1544 1201 Hecuba:

97 1225 169 1263 Kel
191 1229 339 1276 σμίκρον
358 1227 496 1277 ἔχοιμι,
516 1223 624 1262 πάντ’
644 1226 692 1262 ἂν
712 1223 913 1272 ἀρκούντως
933 1225 1027 1274 ἔχοι.
1086 1224 1222 1274 Neque
1243 1224 1369 1262 solum
1388 1238 1545 1277 anapae-

98 1295 197 1326 stum
219 1290 376 1339 paribus
397 1288 554 1326 sedibus
575 1287 706 1338 posuit
724 1287 811 1331 illis,
834 1287 904 1325 sed
925 1288 1040 1325 etiam
1055 1287 1093 1324 in
1112 1287 1260 1334 ultima,
1276 1288 1372 1325 utin
1386 1288 1545 1328 Oreste:

98 1352 326 1403 Αὔτουργός,
356 1353 461 1401 οἵπερ
494 1354 553 1389 καὶ
583 1353 688 1401 μόνοι
723 1353 883 1391 σὼἒουσι
915 1354 1040 1389 πόλιν.
1097 1351 1222 1394 Quem
1259 1352 1290 1389 si
1323 1352 1545 1405 tribrachyn

95 1429 228 1462 voces,
249 1415 438 1467 syllabam
458 1429 562 1453 nunc
581 1414 781 1466 respicias,
801 1428 879 1453 non
900 1416 1026 1465 legem
1042 1415 1159 1460 illam,
1176 1428 1253 1465 qua
1272 1415 1409 1454 ultima
1429 1416 1546 1456 habe-

96 1486 158 1517 tur
176 1478 416 1517 indifferens.
472 1479 655 1516 Erasmus
676 1485 804 1516 autem
825 1486 928 1516 recte
960 1477 1117 1516 sedibus
1149 1479 1358 1529 imparibus
1378 1480 1548 1527 dicebat,

95 1555 165 1594 pro
184 1543 311 1580 iambo
331 1551 527 1593 receptum
545 1542 790 1593 spondaeum,
805 1541 1017 1592 dactylum,
1032 1542 1268 1594 tribrachyn,
1281 1551 1544 1594 anapaestum:

95 1606 483 1658 proceleusmaticum
504 1613 631 1643 autem
653 1605 795 1651 omisit,
825 1605 1009 1655 quoniam
1037 1605 1250 1644 excidisset
1273 1607 1478 1645 memoria:
1509 1616 1549 1646 et

97 1670 296 1715 creticum,
315 1682 430 1720 quem
450 1681 544 1706 sane
564 1676 717 1720 putaret
737 1681 815 1706 non
837 1669 1001 1706 admitti.
1059 1668 1175 1716 Nam,
1196 1670 1226 1707 si
1247 1670 1285 1707 in
1307 1683 1392 1708 eam
1412 1671 1546 1709 sedern

95 1747 212 1786 posse
231 1733 350 1784 recipi
369 1738 577 1783 sperasset,
593 1745 670 1770 non
688 1731 810 1770 multa
825 1731 998 1769 carmina
1013 1733 1279 1771 subvertisset.
1319 1733 1548 1772 Proceleus·

97 1798 261 1836 maticus
282 1804 410 1834 autem
441 1796 614 1847 proxime
641 1795 692 1834 ad
713 1802 889 1833 naturam
910 1795 1055 1847 dactyli
1077 1797 1243 1844 accedit,
1265 1797 1446 1836 differens
1468 1800 1547 1851 syl-

96 1862 271 1899 labarum
290 1873 462 1906 numero,
490 1866 706 1910 temporum
734 1859 921 1897 tractibus
954 1873 1037 1910 par.
1092 1861 1228 1898 Tribus
1259 1868 1389 1900 autem
1420 1864 1547 1901 modis

97 1924 286 1975 excipitur
302 1937 372 1975 pes
392 1923 470 1963 ille.
525 1924 606 1962 Aut
624 1925 724 1962 enim
744 1924 872 1961 mollis
893 1930 965 1970 est,
987 1930 1102 1974 atque
1124 1924 1370 1963 adminiculis
1387 1927 1547 1976 quibus-

96 1988 187 2026 dam
209 1987 368 2026 similior
386 1988 512 2025 factus
533 1987 716 2039 dactylo:
745 1994 801 2034 ut,
832 1993 843 2009 ‘
861 1988 1001 2026 Genua
1021 1988 1192 2026 labant:'
1220 1994 1229 2010 ‘
1247 1988 1376 2027 Ariete
1393 1991 1414 2027 :'
1443 1994 1453 2011 ‘
1472 1990 1548 2028 Pa-

96 2051 285 2090 rietibus.'
340 2051 504 2090 Duabus
538 2051 639 2089 enim
661 2052 865 2091 vocalibus
896 2053 1132 2099 constitutis,
1163 2053 1265 2103 prior
1295 2054 1547 2092 consonantis

97 2115 172 2152 vim
193 2114 390 2165 quandam
411 2115 562 2153 videtur
581 2116 765 2154 obtinere.
822 2116 903 2153 Aut
921 2124 982 2154 est
1000 2117 1178 2167 apertior,
1208 2124 1252 2154 ut
1275 2116 1312 2153 in
1333 2130 1447 2155 versu
1469 2117 1548 2154 En-

98 2178 216 2216 niano
233 2191 242 2216 :
271 2183 282 2199 ‘
300 2178 502 2229 Capitibus
523 2179 697 2217 nutantis
716 2179 846 2230 pinus,
875 2187 1081 2230 rectosque
1101 2179 1336 2230 cupressos.’
1388 2180 1470 2218 Aut
1489 2188 1550 2219 est

99 2249 273 2287 coactus,
302 2242 466 2280 ademtis
500 2242 804 2280 consonantibus
824 2242 965 2293 quibus
986 2242 1219 2294 syllabarum
1238 2243 1406 2280 brevitas
1427 2244 1549 2294 impe-

100 2305 231 2343 ditur:
261 2305 479 2355 cujusmodi
512 2312 574 2342 est
605 2305 644 2341 in
674 2305 848 2343 Andria:
880 2310 890 2327 ‘
908 2305 999 2343 Sine
1020 2306 1164 2343 invidia
1184 2306 1337 2344 laudem
1360 2308 1547 2351 invenias,

99 2378 138 2409 et
157 2372 304 2410 amicos
335 2370 476 2421 pareS.'
532 2371 668 2421 Itaque
700 2370 750 2407 ad
782 2383 869 2409 eum
899 2384 1052 2408 versum
1082 2384 1169 2408 cum
1193 2370 1412 2409 devenisset
1432 2372 1550 2410 Eras-

98 2448 199 2481 mus,
233 2448 360 2485 neque
394 2446 606 2484 agnoscere
643 2433 761 2471 vellet
797 2433 1199 2483 proceleusmaticum,
1236 2446 1351 2484 quem
1390 2435 1429 2471 in
1469 2437 1547 2473 suis

99 2497 249 2548 legibus
288 2510 365 2534 non
399 2497 680 2542 constituisset,
717 2502 756 2533 et
792 2502 947 2547 putaret
979 2496 1200 2535 duriuscule
1232 2497 1326 2544 fieri,
1363 2498 1395 2536 si
1428 2498 1549 2537 AEoli-

99 2573 188 2598 cum
233 2559 430 2611 digamma
475 2559 700 2605 auferretur,
758 2565 802 2596 ut
846 2560 967 2597 exiret
1011 2559 1381 2611 proceleusmaticus
1402 2575 1411 2604 ;
1461 2576 1549 2600 sus-

99 2624 187 2662 tulit
232 2631 376 2670 tamen,
432 2631 474 2661 ut
520 2623 756 2673 exciperetur
802 2623 1018 2674 tribrachys
1071 2625 1109 2660 in
1158 2623 1310 2662 duabus
1357 2626 1547 2677 prioribus

101 2688 259 2737 syllabis
311 2687 426 2738 hujus
474 2687 653 2734 nominis,
700 2691 709 2708 ⁴
740 2686 896 2733 invidia,
914 2688 922 2702 '
968 2696 1008 2725 et
1053 2700 1100 2725 ex
1146 2687 1297 2726 duabus
1340 2690 1547 2740 postremis

100 2751 298 2789 vocalibus
320 2764 398 2789 una
418 2751 569 2802 syllaba
589 2758 773 2790 concreta
792 2758 909 2790 esset.
968 2752 1123 2797 Verum,
1145 2758 1187 2788 ut
1206 2752 1243 2788 in
1266 2759 1416 2798 natura,
1437 2754 1489 2791 ita
1508 2753 1545 2789 iu
