1903 3306
559 216 621 245 DE
654 214 838 244 marnis
869 214 1081 244 comicis.
1465 205 1548 247 119

100 312 292 350 cussionis
313 323 390 348 nou
410 309 598 360 recipiunt
630 308 745 346 alium
766 320 881 361 quam
916 308 1098 354 iambum,
1129 313 1168 344 et
1194 307 1228 344 ei
1248 319 1379 358 parem
1409 309 1545 347 tribra-

100 376 214 414 chum
233 389 242 413 :
284 381 351 413 aut
389 373 420 411 si
454 373 612 411 alterius
651 372 894 410 exhibuerint
926 372 1034 409 metri
1066 371 1259 421 speciem:
1302 371 1408 422 quod
1442 372 1545 417 dico,

99 440 275 490 exemplo
311 438 448 476 faciam
482 437 684 474 illustrius.
744 436 814 473 Est
850 436 888 472 in
924 435 1113 472 Eunucho
1143 435 1312 472 Terentii
1342 436 1472 473 statim
1505 436 1544 473 iu

97 504 221 554 prima
240 503 383 553 pagina
401 501 463 538 hic
485 514 617 538 versus
634 501 826 538 trimetrus
845 513 852 537 :
884 500 1058 544 exclusit,
1074 502 1240 544 revocat,
1253 498 1436 536 redeam?
1465 507 1543 538 non

97 571 130 604 si
149 572 207 603 me
227 567 414 603 obsecret.
474 564 588 601 Hunc
609 564 734 614 incipe
756 564 881 607 ferire,
898 562 1087 600 videberis
1107 561 1267 599 heroum
1287 561 1429 600 habere
1444 561 1544 600 inter

96 642 233 667 manus
255 629 302 667 ad
323 640 530 666 summam:
550 627 685 678 paucis
703 626 862 678 syllabis
882 626 919 662 in
939 633 1136 677 postremo
1157 626 1328 671 mutatis,
1346 632 1451 663 totus
1471 626 1544 664 erit

93 693 258 732 herous:
291 693 479 738 Exclusit,
499 698 667 737 revocat,
695 690 880 728 redeam?
910 703 986 727 non
1008 690 1039 727 si
1061 703 1145 727 mea
1162 690 1242 727 fiat.
1299 689 1448 727 Ponam
1470 689 1542 727 du-

93 757 198 794 bium
218 755 390 794 secundo
417 755 502 793 loco
522 754 673 805 pedem,
703 754 862 804 propius
897 753 1095 791 accedam.
1155 753 1279 790 Heros
1301 753 1441 790 atrides
1462 766 1539 790 coe-

91 821 202 859 litum
222 827 341 858 testor
360 819 491 857 fidem.
547 819 670 856 Varro
690 818 727 854 in
751 830 832 856 vn.
887 817 1094 854 Clausulas
1113 830 1268 867 quoque
1287 817 1450 867 primum
1472 829 1541 866 ap-

90 884 254 934 pellatas
270 884 417 928 dicunt,
438 883 543 934 quod
563 882 790 920 clauderent
811 881 1056 926 sententiam,
1077 888 1120 919 ut
1139 881 1242 931 apud
1270 881 1430 918 Accium
1449 894 1457 917 :
1489 894 1538 918 an

89 947 268 998 haecjam
290 947 397 985 obliti
417 954 508 985 sunt
536 945 745 998 Phryges?
776 946 1063 995 Nonnunquam
1093 945 1140 982 ab
1169 944 1229 982 his
1250 944 1400 982 initium
1420 945 1475 991 fit,
1496 951 1539 982 ut

88 1011 193 1061 apud
216 1011 437 1049 Caecilium:
469 1011 521 1048 Di
538 1012 631 1049 boni
649 1010 743 1061 qu‘id
774 1009 876 1048 hoc?
917 1009 1033 1060 Apud
1049 1008 1294 1047 Terentium:
1325 1008 1538 1047 discrficior

90 1078 218 1112 animi.
277 1075 384 1113 Idem
405 1075 528 1112 Varro
548 1075 585 1111 in
607 1074 744 1112 eodem
766 1074 831 1111 lib.
847 1087 930 1111 vn.
953 1073 1001 1110 de
1032 1073 1180 1123 Lingua
1201 1072 1338 1110 Latina
1358 1072 1407 1110 ad
1430 1072 1535 1110 Mar—-

87 1138 227 1176 cellum
250 1139 305 1177 sic
325 1139 445 1176 dicit:
490 1139 570 1176 Aut
585 1139 623 1175 in
646 1145 856 1176 extremum
880 1138 1073 1175 senarium
1093 1136 1253 1175 totidem
1274 1136 1534 1187 semipedibus

86 1202 247 1253 adjectis
267 1204 334 1240 fiat
352 1203 522 1240 comicus
543 1202 773 1252 quadratus,
795 1208 837 1239 ut
856 1202 917 1238 hic
936 1215 944 1239 ε
977 1201 1069 1239 Heri
1090 1201 1236 1252 aliquot
1253 1200 1533 1238 adolescentuli

85 1266 232 1304 coimus
252 1267 291 1304 in
312 1266 472 1304 Piraeeo.
508 1266 716 1304 Trimetros
738 1279 870 1303 versus
891 1266 1074 1303 iambicos
1097 1265 1264 1302 Terentii
1288 1271 1327 1302 et
1349 1264 1474 1302 Plauti
1495 1272 1534 1302 et

83 1337 297 1368 ceterorum
316 1332 550 1373 comicorum
585 1338 624 1369 et
655 1331 888 1381 tragicorum
924 1329 979 1368 Μ.
1001 1329 1150 1367 Tullius
1182 1329 1353 1366 senarios
1381 1327 1475 1365 dicit
1494 1336 1533 1366 et

83 1394 270 1432 nominat.
328 1395 591 1439 Quintilianus
622 1394 737 1431 etiam
770 1394 965 1431 trimetros
991 1393 1161 1431 senarios
1197 1391 1423 1429 nominavit.
1481 1391 1531 1429 Et

81 1458 239 1497 Flavius
260 1459 386 1509 Caper
404 1459 442 1496 in
476 1459 632 1497 Artibus
666 1459 745 1496 suis
767 1459 958 1496 trimetros
985 1470 1119 1496 versus
1153 1456 1338 1493 iambicos
1360 1455 1529 1496 Terentii

81 1523 251 1560 senarios
271 1522 493 1573 appellavit.
552 1523 611 1559 De
632 1522 763 1559 metris
784 1521 953 1559 Terentii
984 1528 1023 1558 et
1044 1520 1172 1558 Plauti
1204 1527 1242 1557 et
1263 1526 1434 1557 ceterum
1463 1532 1529 1557 co-

79 1585 262 1623 micorum
282 1593 321 1623 et
340 1586 573 1637 tragicorum
594 1586 818 1624 Victorinus
839 1585 895 1623 sic
915 1585 1034 1623 dicit:
1065 1585 1264 1629 Quantum
1286 1590 1352 1621 aut
1373 1583 1423 1620 ad
1444 1596 1527 1621 ver-

78 1662 164 1687 sum
183 1650 374 1688 comicum
395 1656 559 1700 spectat,
581 1656 623 1686 ut
650 1649 850 1700 paululum
876 1661 1096 1699 evagemur,
1117 1648 1197 1686 scio
1218 1647 1403 1697 plurimos
1424 1648 1527 1685 affir-

77 1725 194 1757 mare,
227 1713 479 1751 Terentianas
506 1713 567 1750 vel
601 1713 765 1750 maxime
800 1712 969 1749 Fabulas
1004 1720 1167 1749 metrum
1202 1711 1251 1748 ad
1279 1711 1525 1762 disciplinam

77 1776 304 1814 Graecarum
325 1776 609 1814 Comoediarum
630 1790 706 1814 non
725 1776 960 1822 custodisse,
980 1775 1005 1814 i.
1024 1789 1121 1826 quas
1143 1774 1373 1820 Menander,
1396 1775 1525 1814 Phile·

75 1852 180 1886 mon,
214 1840 409 1891 Diphilus,
442 1846 481 1877 et
514 1839 631 1877 ceteri
668 1839 886 1877 ediderunt.
962 1839 1097 1877 Nostri
1135 1852 1173 1876 n.
1214 1839 1252 1875 in
1272 1838 1522 1876 modulandis

74 1902 261 1954 rhythmis
283 1916 351 1940 seu
370 1903 513 1949 metris,
534 1903 685 1941 Veteris
707 1903 919 1940 Comoediae
933 1904 1139 1954 scriptores
1162 1903 1270 1954 sequi
1289 1902 1521 1949 maluerunt,

72 1964 96 2002 i.
130 1966 322 2018 Eupolim,
366 1966 582 2013 Cratinum,
615 1966 936 2017 Aristophanem:
986 1967 1168 2017 prologos
1201 1968 1345 2017 itaque,
1377 1973 1415 2004 et
1445 1967 1521 2016 pri-

73 2042 221 2067 marum
253 2042 455 2067 scenarum
478 2036 587 2067 actus
621 2030 800 2067 trimetris
835 2030 1233 2080 comprehenderunt:
1265 2029 1407 2067 deinde
1435 2029 1520 2067 lon-

71 2093 253 2144 gissimos
274 2093 298 2132 i.
319 2100 561 2131 tetrametros
574 2093 831 2131 subdiderunt
843 2095 908 2144 qui
925 2094 1171 2144 appellantur
1187 2092 1391 2144 quadrati:
1414 2103 1521 2145 post-

70 2170 118 2196 ea
144 2158 183 2195 in
207 2157 457 2208 sequentibus
493 2158 759 2195 variaverunt:
788 2157 904 2194 modo
938 2171 976 2194 n.
1001 2157 1206 2204 trimetros,
1238 2159 1354 2196 modo
1384 2159 1519 2198 addito

69 2220 286 2272 quadrante
311 2221 372 2258 vel
393 2220 553 2258 semisse
574 2228 800 2271 posuerunt,
830 2221 853 2258 i.
877 2221 1073 2272 semipede
1100 2221 1268 2272 adjecto,
1288 2222 1348 2260 vel
1368 2224 1517 2274 integro

69 2284 169 2335 pede
196 2284 322 2321 iambo
343 2284 403 2321 vel
423 2283 654 2334 sesquipede
673 2296 681 2321 :
703 2283 788 2321 haec
806 2297 871 2334 per
891 2284 1038 2322 medios
1059 2292 1183 2332 actus,
1204 2287 1306 2323 varie
1329 2299 1459 2324 rursus
1480 2287 1518 2324 in

68 2348 171 2386 exitu
192 2347 425 2385 Fabularum
445 2347 670 2398 quadratos,
690 2348 825 2398 quales
848 2348 1011 2386 diximus
1031 2349 1068 2386 in
1083 2349 1258 2387 secunda
1279 2363 1397 2388 scena
1412 2351 1517 2389 loca-

68 2419 218 2450 verunt.
266 2411 344 2449 Sed
363 2411 465 2449 idem
485 2411 665 2462 quadrati
698 2412 859 2463 legitimi
894 2426 981 2450 cum
1004 2426 1099 2450 xvr.
1133 2414 1423 2465 syllabisjuxta
1448 2415 1513 2466 jus

66 2476 263 2526 proprium
292 2482 472 2513 constare
495 2476 675 2523 debeant,
708 2476 934 2528 plerumque
968 2478 1215 2515 inveniuntur
1238 2492 1315 2515 xx.
1347 2486 1414 2516 aut
1434 2491 1515 2516 am-

65 2539 166 2590 plius
197 2538 429 2590 syllabarum
447 2552 456 2577 :
486 2539 576 2577 hinc
592 2539 859 2578 existimantur
878 2548 1041 2578 metrum
1062 2554 1138 2578 non
1156 2541 1340 2586 tenuisse,
1356 2556 1427 2580 nec
1445 2556 1515 2581 sua

65 2603 151 2653 lege
172 2603 450 2653 composuisse,
520 2604 635 2648 Quod
674 2617 763 2642 vero
799 2604 848 2642 ad
887 2604 1097 2648 clausulas,
1119 2605 1142 2642 i.
1177 2605 1396 2644 minuscula
1428 2607 1515 2644 cola

66 2667 243 2717 pertinet,
265 2673 361 2716 quot
379 2679 522 2717 genera
543 2680 722 2705 versuum
744 2674 847 2713 sunt,
867 2667 1027 2705 totidem
1048 2669 1220 2705 membra
1241 2681 1308 2719 pro
1329 2669 1513 2708 clausulis

65 2731 154 2782 poni
176 2737 353 2780 possunt,
388 2737 426 2768 et
458 2730 585 2769 solent
614 2731 652 2769 in
684 2732 843 2770 canticis
875 2732 996 2783 magis
1020 2745 1134 2782 quam
1158 2732 1335 2770 diverbiis
1361 2747 1447 2783 quae
1468 2747 1513 2770 ex
