1903 3306
334 205 417 247 138
740 214 918 246 sumus
950 215 1119 245 cAESAn
1153 215 1395 246 SGAL1GER

333 315 538 359 ceptarunt
568 307 691 354 multi,
723 316 763 346 et
790 321 865 346 non
888 308 1000 358 pauci
1020 314 1218 345 errarunt:
1250 307 1349 345 sicut
1373 315 1412 346 et
1431 307 1500 354 illi,
1535 308 1601 359 qui
1622 308 1784 348 reddere

333 372 538 410 voluerunt
556 372 743 409 rationem
765 385 967 410 versuum:
997 384 1084 409 cum
1106 371 1168 408 alii
1196 377 1329 408 essent
1348 372 1570 417 curtissimi,
1591 372 1654 410 alii
1684 373 1782 412 adeo

333 436 455 487 longi,
485 443 528 473 ut
560 435 653 473 mihi
683 435 799 474 libeat
832 449 920 473 cuin
954 435 1137 472 Plautino
1157 435 1341 485 trapezita
1366 435 1504 486 jocari,
1536 435 1628 474 dum
1657 449 1778 474 unum

335 500 476 545 scribo,
496 499 664 550 explevit
690 499 781 535 mihi
806 506 909 536 totas
930 511 1039 536 ceras
1059 506 1224 549 quatuor
1244 511 1253 535 ε
1283 506 1453 549 quantus
1474 499 1538 537 ille
1559 507 1620 537 est
1638 513 1686 538 ex
1706 501 1783 538 Eu-

336 563 463 601 nucho
483 576 492 600 :
536 569 545 584 ‘
566 563 614 600 Et
634 562 840 612 magnifica
860 563 1004 599 verba:
1034 562 1150 599 verba
1171 561 1263 599 dum
1285 562 1385 606 sint;
1414 576 1560 609 verum,
1582 563 1614 601 si
1634 562 1684 600 ad
1703 576 1782 601 rem

335 627 595 672 conferentur,
615 625 838 676 vapulabit.’
896 626 1143 676 Quanquam,
1164 625 1227 663 hic
1248 638 1402 676 quoque
1422 627 1470 664 ab
1488 627 1563 665 illis
1584 627 1786 674 dissentio,

337 690 476 740 aioque
496 689 595 726 duos
617 702 750 726 versus
777 701 888 726 esse:
910 689 1072 738 priorem
1094 687 1329 725 trochaicum
1351 688 1554 727 dimetrum
1573 690 1786 741 brachyca-

337 754 573 798 talecticum,
595 752 758 790 alterum
789 751 1042 789 octonarium.
1101 751 1202 788 Nam
1234 751 1287 789 sic
1308 752 1584 802 pronuntiavit,
1616 759 1673 800 ut,
1699 767 1786 792 cum

337 816 513 861 dixisset,
544 821 553 836 ‘
571 815 621 854 Et
640 814 846 864 magnifica
870 815 1012 860 verba,'
1040 815 1226 860 substitit,
1250 815 1446 866 affixitque
1476 815 1527 853 ibi
1547 817 1787 867 propositum

337 882 375 918 in
396 880 519 918 verbis
537 893 546 916 :
577 888 713 929 postea
744 877 857 915 simul
890 891 977 916 cum
1010 891 1050 915 re
1070 877 1232 916 mutavit
1253 879 1495 925 sententiam,
1523 887 1564 917 ut
1583 893 1652 930 pro
1672 880 1784 918 factis

339 944 443 981 facta
476 942 665 988 redderet,
694 948 733 979 et
765 941 926 978 verbera
958 941 1211 980 minitaretur.
1269 941 1488 980 Priscianus
1526 942 1786 982 distinctionis

338 1020 457 1045 causa
473 1006 666 1044 breviores
686 1006 850 1042 insertos
873 1017 1006 1042 versus
1036 1004 1143 1042 dicit.
1198 1004 1340 1042 Verum
1373 1018 1498 1056 neque
1517 1005 1595 1052 ille,
1625 1005 1787 1044 distinc-

339 1071 392 1108 tio
413 1070 498 1108 haec
516 1070 608 1121 quid
644 1075 760 1114 esset,
792 1068 1028 1107 declaravit:
1059 1081 1186 1120 neque
1213 1081 1299 1115 nos,
1333 1069 1425 1119 quid
1459 1069 1530 1107 sibi
1555 1069 1660 1116 velit,
1691 1083 1785 1108 sane

336 1135 495 1172 scimus.
552 1133 651 1171 Nam
685 1147 773 1184 quae
807 1133 1004 1172 distinctio
1039 1146 1124 1171 esse
1161 1133 1289 1179 debet,
1310 1146 1386 1171 non
1422 1133 1547 1171 solum
1580 1133 1716 1171 eadem
1746 1134 1784 1171 in

340 1211 470 1244 scena,
501 1198 571 1236 sed
602 1197 715 1236 etiam
752 1197 948 1249 persona?
992 1211 1127 1249 quaeve
1163 1197 1202 1234 in
1237 1198 1358 1248 prima
1396 1210 1514 1235 scena
1546 1197 1784 1248 gravissimae

339 1261 551 1303 Comoediae
572 1260 896 1313 Amphitryonis?
926 1262 1016 1312 Ipso
1037 1261 1138 1299 enim
1155 1261 1331 1312 ingressu
1352 1261 1480 1298 statim
1501 1273 1693 1311 nusquam
1715 1261 1786 1299 sibi

338 1332 506 1364 constat.
563 1326 643 1363 Aut
659 1325 813 1376 qualem
845 1326 884 1362 in
916 1338 962 1364 ea
993 1339 1124 1372 scena,
1145 1325 1183 1362 in
1214 1338 1291 1376 qua
1326 1324 1552 1376 Pamphilus
1586 1325 1635 1363 de
1665 1325 1785 1376 patris

340 1389 483 1427 duritia
501 1388 697 1440 queritur?
726 1389 792 1440 qui
822 1388 859 1426 in
880 1388 1017 1427 eodem
1039 1397 1266 1440 argumento
1290 1389 1566 1440 propositoque
1596 1395 1787 1440 perstaret

338 1451 644 1502 conquestionis,
673 1458 712 1490 et
739 1452 969 1490 tetrametris
1001 1451 1098 1490 illud
1129 1452 1290 1489 inseruit
1320 1452 1550 1491 dimetrum:
1592 1452 1732 1496 ‘Quod
1755 1452 1786 1490 si

339 1517 395 1562 fit,
417 1528 531 1567 pereo
564 1514 764 1554 funditus!
819 1515 907 1562 Alii,
941 1522 984 1553 ut
1012 1515 1083 1553 sibi
1109 1514 1351 1561 videbantur,
1383 1515 1587 1561 acutiores,
1617 1528 1638 1553 e
1672 1515 1787 1553 rebus

339 1579 434 1630 ipsis
456 1578 558 1626 duci,
589 1591 665 1616 non
689 1578 813 1616 solum
838 1578 982 1630 pedum
1013 1584 1170 1624 statum,
1191 1585 1259 1616 aut
1277 1591 1446 1624 cursum,
1467 1577 1536 1616 sed
1568 1578 1682 1616 etiam
1703 1592 1787 1616 ver-

342 1655 454 1681 suum
475 1648 620 1681 tractus
640 1641 868 1692 prodidere:
898 1642 936 1679 in
957 1655 995 1679 re
1015 1642 1240 1694 perturbata
1258 1642 1397 1680 mutari
1417 1655 1565 1690 versus,
1587 1642 1787 1693 pedesque

339 1708 446 1758 ipsos
467 1705 680 1744 confundi:
710 1705 748 1742 in
771 1705 967 1744 celeritate
1001 1705 1220 1743 trochaicos
1241 1705 1367 1743 trudi:
1399 1705 1579 1756 gravibus
1612 1706 1788 1757 personis

341 1771 520 1808 statarios
542 1782 737 1808 sermones
764 1770 920 1808 confieri
952 1783 1000 1808 ex
1031 1769 1244 1822 spondaeis.
1301 1768 1478 1808 Afferunt
1497 1769 1573 1808 huc
1607 1782 1686 1807 non
1705 1775 1784 1808 tam

341 1847 411 1885 pro
431 1840 544 1880 teste,
562 1846 678 1884 quam
700 1846 767 1884 pro
782 1833 914 1884 judice
934 1834 1189 1885 Virgilianam
1211 1833 1471 1885 prudentiam,
1492 1832 1662 1871 divinam
1680 1833 1785 1872 illam

343 1909 438 1935 sane
470 1896 585 1934 mihi:
616 1896 680 1946 qui
712 1909 790 1934 rem
810 1898 1012 1935 verborum
1033 1897 1156 1935 nitore
1182 1910 1227 1935 ac
1260 1910 1505 1935 numerorum
1525 1897 1788 1935 concinnitate

344 1961 468 1999 oculis
490 1960 681 2011 subjiciat.
739 1960 823 2010 Ego
854 1974 957 2007 vero,
988 1967 1032 1998 ut
1050 1961 1186 1999 horum
1207 1960 1446 2011 diligentiam
1466 1967 1670 1999 veneratus
1691 1973 1788 2007 sum,

343 2037 460 2076 quam
478 2023 655 2075 equidem
684 2030 793 2062 tanto
814 2024 944 2062 studio
977 2023 1016 2061 in
1049 2025 1143 2062 meis
1166 2025 1355 2074 poematis
1388 2024 1599 2074 exprimere
1628 2031 1790 2062 conatus

343 2088 501 2130 fuerim;
525 2089 578 2124 ita
603 2087 641 2124 in
664 2086 872 2125 Comoediis
894 2088 1032 2125 falsam
1054 2087 1168 2125 simul
1188 2094 1303 2138 atque
1321 2100 1648 2137 supervacaneam
1668 2087 1790 2126 anim-

343 2151 504 2189 adverti.
563 2151 677 2196 Nam,
712 2151 743 2188 si
776 2152 814 2188 in
844 2164 1094 2203 personarum
1116 2152 1280 2189 statibus
1301 2151 1476 2198 diversis,
1503 2151 1535 2188 si
1567 2151 1606 2188 in
1637 2157 1793 2189 contra-

343 2216 406 2254 riis
427 2215 606 2266 negotiis‚
624 2215 653 2252 si
673 2215 709 2252 in
734 2215 965 2254 Fabularum
982 2215 1336 2268 partibusssrnaxime
1355 2215 1452 2252 inter
1469 2227 1510 2252 se
1525 2214 1792 2262 dissimilibus,

343 2279 444 2317 idem
465 2292 548 2330 pes,
581 2278 683 2315 idem
714 2279 857 2329 pedum
888 2279 996 2325 ordo,
1028 2278 1128 2317 idem
1161 2279 1371 2316 carminum
1393 2290 1515 2328 genus
1535 2277 1791 2322 ostendatur;

338 2343 420 2393 jam
437 2343 544 2380 nulla
563 2355 683 2380 causa
697 2350 770 2389 est,
787 2344 879 2392 quin
898 2343 1036 2380 horum
1058 2342 1262 2387 sententia,
1277 2348 1462 2392 tanquam
1481 2353 1591 2388 vana,
1606 2341 1793 2391 exploda-

346 2413 419 2444 tur.
478 2407 580 2456 Ergo
600 2407 637 2443 in
657 2406 787 2444 divina
805 2407 967 2453 Fabula,
987 2419 1032 2444 ac
1052 2420 1139 2444 vere
1160 2407 1354 2450 thesauro,
1376 2417 1491 2455 quarn
1512 2404 1586 2442 levi
1612 2404 1723 2442 nimis
1743 2405 1792 2443 de

345 2481 466 2508 causa
479 2469 739 2506 Trinummum
757 2469 952 2520 inscripsit
961 2470 1138 2515 Plautus,
1153 2468 1318 2520 protasis
1337 2468 1506 2505 trimetro
1526 2466 1690 2504 iambico
1711 2474 1793 2506 tota

347 2539 526 2569 constat:
557 2533 645 2569 item
667 2532 838 2582 epitasis,
856 2541 936 2570 turn
957 2532 1226 2582 catastrophe;
1259 2531 1413 2568 Stichus
1443 2543 1462 2567 e
1483 2529 1690 2576 contrario,
1710 2538 1794 2569 tota

346 2595 551 2633 trochaicis
573 2594 714 2645 longis.
770 2596 813 2632 In
836 2596 1077 2634 Mostellaria
1096 2595 1334 2633 adolescenti
1356 2592 1627 2638 Philolacheti,
1644 2593 1788 2632 homini

348 2658 499 2709 perdito
521 2657 624 2703 luxu,
645 2664 758 2707 atque
784 2658 863 2696 otio
884 2666 1078 2709 corrupto,
1110 2659 1251 2712 quique
1272 2670 1385 2695 unam
1408 2657 1521 2694 modo
1544 2669 1620 2692 rem
1644 2664 1791 2707 ageret,

349 2729 392 2761 ut
419 2721 619 2779 inserviret
650 2721 786 2768 ventri,
809 2721 888 2760 dati
923 2736 1054 2761 versus
1085 2730 1175 2761 sunt
1209 2722 1311 2760 omni
1344 2720 1483 2772 pedum
1520 2732 1630 2770 poene
1650 2733 1789 2770 genere
