1903 3306
442 239 504 270 DE
537 240 735 270 commis
770 241 1180 274 DIMENSIONJBUS.
1469 238 1550 278 161

101 337 238 383 quarto
258 345 391 371 versu:
421 332 460 369 in
481 346 559 384 quo
581 341 620 373 et
639 334 850 375 trochaeum
871 336 1046 375 invenias
1067 337 1179 374 tertia
1200 337 1304 384 sede,
1325 346 1363 376 et
1381 340 1550 379 iambum

101 401 238 433 sexta:
266 408 384 446 quare
413 409 579 434 errorem
601 399 760 437 subesse
781 412 941 438 necesse
972 408 1045 446 est,
1077 407 1117 438 et
1148 401 1354 440 confundit
1372 417 1550 443 versuum

99 465 181 496 tum
214 472 368 509 genera,
399 466 479 497 turn
512 462 765 510 quantitates.
823 462 968 501 Nostra
988 470 1116 501 autem
1137 464 1254 502 lectio
1274 465 1410 503 horum
1429 467 1523 505 nihil
1542 482 1549 505 z

99 523 170 562 sed
190 524 360 575 asperior
378 524 462 563 visa
481 526 597 563 estin
628 526 845 564 sententia:
877 541 965 565 cum
998 535 1127 566 tamen
1159 542 1237 566 non
1272 531 1344 567 sit:
1376 544 1464 570 nam
1496 535 1551 571 ita

99 586 216 625 dicit:
248 587 384 625 Patres
405 587 523 625 duros
544 588 639 625 nihil
660 590 852 628 remittere
873 590 921 628 de
952 591 1126 642 imperio,
1157 593 1263 643 quod
1283 604 1491 634 exerceant
1512 597 1551 635 in

97 650 241 688 liberos
258 663 267 688 t
292 651 420 689 omnia
440 652 557 688 animi
576 651 798 689 laxamenta
819 652 1020 703 prohibere
1039 668 1047 692 z
1078 662 1129 700 at,
1152 658 1216 706 qui
1236 658 1354 707 paulo
1375 665 1435 696 est
1454 661 1550 698 tole-

96 713 264 759 rabilior,
278 714 408 764 aliqua
428 727 521 753 sane
535 715 703 766 patiatur
720 729 729 753 z
759 717 828 754 sed
850 730 928 755 non
941 719 1075 757 crebro
1094 732 1141 757 ea
1159 721 1254 758 fieri.
1295 722 1464 761 Mutavit
1480 737 1550 761 au-

96 784 174 815 tem
195 790 394 815 numerum
415 780 618 816 verborum
633 780 854 824 Terentius;
888 795 976 819 cum
996 783 1033 819 in
1051 784 1239 834 singulari
1258 784 1372 823 dixit:
1407 791 1415 807 ‘
1432 789 1550 838 paulo

99 841 164 892 qui
198 847 258 878 est
284 841 522 888 tolerabilis‚'
543 843 730 881 debuerat
750 845 941 884 subdere:
982 852 990 868 ‘
1010 861 1087 885 non
1109 848 1192 885 vult
1218 850 1353 886 crebro
1388 854 1549 890 scortari

95 904 238 942 liberos
260 917 365 951 suOS,
388 918 464 943 non
486 906 568 944 vult
589 908 723 944 crebro
743 908 967 948 convivari!
1023 911 1101 948 Sed
1121 911 1252 949 retulit
1272 925 1472 952 numerum
1501 916 1551 953 ad

97 967 384 1006 universitatem
406 975 572 1019 patrum.
617 970 669 1006 At
689 970 726 1006 in
749 970 951 1020 singulari,
971 973 1218 1020 tolerabilem,
1239 983 1434 1024 posuerat,
1455 991 1551 1028 quo-

97 1031 201 1069 niam
221 1032 382 1071 rariores
405 1040 509 1071 sunt.
549 1034 609 1071 Ita
628 1040 753 1071 mutat
774 1048 975 1074 numerum
996 1037 1034 1073 in
1054 1038 1267 1075 Eunucho:
1291 1042 1301 1060 ‘
1319 1039 1550 1079 Eunuchum

96 1107 211 1145 porro
232 1095 328 1134 dixti
347 1096 446 1134 velle
466 1102 516 1144 te,
548 1097 651 1140 Quia
678 1097 772 1135 solae
793 1105 953 1136 utuntur
973 1100 1030 1137 his
1051 1101 1224 1151 reginae.'
1280 1101 1406 1144 Quam
1427 1112 1552 1142 muta-

96 1159 239 1197 tionem
259 1159 397 1211 aliquis
417 1160 543 1198 minus
564 1161 810 1199 commodam
829 1175 916 1200 cum
937 1170 1103 1214 putaret,
1132 1164 1296 1202 sublatis
1314 1165 1388 1203 illis
1409 1169 1550 1215 verbis,

89 1221 212 1272 paulo
243 1224 310 1274 qui
340 1229 397 1261 est
432 1223 540 1261 homo
577 1225 802 1271 tolerabilis,
832 1239 920 1276 quae
953 1227 1046 1265 vitia
1073 1229 1320 1278 prohiberent
1351 1238 1481 1280 patres
1513 1235 1551 1270 in

96 1292 230 1324 nostra
248 1285 428 1333 lectione,
457 1301 504 1325 ea
534 1288 625 1326 fecit
658 1296 812 1339 patrare
843 1290 990 1341 flagitia
1018 1291 1105 1330 filiis
1125 1293 1163 1329 in
1186 1306 1271 1332 sua.
1330 1294 1428 1332 Haec
1448 1305 1551 1343 sunt,

97 1349 267 1400 Sylviole
286 1351 354 1397 fili,
383 1365 471 1402 quae
502 1352 808 1391 laboriosissima
828 1367 948 1405 opera
968 1356 1121 1393 excussi
1143 1357 1235 1394 tibi:
1266 1358 1462 1408 majorene
1483 1367 1552 1397 tae-

96 1412 160 1450 dio
195 1419 254 1452 tot
284 1414 531 1464 ineptiarum,
570 1429 618 1454 an
663 1423 781 1463 metu,
812 1431 860 1456 ne
894 1419 977 1469 pari
1007 1419 1160 1457 inscitia
1191 1433 1372 1471 caperere
1404 1424 1551 1461 neseio.

96 1476 219 1514 Omisi
238 1490 326 1516 vero
346 1479 469 1516 multa
488 1480 661 1518 carmina
688 1489 952 1528 controversa,
983 1489 1051 1520 aut
1082 1483 1279 1534 ambigua,
1313 1485 1389 1522 alla
1413 1494 1551 1525 vasta:

96 1553 184 1591 quae
203 1541 354 1578 etiamsi
374 1542 424 1579 ad
446 1544 653 1582 sanitatem
673 1545 914 1596 redigantur,
944 1552 984 1584 at
1013 1559 1107 1584 cura
1140 1547 1216 1584 ista
1245 1555 1378 1586 nostra
1404 1550 1466 1587 vel
1497 1551 1553 1588 sic

94 1603 212 1655 longe
230 1605 379 1643 minora
400 1606 490 1644 sint.
548 1608 692 1646 Verum
712 1609 907 1647 enimvero
927 1622 1054 1660 neque
1073 1610 1141 1647 tibi
1161 1611 1324 1660 puerilia
1343 1611 1464 1650 videri
1485 1614 1553 1652 de-

95 1668 202 1719 bent,
236 1669 302 1719 qui
331 1671 408 1708 ista
439 1678 555 1709 aetate
576 1671 754 1710 literariae
776 1673 904 1711 laudis
927 1673 1075 1711 aditum
1096 1687 1249 1712 omnem
1271 1675 1471 1725 explorare
1493 1678 1554 1728 ju-

93 1725 195 1769 beris
217 1733 265 1769 ab
286 1732 416 1771 indole
436 1740 516 1780 tua,
546 1749 634 1785 quae
654 1749 797 1787 magna
817 1749 863 1774 ac
884 1737 1008 1774 multa
1038 1730 1226 1787 promittit
1255 1738 1394 1776 nobis:
1426 1753 1552 1790 neque

94 1794 186 1832 mihi
206 1796 357 1846 plebeia
375 1797 487 1844 adeo,
521 1798 558 1835 in
590 1801 744 1849 quibus,
775 1800 929 1838 omissis
961 1800 1101 1838 studiis
1133 1801 1390 1850 gravioribuS,
1421 1810 1552 1841 tantos

94 1857 183 1896 illos
203 1858 305 1897 viros
325 1859 525 1898 elaborare
546 1861 692 1913 aliquid
713 1876 791 1900 non
818 1864 1011 1914 poenituit.
1068 1864 1144 1907 Qui
1176 1865 1207 1902 si
1236 1864 1375 1915 quibus
1396 1865 1434 1902 in
1454 1867 1552 1904 locis

94 1921 195 1972 lapsi
216 1929 319 1970 sunt,
339 1923 401 1962 vel
420 1924 494 1962 hoc
514 1927 640 1977 ipsum
662 1927 717 1964 eis
737 1927 937 1976 debeatur,
969 1927 1075 1978 quod
1098 1940 1171 1965 nos
1191 1929 1397 1966 excitarint
1416 1929 1466 1966 ad
1487 1943 1553 1967 ve-

95 1986 262 2024 ritatem.
319 1987 440 2039 Cujus
471 1989 729 2040 splendorem,
760 1991 816 2028 fili
847 1991 912 2038 mi,
942 1992 1079 2042 quovis
1101 1993 1255 2030 nomine
1276 1992 1461 2029 cariorem
1483 1993 1553 2030 ha-

94 2049 186 2088 bere
204 2049 337 2088 debes.
386 2051 576 2102 Magnum
597 2053 670 2091 fuit
691 2054 842 2092 Erasmi
865 2068 1019 2101 nomen,
1050 2056 1263 2105 praesertim
1284 2056 1323 2092 in
1343 2055 1553 2094 Germania

95 2112 215 2151 literis
236 2116 528 2153 renascentibus
546 2130 554 2154 :
586 2118 711 2168 majus
731 2118 918 2164 futurum,
953 2119 982 2156 si
1018 2119 1081 2155 ille
1100 2118 1225 2155 minor
1244 2132 1330 2157 esse
1350 2119 1552 2157 voluisset.

97 2176 234 2222 Nune,
257 2177 378 2215 fretus
410 2179 555 2229 ingenii
588 2181 646 2217 sui
682 2181 966 2231 magnitudine,
995 2181 1118 2218 multa
1147 2188 1312 2220 tractare
1342 2194 1552 2232 aggressus

97 2246 170 2286 est,
199 2239 316 2290 paulo
345 2241 472 2278 minus
500 2249 679 2280 accurate
698 2256 707 2279 :
738 2243 792 2280 ita
812 2256 834 2280 a
855 2244 1020 2281 nominis
1043 2244 1217 2282 claritate
1236 2236 1412 2295 profecta
1432 2248 1552 2284 confi-

97 2301 229 2340 dentia
246 2303 486 2354 praecipitem
508 2305 615 2342 illum
637 2307 729 2356 egit,
748 2319 827 2344 non
849 2307 931 2344 sine
953 2307 1159 2358 dispendio
1179 2308 1386 2345 multorum
1407 2309 1555 2347 studio·

98 2378 255 2403 sorum:
285 2367 351 2416 qui
378 2380 517 2405 omnes
548 2382 636 2407 cum
666 2369 771 2406 docti
792 2382 878 2407 esse
899 2370 1147 2407 vehementer
1165 2377 1407 2421 exoptarent,
1439 2373 1554 2422 pauci

97 2434 226 2466 autem
245 2428 468 2468 laborarent
488 2432 639 2469 omissis
660 2431 856 2479 aerumnis,
890 2446 978 2483 quae
1010 2433 1104 2483 ipsis
1136 2433 1175 2469 in
1206 2433 1453 2483 antiquorum
1473 2434 1552 2472 lec-

96 2492 202 2530 tione
220 2493 353 2530 multae
374 2495 612 2544 exequendae
631 2502 754 2541 erant,
775 2494 1046 2545 compendium
1063 2496 1167 2532 nacti
1185 2508 1316 2533 eorum
1335 2510 1423 2547 quae
1440 2498 1553 2535 Eras-

98 2568 182 2593 mus
204 2555 241 2592 in
262 2569 381 2593 unum
402 2558 609 2608 coegisset,
638 2559 670 2596 ei
691 2558 739 2596 de
760 2558 938 2595 omnibus
959 2558 1074 2595 fidem
1095 2559 1149 2596 ita
1167 2559 1350 2606 habuere,
1371 2567 1415 2597 ut
1434 2561 1552 2598 etiam

99 2619 320 2657 extantibus
355 2621 567 2670 priscorum
599 2621 875 2666 monumentis,
906 2621 1010 2658 unde
1044 2621 1108 2659 ille
1137 2623 1197 2659 vel
1227 2623 1439 2673 aliquando
1473 2637 1550 2661 non

96 2683 201 2719 bona
221 2682 294 2721 fide
317 2685 544 2734 accepisset,
568 2686 716 2722 Erasmi
736 2698 877 2722 nomen
899 2698 975 2723 non
999 2698 1065 2735 pro
1087 2693 1200 2732 teste,
1231 2687 1299 2724 sed
1320 2687 1550 2738 projudice‚

100 2746 233 2791 citent,
253 2755 368 2796 atque
389 2748 502 2785 alieni
530 2749 669 2787 laboris
691 2762 767 2788 non
800 2750 912 2799 quasi
942 2749 1229 2788 beneficiarium
1250 2750 1396 2788 faciant
1416 2759 1552 2789 aucto-

187 2819 300 2860 Delph.
316 2824 346 2852 et
364 2821 436 2853 Vur.
453 2823 536 2854 Clas.
778 2825 900 2856 Terent.
1439 2826 1465 2855 L
