1903 3306
492 524 828 600 PUB.
909 519 1640 598 TERENTII

775 712 1366 770 ANDRIA.†

342 888 459 920 ACTA
496 888 627 919 LUDIS
663 888 1046 925 MEGALENSIBUS‚¹

1088 889 1138 920 M.
1172 887 1334 918 FULVIO
1369 886 1422 916 ET
1453 886 1502 916 M.
1535 883 1796 916 GLABRIONE

381 952 636 983 AEDILIBUS2
667 952 933 985 CURULIBUS.
977 953 1188 984 EGERUNT
1217 953 1253 983 L.
1276 950 1501 983 AMBIVIUS
1531 949 1711 986 TURPIO,
1744 949 1796 980 ET

383 1018 420 1048 L.
454 1016 655 1047 ATTILIUS
686 1016 1018 1048 PRAENESTINUS.
1063 1017 1220 1047 MODOS
1253 1016 1380 1047 FECIT
1411 1012 1626 1047 FLACCUS³
1664 1012 1797 1045 CLAU-

383 1081 480 1111 DII4
514 1081 667 1117 FILIUS,
704 1081 838 1113 TIBIIS
875 1080 1103 1119 PARIBUS‚⁵
1140 1081 1331 1112 DEXTRIS
1364 1080 1417 1111 ET
1453 1076 1699 1110 SINISTRIS.⁶
1743 1076 1796 1107 ET

382 1145 457 1176 EST
478 1145 593 1175 TOTA
617 1145 823 1177 GRAECA.⁷
869 1145 1005 1176 EDITA
1027 1146 1077 1177 M.
1099 1143 1370 1177 MARCELLOss
1396 1143 1449 1174 ET
1471 1142 1569 1175 CN.⁹
1593 1139 1796 1173 SULPICIO

384 1209 496 1241 COSS.
511 1209 540 1226 ¹0

384 1329 396 1355 t
433 1322 544 1354 Publii
589 1324 730 1354 Terentii
771 1322 1042 1362 Carthaginiensis

339 1374 416 1412 Afri
439 1375 572 1406 Andria.
604 1375 662 1406 Sic
686 1376 772 1407 hanc
798 1375 961 1406 Fabulam
986 1384 1041 1406 co-

341 1429 440 1455 ronat
464 1425 750 1465 Lindenbrogius‚
781 1429 815 1456 et
845 1425 893 1456 sic
923 1429 1039 1456 notat:

340 1475 350 1490 ‘
367 1475 448 1506 Pub.
466 1475 603 1506 Terentii
628 1473 916 1514 Carthaginiensis]
942 1472 1043 1505 Asse-

340 1534 418 1556 rere
450 1525 539 1556 hunc
574 1525 709 1556 titulum
743 1524 906 1556 Terentio
940 1524 1042 1563 volui,

339 1584 441 1616 quem
468 1575 504 1605 in
528 1575 696 1606 nonnullis
722 1573 973 1614 exemplaribus
994 1573 1042 1605 ita

338 1629 543 1666 conceptum
561 1625 684 1666 reperi.
730 1624 856 1666 Itaque
878 1624 926 1655 sic
941 1633 1040 1655 voca-

339 1678 397 1706 tnr
426 1685 446 1706 a
475 1676 626 1714 Donato,
659 1680 695 1706 et
725 1685 744 1706 a
775 1674 1041 1716 quibuscumque

338 1725 412 1756 aliis
442 1726 558 1757 Vitam
586 1726 674 1757 illius
703 1725 912 1766 descriptam
941 1725 1041 1756 habe-

339 1784 424 1806 muS.
471 1775 550 1806 Fuit
575 1776 660 1806 alius
675 1775 856 1806 Terentius
879 1775 976 1815 Libo,
999 1774 1040 1805 de

340 1835 406 1866 quo
430 1826 462 1857 in
487 1826 763 1866 Prolegomenis:
788 1827 884 1867 cujus
909 1825 1041 1857 fortean

337 1874 532 1916 fragmenta
555 1881 644 1916 sunt,
660 1876 750 1917 apud
776 1877 874 1908 Varr.
899 1875 941 1907 de
957 1876 1040 1908 L.L.

338 1927 399 1958 lib.
419 1936 455 1959 v.
499 1927 508 1944 ‘
525 1927 662 1958 Gaudia
678 1937 737 1958 sua
753 1927 780 1958 si
801 1936 916 1959 omnes
936 1927 1040 1959 homi-

338 1987 401 2009 nes
418 1976 597 2010 conferant
612 1987 712 2008 unum
731 1978 762 2008 in
780 1978 903 2016 locum,
927 1981 1040 2008 tamen

338 2038 415 2060 mea
436 2033 621 2070 exsuperet
637 2028 785 2060 laetitia.’
822 2029 868 2059 Et
891 2028 1041 2059 Gellium

339 2080 445 2111 Noct.
461 2079 570 2111 Attic.
587 2079 646 2110 lib.
663 2087 772 2110 xvni.
796 2088 827 2110 c,
849 2081 899 2109 ll.
932 2079 941 2095 ‘
961 2078 1040 2108 Pal-

338 2129 419 2161 lium
435 2128 509 2161 face
527 2135 564 2161 ut
580 2128 786 2170 splendeat!
809 2127 856 2159 At
871 2137 949 2160 vero
967 2137 1040 2159 ver-

337 2179 384 2211 ba
411 2179 467 2210 illa
493 2179 583 2220 apud
610 2180 747 2210 Festum
778 2179 813 2210 in
835 2179 1039 2211 Summussi:

339 2231 349 2246 ‘
368 2230 470 2263 Quod
488 2236 585 2270 potes
601 2230 771 2270 sile,cela‚
788 2230 934 2269 occulta,
950 2233 1040 2270 tege,

340 2286 428 2321 tace,
450 2292 572 2321 mussa,
597 2281 738 2314 mane:’
761 2282 873 2322 potius
897 2281 1040 2321 Caecilii,

341 2342 440 2373 quam
468 2333 622 2363 Terentii
651 2341 724 2363 esse
749 2337 844 2373 puto.
879 2333 933 2363 Ex
959 2331 1039 2363 Car-

340 2383 559 2423 thaginiensis
583 2392 663 2413 vero
680 2382 778 2424 hujus
794 2392 866 2422 sex⁷
890 2392 966 2424 quae
988 2392 1040 2413 re-

339 2433 442 2473 liqua»,
466 2438 557 2471 sunt,
581 2432 718 2471 fabulis,
745 2442 821 2464 cum
845 2431 990 2473 primum
1006 2432 1040 2463 in

341 2493 477 2514 scenam
497 2484 666 2523 producta
690 2488 780 2514 esset
797 2482 939 2521 Andria,
962 2492 1039 2523 pro-

341 2534 499 2564 nuntiata
515 2532 578 2564 fnit
594 2536 602 2551 ⁶
619 2533 746 2564 Andria
761 2532 937 2572 Terentii,’
955 2537 1042 2563 utet

340 2583 577 2624 ‘Adelphoez'
622 2584 904 2625 quemadmodum
938 2583 1042 2615 docet

342 2635 508 2666 Donatus.
546 2634 593 2665 At
607 2634 639 2665 in
654 2635 791 2675 reliquis
809 2634 962 2666 omnibus
983 2643 1041 2664 no-

342 2695 419 2717 men
464 2685 622 2716 Auctoris
662 2685 902 2725 praepositum:
949 2684 1040 2726 quod

342 2736 430 2767 »cire
455 2744 529 2774 nos,
551 2732 736 2765 suffecerit.
774 2734 864 2765 Nam
889 2735 936 2765 ita
951 2743 1040 2765 nunc

343 2795 477 2827 quoque
501 2784 555 2816 edi
583 2784 723 2823 debere,
747 2782 854 2815 futilis
879 2784 966 2816 ratio
989 2793 1039 2815 es-

1096 1327 1170 1353 set:
1196 1331 1260 1354 nec
1273 1327 1355 1363 puto
1366 1331 1566 1364 quemquam
1581 1320 1666 1353 adeo
1679 1319 1795 1360 inepte

1097 1373 1359 1413 religiosum,ut
1374 1374 1407 1404 in
1422 1373 1486 1404 hoc
1510 1381 1563 1403 me
1590 1379 1722 1403 errasse
1749 1368 1798 1400 di·

1096 1423 1174 1455 cat!
1198 1423 1285 1454 Haec
1299 1423 1401 1454 habet
1409 1423 1528 1454 Editor
1540 1420 1795 1463 Delpliiuensis:

1141 1474 1280 1513 Andria]
1305 1474 1391 1505 Haec
1409 1473 1581 1506 Comoedia
1598 1473 1707 1514 prima
1729 1472 1796 1503 Te-

1098 1524 1201 1555 rentii
1222 1525 1419 1556 nominatur
1442 1523 1585 1563 Andria,
1605 1523 1647 1555 ab
1663 1522 1796 1560 Andro,

1097 1575 1213 1606 Insula
1236 1576 1342 1607 Maris
1369 1575 1477 1616 AEgaei
1501 1573 1794 1617 (l’Archspelagm),

1096 1624 1198 1657 hodie
1213 1625 1337 1657 Andri).

1140 1679 1156 1707 1
1182 1675 1283 1706 Ludis
1309 1674 1554 1715 Megalensibus]
1577 1673 1740 1706 Exhibita
1763 1674 1796 1705 iu

1095 1725 1184 1757 ludis
1210 1726 1373 1765 Scenicis,
1393 1725 1524 1767 Cybele
1546 1734 1677 1765 magnae
1703 1725 1796 1756 Deo-

1096 1786 1169 1807 rum
1185 1776 1291 1808 Matri
1307 1776 1423 1807 sacris.

1138 1830 1157 1858 2
1182 1827 1232 1858 M.
1258 1827 1367 1858 Fulvio
1380 1829 1409 1858 et
1426 1827 1477 1857 M.
1497 1825 1665 1857 Glabrione
1681 1825 1796 1857 AEdili-

1095 1877 1165 1917 bus]
1198 1877 1325 1908 AEdiles
1352 1881 1451 1909 erant
1473 1876 1700 1917 Magistratus
1729 1875 1794 1907 Ro-

1095 1937 1180 1966 mae3
1203 1935 1249 1958 ex
1273 1936 1313 1958 eo
1339 1927 1435 1966 dicti,
1453 1926 1544 1968 quod
1568 1926 1659 1958 aedes
1683 1935 1796 1957 sacras

1096 1983 1131 2009 et
1161 1978 1307 2018 privatas
1338 1977 1525 2016 curabant3
1558 1981 1596 2008 ut
1629 1986 1795 2008 annonam

1096 2037 1244 2069 quoque,
1269 2032 1305 2059 et
1328 2027 1424 2059 ludos
1447 2032 1482 2058 et
1498 2027 1695 2068 spectacula
1711 2027 1795 2067 pub-

1095 2077 1174 2116 lica,
1190 2087 1266 2119 quae
1291 2077 1418 2118 populo
1442 2076 1669 2108 exhibebant:
1694 2085 1795 2116 prop-

1096 2131 1192 2160 terea
1207 2127 1366 2167 Fabulas,
1379 2126 1585 2167 Tragoedias,
1611 2130 1646 2157 et
1664 2126 1794 2157 Comoe-

1096 2178 1201 2209 diasa
1217 2177 1338 2210 Po‘etis
1363 2177 1536 2215 emebant,
1562 2176 1683 2217 agique
1707 2185 1796 2206 man-

1095 2228 1234 2260 dabant.
1294 2227 1410 2259 Primo
1446 2226 1575 2258 AEdiles
1611 2234 1654 2257 ex
1693 2225 1795 2267 plebe

1094 2277 1202 2310 creati
1217 2282 1314 2309 sunt:
1339 2275 1464 2308 deinde
1480 2276 1548 2307 duo
1572 2285 1615 2307 ex
1631 2275 1794 2307 Patriciis

1095 2327 1251 2369 adjuncti
1264 2338 1274 2366 ;
1299 2327 1355 2368 qui
1369 2327 1512 2359 Curules
1524 2325 1687 2357 nominati
1702 2330 1794 2365 sunt,

1095 2377 1185 2420 quod
1209 2376 1343 2409 honoris
1360 2385 1460 2408 causa
1476 2376 1509 2407 in
1534 2375 1672 2408 Curiam
1692 2384 1793 2407 curru

1097 2429 1320 2459 veherentur:
1356 2427 1390 2457 in
1424 2435 1492 2468 quo
1527 2426 1609 2457 sella
1642 2425 1794 2457 eburnea

1095 2484 1169 2510 erat
1187 2478 1357 2518 imposita,
1375 2477 1408 2508 in
1425 2486 1491 2517 qua
1507 2475 1734 2508 considerent.

1138 2530 1156 2558 3
1180 2528 1292 2558 Modos
1309 2526 1392 2566 fecit
1413 2525 1558 2566 Flaccus]
1581 2525 1622 2557 Id
1646 2531 1710 2566 est,
1732 2536 1792 2558 nu-

1095 2588 1206 2610 meros
1238 2577 1426 2618 composuit
1465 2576 1694 2616 Canticorum,
1735 2578 1791 2617 qui

1095 2633 1173 2671 post
1188 2628 1335 2668 singulos
1353 2627 1460 2658 Actus
1481 2625 1702 2666 canebantur,
1723 2635 1793 2658 eos-

1094 2690 1159 2722 que
1175 2678 1441 2717 distinguebant.

1135 2732 1154 2760 4
1167 2727 1327 2769 [Claudii]
1340 2726 1378 2757 In
1393 2727 1476 2756 Mss.
1488 2725 1657 2767 plerisque
1668 2727 1791 2759 Claudi.

1097 2782 1229 2813 Perlet.
1252 2780 1308 2810 Sic
1330 2778 1389 2809 dat
1406 2777 1506 2808 Both.
1524 2777 1596 2819 qui,
1612 2777 1621 2794 ⁴
1639 2777 1790 2810 Claudi:'
