<?xml version="1.0" encoding="UTF-8"?>
<!DOCTYPE html PUBLIC "-//W3C//DTD XHTML 1.0 Transitional//EN"
    "http://www.w3.org/TR/xhtml1/DTD/xhtml1-transitional.dtd">
<html xmlns="http://www.w3.org/1999/xhtml" xml:lang="en" lang="en">
 <head>
  <title>
</title>
<meta http-equiv="Content-Type" content="text/html;charset=utf-8" />
  <meta name='ocr-system' content='tesseract 3.04.00' />
  <meta name='ocr-capabilities' content='ocr_page ocr_carea ocr_par ocr_line ocrx_word'/>
</head>
<body>
  <div class='ocr_page' id='page_1' title='image "./pubterentiiafric01tereuoft/pubterentiiafric01tereuoft_0359.png"; bbox 0 0 1903 3306; ppageno 0'>
   <div class='ocr_carea' id='block_1_1' title="bbox 529 251 1562 291">
    <p class='ocr_par' dir='ltr' id='par_1_1' title="bbox 529 251 1562 291">
     <span class='ocr_line' id='line_1_1' title="bbox 529 251 1562 291; baseline 0.003 -3"><span class='ocrx_word' id='word_1_1' title='bbox 529 258 736 288; x_wconf 76' lang='lat' dir='ltr'>ANDRIAE</span> <span class='ocrx_word' id='word_1_2' title='bbox 772 258 881 289; x_wconf 72' lang='lat' dir='ltr'><em>Aor.</em></span> <span class='ocrx_word' id='word_1_3' title='bbox 909 258 973 288; x_wconf 75' lang='lat' dir='ltr'><em>iv.</em></span> <span class='ocrx_word' id='word_1_4' title='bbox 1009 258 1075 289; x_wconf 84' lang='lat' dir='ltr'><em>so.</em></span> <span class='ocrx_word' id='word_1_5' title='bbox 1100 261 1130 289; x_wconf 89' lang='lat'><em>1.</em></span> <span class='ocrx_word' id='word_1_6' title='bbox 1479 251 1562 291; x_wconf 69' lang='lat'><em>349</em></span> 
     </span>
    </p>
   </div>
   <div class='ocr_carea' id='block_1_2' title="bbox 109 353 1566 1015">
    <p class='ocr_par' dir='ltr' id='par_1_2' title="bbox 111 353 1303 408">
     <span class='ocr_line' id='line_1_2' title="bbox 111 353 1303 408; baseline 0.002 -13"><span class='ocrx_word' id='word_1_7' title='bbox 111 355 198 395; x_wconf 73' lang='grc' dir='ltr'><em>ΡΑ.</em></span> <span class='ocrx_word' id='word_1_8' title='bbox 230 353 318 396; x_wconf 88' lang='lat' dir='ltr'><em>Cur</em></span> <span class='ocrx_word' id='word_1_9' title='bbox 333 367 402 395; x_wconf 86' lang='lat' dir='ltr'><em>me</em></span> <span class='ocrx_word' id='word_1_10' title='bbox 420 353 606 407; x_wconf 70' lang='lat' dir='ltr'><em>enicas?</em></span> <span class='ocrx_word' id='word_1_11' title='bbox 629 355 709 396; x_wconf 83' lang='lat' dir='ltr'><em>hoc</em></span> <span class='ocrx_word' id='word_1_12' title='bbox 730 354 855 396; x_wconf 80' lang='lat' dir='ltr'><em>audi:</em></span> <span class='ocrx_word' id='word_1_13' title='bbox 886 368 1106 408; x_wconf 78' lang='lat' dir='ltr'><em>nunquam</em></span> <span class='ocrx_word' id='word_1_14' title='bbox 1130 355 1303 398; x_wconf 77' lang='lat' dir='ltr'>destitit</span> 
     </span>
    </p>

    <p class='ocr_par' dir='ltr' id='par_1_3' title="bbox 110 421 1238 477">
     <span class='ocr_line' id='line_1_3' title="bbox 110 421 1238 477; baseline 0.001 -14"><span class='ocrx_word' id='word_1_15' title='bbox 110 421 302 472; x_wconf 83' lang='lat' dir='ltr'><strong>Instare,</strong></span> <span class='ocrx_word' id='word_1_16' title='bbox 323 425 373 462; x_wconf 89' lang='lat' dir='ltr'><em>ut</em></span> <span class='ocrx_word' id='word_1_17' title='bbox 394 422 598 472; x_wconf 80' lang='lat' dir='ltr'>dicerem,</span> <span class='ocrx_word' id='word_1_18' title='bbox 619 437 688 464; x_wconf 86' lang='lat' dir='ltr'><em>me</em></span> <span class='ocrx_word' id='word_1_19' title='bbox 713 437 810 464; x_wconf 83' lang='lat' dir='ltr'><em>esse</em></span> <span class='ocrx_word' id='word_1_20' title='bbox 831 424 1076 473; x_wconf 84' lang='lat' dir='ltr'><em>ducturum,</em></span> <span class='ocrx_word' id='word_1_21' title='bbox 1100 424 1238 477; x_wconf 79' lang='lat' dir='ltr'><em>patri:</em></span> 
     </span>
    </p>

    <p class='ocr_par' dir='ltr' id='par_1_4' title="bbox 111 488 1164 544">
     <span class='ocr_line' id='line_1_4' title="bbox 111 488 1164 544; baseline 0 -14"><span class='ocrx_word' id='word_1_22' title='bbox 111 488 324 540; x_wconf 80' lang='lat' dir='ltr'>Suadere,</span> <span class='ocrx_word' id='word_1_23' title='bbox 345 502 481 539; x_wconf 79' lang='lat' dir='ltr'><em>orare,</em></span> <span class='ocrx_word' id='word_1_24' title='bbox 501 503 646 543; x_wconf 85' lang='lat' dir='ltr'><em>usque</em></span> <span class='ocrx_word' id='word_1_25' title='bbox 667 490 777 531; x_wconf 81' lang='lat' dir='ltr'><em>adeo</em></span> <span class='ocrx_word' id='word_1_26' title='bbox 799 490 939 531; x_wconf 87' lang='lat' dir='ltr'><em>donec</em></span> <span class='ocrx_word' id='word_1_27' title='bbox 961 491 1164 544; x_wconf 73' lang='lat' dir='ltr'><strong>perpulit.</strong></span> 
     </span>
    </p>

    <p class='ocr_par' dir='ltr' id='par_1_5' title="bbox 111 539 1564 666">
     <span class='ocr_line' id='line_1_5' title="bbox 111 539 1564 608; baseline 0.003 -11"><span class='ocrx_word' id='word_1_28' title='bbox 111 539 349 608; x_wconf 65' lang='lat' dir='ltr'><em>CETQuis</em></span> <span class='ocrx_word' id='word_1_29' title='bbox 370 545 508 599; x_wconf 68' lang='lat' dir='ltr'><em>Tsbmo</em></span> <span class='ocrx_word' id='word_1_30' title='bbox 530 559 685 599; x_wconf 62' lang='lat' dir='ltr'><em>istuc?</em></span> <span class='ocrx_word' id='word_1_31' title='bbox 748 559 835 599; x_wconf 84' lang='lat' dir='ltr'><em>PA.</em></span> <span class='ocrx_word' id='word_1_32' title='bbox 877 559 1051 600; x_wconf 69' lang='lat' dir='ltr'><em>navos.</em></span> <span class='ocrx_word' id='word_1_33' title='bbox 1113 558 1202 600; x_wconf 87' lang='lat' dir='ltr'><em>CH.</em></span> <span class='ocrx_word' id='word_1_34' title='bbox 1234 559 1414 601; x_wconf 63' lang='lat' dir='ltr'><em>Davosz</em></span> <span class='ocrx_word' id='word_1_35' title='bbox 1477 560 1564 602; x_wconf 80' lang='grc' dir='ltr'><em>ΡΛ.</em></span> 
     </span>
     <span class='ocr_line' id='line_1_6' title="bbox 287 624 625 666; baseline 0 -1"><span class='ocrx_word' id='word_1_36' title='bbox 287 624 440 665; x_wconf 81' lang='lat' dir='ltr'><em>Davos</em></span> <span class='ocrx_word' id='word_1_37' title='bbox 462 625 625 666; x_wconf 86' lang='lat' dir='ltr'><em>omnia.</em></span> 
     </span>
    </p>

    <p class='ocr_par' dir='ltr' id='par_1_6' title="bbox 110 691 1565 743">
     <span class='ocr_line' id='line_1_7' title="bbox 110 691 1565 743; baseline 0.001 -9"><span class='ocrx_word' id='word_1_38' title='bbox 110 692 200 734; x_wconf 85' lang='lat' dir='ltr'><em>CH.</em></span> <span class='ocrx_word' id='word_1_39' title='bbox 233 691 565 743; x_wconf 71' lang='lat' dir='ltr'>Quamobrem?</span> <span class='ocrx_word' id='word_1_40' title='bbox 626 692 715 734; x_wconf 87' lang='lat' dir='ltr'><em>PA.</em></span> <span class='ocrx_word' id='word_1_41' title='bbox 749 692 942 734; x_wconf 83' lang='lat' dir='ltr'><em>Nescio:</em></span> <span class='ocrx_word' id='word_1_42' title='bbox 964 692 1048 733; x_wconf 84' lang='lat' dir='ltr'><em>nisi</em></span> <span class='ocrx_word' id='word_1_43' title='bbox 1069 693 1176 734; x_wconf 89' lang='lat' dir='ltr'><em>mihi</em></span> <span class='ocrx_word' id='word_1_44' title='bbox 1197 694 1319 735; x_wconf 85' lang='lat' dir='ltr'>Deos</span> <span class='ocrx_word' id='word_1_45' title='bbox 1341 695 1451 735; x_wconf 80' lang='lat' dir='ltr'><em>satis</em></span> <span class='ocrx_word' id='word_1_46' title='bbox 1509 696 1565 737; x_wconf 77' lang='lat'><em>40</em></span> 
     </span>
    </p>

    <p class='ocr_par' dir='ltr' id='par_1_7' title="bbox 110 760 1023 813">
     <span class='ocr_line' id='line_1_8' title="bbox 110 760 1023 813; baseline -0.001 -12"><span class='ocrx_word' id='word_1_47' title='bbox 110 760 215 801; x_wconf 90' lang='lat' dir='ltr'><em>Scio</em></span> <span class='ocrx_word' id='word_1_48' title='bbox 234 760 374 800; x_wconf 83' lang='lat' dir='ltr'><em>fuisse</em></span> <span class='ocrx_word' id='word_1_49' title='bbox 395 760 548 809; x_wconf 81' lang='lat' dir='ltr'><em>iratos,</em></span> <span class='ocrx_word' id='word_1_50' title='bbox 570 760 646 813; x_wconf 89' lang='lat' dir='ltr'><em>qui</em></span> <span class='ocrx_word' id='word_1_51' title='bbox 669 761 1023 802; x_wconf 84' lang='lat' dir='ltr'><em>auscultaverim.</em></span> 
     </span>
    </p>

    <p class='ocr_par' dir='ltr' id='par_1_8' title="bbox 111 827 1566 948">
     <span class='ocr_line' id='line_1_9' title="bbox 111 827 1566 877; baseline 0.002 -9"><span class='ocrx_word' id='word_1_52' title='bbox 111 827 202 868; x_wconf 85' lang='lat' dir='ltr'><em>CH.</em></span> <span class='ocrx_word' id='word_1_53' title='bbox 231 827 419 868; x_wconf 83' lang='lat' dir='ltr'><em>Factum</em></span> <span class='ocrx_word' id='word_1_54' title='bbox 451 827 536 868; x_wconf 85' lang='lat' dir='ltr'><em>hoc</em></span> <span class='ocrx_word' id='word_1_55' title='bbox 569 833 653 877; x_wconf 82' lang='lat' dir='ltr'><em>est,</em></span> <span class='ocrx_word' id='word_1_56' title='bbox 687 828 848 870; x_wconf 70' lang='lat' dir='ltr'><em>Dave?</em></span> <span class='ocrx_word' id='word_1_57' title='bbox 910 828 1003 869; x_wconf 75' lang='lat' dir='ltr'><em>DA.</em></span> <span class='ocrx_word' id='word_1_58' title='bbox 1037 828 1234 870; x_wconf 75' lang='lat' dir='ltr'><em>Factum.</em></span> <span class='ocrx_word' id='word_1_59' title='bbox 1297 828 1384 870; x_wconf 72' lang='lat' dir='ltr'><em>Cu.</em></span> <span class='ocrx_word' id='word_1_60' title='bbox 1424 829 1566 871; x_wconf 82' lang='lat' dir='ltr'><em>Hem!</em></span> 
     </span>
     <span class='ocr_line' id='line_1_10' title="bbox 280 894 700 948; baseline 0.005 -14"><span class='ocrx_word' id='word_1_61' title='bbox 280 894 387 948; x_wconf 87' lang='lat' dir='ltr'><em>quid</em></span> <span class='ocrx_word' id='word_1_62' title='bbox 409 895 491 944; x_wconf 86' lang='lat' dir='ltr'><em>ais,</em></span> <span class='ocrx_word' id='word_1_63' title='bbox 515 895 700 936; x_wconf 74' lang='lat' dir='ltr'><em>scelus?</em></span> 
     </span>
    </p>

    <p class='ocr_par' dir='ltr' id='par_1_9' title="bbox 109 961 1074 1015">
     <span class='ocr_line' id='line_1_11' title="bbox 109 961 1074 1015; baseline 0 -11"><span class='ocrx_word' id='word_1_64' title='bbox 109 961 173 1004; x_wconf 88' lang='lat' dir='ltr'><em>At</em></span> <span class='ocrx_word' id='word_1_65' title='bbox 191 962 273 1003; x_wconf 83' lang='lat' dir='ltr'><em>tibi</em></span> <span class='ocrx_word' id='word_1_66' title='bbox 294 962 355 1003; x_wconf 89' lang='lat' dir='ltr'><em>Di</em></span> <span class='ocrx_word' id='word_1_67' title='bbox 376 962 554 1015; x_wconf 86' lang='lat' dir='ltr'><em>dignum</em></span> <span class='ocrx_word' id='word_1_68' title='bbox 577 964 707 1005; x_wconf 83' lang='lat' dir='ltr'><em>factis</em></span> <span class='ocrx_word' id='word_1_69' title='bbox 727 963 915 1005; x_wconf 79' lang='lat' dir='ltr'><em>exitium</em></span> <span class='ocrx_word' id='word_1_70' title='bbox 936 963 1074 1004; x_wconf 81' lang='lat' dir='ltr'>duint.</span> 
     </span>
    </p>
   </div>
   <div class='ocr_carea' id='block_1_3' title="bbox 107 1091 1569 1390">
    <p class='ocr_par' dir='ltr' id='par_1_10' title="bbox 107 1091 1569 1390">
     <span class='ocr_line' id='line_1_12' title="bbox 108 1091 1567 1132; baseline 0.001 -10"><span class='ocrx_word' id='word_1_71' title='bbox 108 1091 196 1123; x_wconf 83' lang='lat' dir='ltr'><em>illam</em></span> <span class='ocrx_word' id='word_1_72' title='bbox 210 1093 383 1123; x_wconf 79' lang='lat' dir='ltr'><em>ducturum.</em></span> <span class='ocrx_word' id='word_1_73' title='bbox 431 1091 496 1122; x_wconf 81' lang='grc' dir='ltr'><em>ΡΑ.</em></span> <span class='ocrx_word' id='word_1_74' title='bbox 525 1093 590 1122; x_wconf 84' lang='lat' dir='ltr'><em>Cur</em></span> <span class='ocrx_word' id='word_1_75' title='bbox 614 1101 662 1122; x_wconf 79' lang='lat' dir='ltr'><em>me</em></span> <span class='ocrx_word' id='word_1_76' title='bbox 684 1092 778 1123; x_wconf 75' lang='lat' dir='ltr'><em>dictis</em></span> <span class='ocrx_word' id='word_1_77' title='bbox 801 1092 932 1125; x_wconf 80' lang='lat' dir='ltr'><em>enecas?</em></span> <span class='ocrx_word' id='word_1_78' title='bbox 959 1093 1031 1124; x_wconf 86' lang='lat' dir='ltr'><em>Hoc</em></span> <span class='ocrx_word' id='word_1_79' title='bbox 1054 1093 1139 1123; x_wconf 74' lang='lat' dir='ltr'><em>omli.</em></span> <span class='ocrx_word' id='word_1_80' title='bbox 1186 1091 1253 1123; x_wconf 83' lang='lat' dir='ltr'><em>Hic</em></span> <span class='ocrx_word' id='word_1_81' title='bbox 1267 1102 1423 1132; x_wconf 80' lang='lat' dir='ltr'><em>nunquam</em></span> <span class='ocrx_word' id='word_1_82' title='bbox 1437 1091 1567 1123; x_wconf 72' lang='lat' dir='ltr'><em>cessarit</em></span> 
     </span>
     <span class='ocr_line' id='line_1_13' title="bbox 108 1134 1567 1175; baseline 0 -10"><span class='ocrx_word' id='word_1_83' title='bbox 108 1144 156 1165; x_wconf 84' lang='lat' dir='ltr'><em>me</em></span> <span class='ocrx_word' id='word_1_84' title='bbox 172 1144 283 1174; x_wconf 82' lang='lat' dir='ltr'><em>urgere</em></span> <span class='ocrx_word' id='word_1_85' title='bbox 298 1139 331 1165; x_wconf 84' lang='lat' dir='ltr'><em>ut</em></span> <span class='ocrx_word' id='word_1_86' title='bbox 347 1134 431 1174; x_wconf 77' lang='lat' dir='ltr'><em>patri</em></span> <span class='ocrx_word' id='word_1_87' title='bbox 446 1135 578 1166; x_wconf 76' lang='lat' dir='ltr'><em>dicerem</em></span> <span class='ocrx_word' id='word_1_88' title='bbox 601 1145 648 1165; x_wconf 85' lang='lat' dir='ltr'><em>me</em></span> <span class='ocrx_word' id='word_1_89' title='bbox 671 1136 848 1175; x_wconf 82' lang='lat' dir='ltr'><em>ducturum,</em></span> <span class='ocrx_word' id='word_1_90' title='bbox 875 1137 1014 1174; x_wconf 78' lang='lat' dir='ltr'><em>suadere,</em></span> <span class='ocrx_word' id='word_1_91' title='bbox 1029 1145 1130 1171; x_wconf 72' lang='lat' dir='ltr'><em>orare,</em></span> <span class='ocrx_word' id='word_1_92' title='bbox 1147 1145 1179 1166; x_wconf 79' lang='lat' dir='ltr'><em>eo</em></span> <span class='ocrx_word' id='word_1_93' title='bbox 1201 1145 1306 1175; x_wconf 76' lang='lat' dir='ltr'><em>usque,</em></span> <span class='ocrx_word' id='word_1_94' title='bbox 1327 1137 1421 1166; x_wconf 68' lang='lat' dir='ltr'><em>donec</em></span> <span class='ocrx_word' id='word_1_95' title='bbox 1435 1145 1483 1165; x_wconf 86' lang='lat' dir='ltr'><em>me</em></span> <span class='ocrx_word' id='word_1_96' title='bbox 1498 1139 1567 1165; x_wconf 82' lang='lat' dir='ltr'><em>tan-</em></span> 
     </span>
     <span class='ocr_line' id='line_1_14' title="bbox 108 1176 1568 1218; baseline 0.001 -11"><span class='ocrx_word' id='word_1_97' title='bbox 108 1179 177 1207; x_wconf 81' lang='lat' dir='ltr'><em>dem</em></span> <span class='ocrx_word' id='word_1_98' title='bbox 191 1177 314 1217; x_wconf 79' lang='lat' dir='ltr'><strong><em>impulit</em></strong></span> <span class='ocrx_word' id='word_1_99' title='bbox 338 1178 471 1208; x_wconf 67' lang='lat' dir='ltr'><em>int-itum</em></span> <span class='ocrx_word' id='word_1_100' title='bbox 491 1179 532 1208; x_wconf 75' lang='lat' dir='ltr'><em>ad</em></span> <span class='ocrx_word' id='word_1_101' title='bbox 557 1177 589 1208; x_wconf 81' lang='lat' dir='ltr'><em>id</em></span> <span class='ocrx_word' id='word_1_102' title='bbox 607 1177 800 1215; x_wconf 78' lang='lat' dir='ltr'><em>faciendum.</em></span> <span class='ocrx_word' id='word_1_103' title='bbox 846 1179 915 1210; x_wconf 80' lang='lat' dir='ltr'><em>CH.</em></span> <span class='ocrx_word' id='word_1_104' title='bbox 939 1179 1019 1213; x_wconf 73' lang='lat' dir='ltr'><em>Quis</em></span> <span class='ocrx_word' id='word_1_105' title='bbox 1033 1179 1120 1209; x_wconf 82' lang='lat' dir='ltr'><em>homo</em></span> <span class='ocrx_word' id='word_1_106' title='bbox 1137 1181 1168 1208; x_wconf 86' lang='lat' dir='ltr'><em>te</em></span> <span class='ocrx_word' id='word_1_107' title='bbox 1182 1179 1221 1208; x_wconf 81' lang='lat' dir='ltr'><em>ad</em></span> <span class='ocrx_word' id='word_1_108' title='bbox 1236 1178 1291 1208; x_wconf 80' lang='lat' dir='ltr'><em>hoc</em></span> <span class='ocrx_word' id='word_1_109' title='bbox 1306 1176 1457 1218; x_wconf 76' lang='lat' dir='ltr'><em>impulit?</em></span> <span class='ocrx_word' id='word_1_110' title='bbox 1502 1178 1568 1208; x_wconf 77' lang='grc' dir='ltr'><em>ΡΑ.</em></span> 
     </span>
     <span class='ocr_line' id='line_1_15' title="bbox 110 1218 1568 1256; baseline 0 -6"><span class='ocrx_word' id='word_1_111' title='bbox 110 1220 231 1250; x_wconf 77' lang='lat' dir='ltr'><em>Davus.</em></span> <span class='ocrx_word' id='word_1_112' title='bbox 277 1220 345 1251; x_wconf 77' lang='lat' dir='ltr'><em>CH.</em></span> <span class='ocrx_word' id='word_1_113' title='bbox 368 1218 505 1251; x_wconf 71' lang='lat' dir='ltr'><em>Davus?</em></span> <span class='ocrx_word' id='word_1_114' title='bbox 550 1220 615 1251; x_wconf 78' lang='grc' dir='ltr'><em>ΡΑ.</em></span> <span class='ocrx_word' id='word_1_115' title='bbox 640 1221 750 1251; x_wconf 69' lang='lat' dir='ltr'><em>Davus</em></span> <span class='ocrx_word' id='word_1_116' title='bbox 770 1221 872 1252; x_wconf 79' lang='lat' dir='ltr'><em>omnia</em></span> <span class='ocrx_word' id='word_1_117' title='bbox 902 1223 1022 1252; x_wconf 79' lang='lat' dir='ltr'><em>omnino</em></span> <span class='ocrx_word' id='word_1_118' title='bbox 1047 1221 1196 1251; x_wconf 74' lang='lat' dir='ltr'><em>turbavit.</em></span> <span class='ocrx_word' id='word_1_119' title='bbox 1242 1222 1308 1252; x_wconf 81' lang='lat' dir='ltr'><em>CH.</em></span> <span class='ocrx_word' id='word_1_120' title='bbox 1335 1219 1568 1256; x_wconf 74' lang='lat' dir='ltr'><em>Quamobrem?</em></span> 
     </span>
     <span class='ocr_line' id='line_1_16' title="bbox 108 1262 1569 1304; baseline 0.001 -12"><span class='ocrx_word' id='word_1_121' title='bbox 108 1263 179 1293; x_wconf 85' lang='grc' dir='ltr'><em>ΡΑ.</em></span> <span class='ocrx_word' id='word_1_122' title='bbox 204 1263 319 1293; x_wconf 70' lang='lat' dir='ltr'><em>Nescio</em></span> <span class='ocrx_word' id='word_1_123' title='bbox 334 1262 371 1293; x_wconf 88' lang='lat' dir='ltr'><em>ob</em></span> <span class='ocrx_word' id='word_1_124' title='bbox 386 1272 477 1302; x_wconf 85' lang='lat' dir='ltr'><em>quam</em></span> <span class='ocrx_word' id='word_1_125' title='bbox 492 1272 616 1293; x_wconf 80' lang='lat' dir='ltr'><em>causam</em></span> <span class='ocrx_word' id='word_1_126' title='bbox 638 1265 712 1294; x_wconf 75' lang='lat' dir='ltr'><em>adeo</em></span> <span class='ocrx_word' id='word_1_127' title='bbox 736 1264 875 1295; x_wconf 79' lang='lat' dir='ltr'><em>turbavit</em></span> <span class='ocrx_word' id='word_1_128' title='bbox 902 1264 1025 1301; x_wconf 55' lang='lat' dir='ltr'><em>omnim</em></span> <span class='ocrx_word' id='word_1_129' title='bbox 1048 1265 1112 1294; x_wconf 83' lang='lat' dir='ltr'><em>m&#39;sz&#39;</em></span> <span class='ocrx_word' id='word_1_130' title='bbox 1134 1264 1205 1304; x_wconf 81' lang='lat' dir='ltr'><em>quia</em></span> <span class='ocrx_word' id='word_1_131' title='bbox 1221 1264 1293 1302; x_wconf 79' lang='lat' dir='ltr'><em>Dii,</em></span> <span class='ocrx_word' id='word_1_132' title='bbox 1321 1267 1369 1294; x_wconf 79' lang='lat' dir='ltr'><em>sat</em></span> <span class='ocrx_word' id='word_1_133' title='bbox 1394 1265 1469 1302; x_wconf 77' lang='lat' dir='ltr'><em>scio,</em></span> <span class='ocrx_word' id='word_1_134' title='bbox 1490 1264 1569 1293; x_wconf 66' lang='lat' dir='ltr'><em>mihi</em></span> 
     </span>
     <span class='ocr_line' id='line_1_17' title="bbox 107 1304 1565 1345; baseline 0.002 -11"><span class='ocrx_word' id='word_1_135' title='bbox 107 1305 187 1335; x_wconf 79' lang='lat' dir='ltr'><em>irati</em></span> <span class='ocrx_word' id='word_1_136' title='bbox 194 1304 340 1343; x_wconf 79' lang='lat' dir='ltr'><em>fuerunt,</em></span> <span class='ocrx_word' id='word_1_137' title='bbox 356 1305 408 1345; x_wconf 83' lang='lat' dir='ltr'><em>qui</em></span> <span class='ocrx_word' id='word_1_138' title='bbox 423 1306 451 1335; x_wconf 83' lang='lat' dir='ltr'><em>ez·</em></span> <span class='ocrx_word' id='word_1_139' title='bbox 475 1315 567 1336; x_wconf 77' lang='lat' dir='ltr'><em>aures</em></span> <span class='ocrx_word' id='word_1_140' title='bbox 588 1305 784 1345; x_wconf 70' lang='lat' dir='ltr'><em>praebuerim.</em></span> <span class='ocrx_word' id='word_1_141' title='bbox 830 1308 899 1338; x_wconf 75' lang='lat' dir='ltr'><em>Cn.</em></span> <span class='ocrx_word' id='word_1_142' title='bbox 926 1307 1163 1344; x_wconf 79' lang='lat' dir='ltr'><em>Hocnefioetum</em></span> <span class='ocrx_word' id='word_1_143' title='bbox 1176 1310 1222 1337; x_wconf 90' lang='lat' dir='ltr'><em>est</em></span> <span class='ocrx_word' id='word_1_144' title='bbox 1239 1317 1257 1337; x_wconf 79' lang='lat' dir='ltr'><em>u</em></span> <span class='ocrx_word' id='word_1_145' title='bbox 1272 1310 1315 1345; x_wconf 84' lang='lat' dir='ltr'><em>te,</em></span> <span class='ocrx_word' id='word_1_146' title='bbox 1335 1305 1449 1337; x_wconf 78' lang='lat' dir='ltr'><em>Dave?</em></span> <span class='ocrx_word' id='word_1_147' title='bbox 1495 1307 1565 1337; x_wconf 83' lang='lat' dir='ltr'><em>DA.</em></span> 
     </span>
     <span class='ocr_line' id='line_1_18' title="bbox 111 1347 1569 1390; baseline 0.001 -12"><span class='ocrx_word' id='word_1_148' title='bbox 111 1347 255 1380; x_wconf 83' lang='lat' dir='ltr'><em>Factum.</em></span> <span class='ocrx_word' id='word_1_149' title='bbox 300 1348 372 1380; x_wconf 80' lang='lat' dir='ltr'><em>CH.</em></span> <span class='ocrx_word' id='word_1_150' title='bbox 395 1349 441 1380; x_wconf 85' lang='lat' dir='ltr'><em>At</em></span> <span class='ocrx_word' id='word_1_151' title='bbox 461 1351 491 1380; x_wconf 81' lang='lat' dir='ltr'><em>te</em></span> <span class='ocrx_word' id='word_1_152' title='bbox 507 1348 567 1379; x_wconf 80' lang='lat' dir='ltr'><em>Dii</em></span> <span class='ocrx_word' id='word_1_153' title='bbox 590 1349 735 1389; x_wconf 79' lang='lat' dir='ltr'><em>perdant,</em></span> <span class='ocrx_word' id='word_1_154' title='bbox 749 1353 784 1380; x_wconf 86' lang='lat' dir='ltr'><em>ut</em></span> <span class='ocrx_word' id='word_1_155' title='bbox 806 1351 937 1381; x_wconf 81' lang='lat' dir='ltr'><em>meritus</em></span> <span class='ocrx_word' id='word_1_156' title='bbox 952 1359 993 1382; x_wconf 86' lang='lat' dir='ltr'><em>es.</em></span> <span class='ocrx_word' id='word_1_157' title='bbox 1040 1349 1122 1390; x_wconf 83' lang='lat' dir='ltr'><em>Eho,</em></span> <span class='ocrx_word' id='word_1_158' title='bbox 1137 1349 1188 1380; x_wconf 78' lang='lat' dir='ltr'><em>dic</em></span> <span class='ocrx_word' id='word_1_159' title='bbox 1203 1349 1280 1380; x_wconf 75' lang='lat' dir='ltr'><em>mihi</em></span> <span class='ocrx_word' id='word_1_160' title='bbox 1292 1360 1304 1387; x_wconf 90' lang='lat'><em>;</em></span> <span class='ocrx_word' id='word_1_161' title='bbox 1329 1349 1358 1380; x_wconf 76' lang='lat' dir='ltr'><em>si</em></span> <span class='ocrx_word' id='word_1_162' title='bbox 1372 1359 1474 1381; x_wconf 84' lang='lat' dir='ltr'><em>omnes</em></span> <span class='ocrx_word' id='word_1_163' title='bbox 1488 1350 1569 1380; x_wconf 80' lang='lat' dir='ltr'><em>hunc</em></span> 
     </span>
    </p>
   </div>
   <div class='ocr_carea' id='block_1_4' title="bbox 719 1455 956 1468">
    <p class='ocr_par' dir='ltr' id='par_1_11' title="bbox 719 1455 956 1468">
     <span class='ocr_line' id='line_1_19' title="bbox 719 1455 956 1468; baseline 0.004 -2"><span class='ocrx_word' id='word_1_164' title='bbox 719 1455 956 1468; x_wconf 57' lang='lat' dir='ltr'><em>‹enm-“e“</em></span> 
     </span>
    </p>
   </div>
   <div class='ocr_carea' id='block_1_5' title="bbox 103 1530 1569 2856">
    <p class='ocr_par' dir='ltr' id='par_1_12' title="bbox 103 1530 1569 2856">
     <span class='ocr_line' id='line_1_20' title="bbox 110 1530 1567 1572; baseline -0.001 -10"><span class='ocrx_word' id='word_1_165' title='bbox 110 1534 215 1562; x_wconf 79' lang='lat' dir='ltr'><em>turum</em></span> <span class='ocrx_word' id='word_1_166' title='bbox 236 1530 332 1562; x_wconf 81' lang='lat' dir='ltr'><em>illanc</em></span> <span class='ocrx_word' id='word_1_167' title='bbox 347 1540 411 1562; x_wconf 80' lang='lat' dir='ltr'><em>esse</em></span> <span class='ocrx_word' id='word_1_168' title='bbox 440 1535 471 1562; x_wconf 88' lang='lat' dir='ltr'><em>te</em></span> <span class='ocrx_word' id='word_1_169' title='bbox 493 1532 578 1572; x_wconf 78' lang='lat' dir='ltr'><em>legit</em></span> <span class='ocrx_word' id='word_1_170' title='bbox 601 1532 792 1564; x_wconf 79' lang='lat' dir='ltr'><em>Both.—3o</em></span> <span class='ocrx_word' id='word_1_171' title='bbox 816 1532 871 1564; x_wconf 87' lang='lat' dir='ltr'><em>Al.</em></span> <span class='ocrx_word' id='word_1_172' title='bbox 887 1543 1003 1564; x_wconf 85' lang='lat' dir='ltr'>enecas.</span> <span class='ocrx_word' id='word_1_173' title='bbox 1020 1533 1115 1564; x_wconf 80' lang='lat' dir='ltr'><em>Peri.</em></span> <span class='ocrx_word' id='word_1_174' title='bbox 1154 1532 1210 1563; x_wconf 87' lang='lat' dir='ltr'><em>sic</em></span> <span class='ocrx_word' id='word_1_175' title='bbox 1224 1532 1284 1563; x_wconf 79' lang='grc' dir='ltr'><em>ΒΓ.</em></span> <span class='ocrx_word' id='word_1_176' title='bbox 1307 1531 1418 1563; x_wconf 83' lang='lat' dir='ltr'><em>Notat</em></span> <span class='ocrx_word' id='word_1_177' title='bbox 1436 1531 1567 1562; x_wconf 84' lang='lat' dir='ltr'><em>Bruns:</em></span> 
     </span>
     <span class='ocr_line' id='line_1_21' title="bbox 107 1573 1569 1616; baseline 0.001 -13"><span class='ocrx_word' id='word_1_178' title='bbox 107 1573 224 1604; x_wconf 63' lang='lat' dir='ltr'><em>‘Edin</em></span> <span class='ocrx_word' id='word_1_179' title='bbox 253 1573 368 1614; x_wconf 80' lang='lat' dir='ltr'><em>enicas,</em></span> <span class='ocrx_word' id='word_1_180' title='bbox 399 1574 598 1606; x_wconf 82' lang='lat' dir='ltr'><em>male.&#39;—37</em></span> <span class='ocrx_word' id='word_1_181' title='bbox 624 1576 710 1607; x_wconf 86' lang='lat' dir='ltr'><em>Mss.</em></span> <span class='ocrx_word' id='word_1_182' title='bbox 738 1575 895 1616; x_wconf 88' lang='lat' dir='ltr'><em>quidam:</em></span> <span class='ocrx_word' id='word_1_183' title='bbox 921 1586 967 1606; x_wconf 83' lang='lat' dir='ltr'><em>me</em></span> <span class='ocrx_word' id='word_1_184' title='bbox 991 1577 1077 1606; x_wconf 79' lang='lat' dir='ltr'><em>duct.</em></span> <span class='ocrx_word' id='word_1_185' title='bbox 1100 1584 1173 1606; x_wconf 84' lang='lat' dir='ltr'><em>esse.</em></span> <span class='ocrx_word' id='word_1_186' title='bbox 1196 1576 1302 1606; x_wconf 77' lang='lat' dir='ltr'><em>W’est.</em></span> <span class='ocrx_word' id='word_1_187' title='bbox 1349 1575 1429 1606; x_wconf 77' lang='lat' dir='ltr'><em>Just.</em></span> <span class='ocrx_word' id='word_1_188' title='bbox 1453 1578 1500 1614; x_wconf 79' lang='lat' dir='ltr'><em>ut,</em></span> <span class='ocrx_word' id='word_1_189' title='bbox 1522 1584 1569 1605; x_wconf 84' lang='lat' dir='ltr'><em>me</em></span> 
     </span>
     <span class='ocr_line' id='line_1_22' title="bbox 107 1617 1569 1658; baseline 0.001 -12"><span class='ocrx_word' id='word_1_190' title='bbox 107 1617 283 1656; x_wconf 75' lang='lat' dir='ltr'><em>ducturum,</em></span> <span class='ocrx_word' id='word_1_191' title='bbox 303 1620 369 1657; x_wconf 81' lang='lat' dir='ltr'><em>pat.</em></span> <span class='ocrx_word' id='word_1_192' title='bbox 385 1617 519 1648; x_wconf 82' lang='lat' dir='ltr'><em>dicerem</em></span> <span class='ocrx_word' id='word_1_193' title='bbox 539 1617 730 1650; x_wconf 60' lang='lat' dir='ltr'><em>Boin—39</em></span> <span class='ocrx_word' id='word_1_194' title='bbox 753 1619 821 1651; x_wconf 79' lang='lat' dir='ltr'><em>CH.</em></span> <span class='ocrx_word' id='word_1_195' title='bbox 847 1617 979 1649; x_wconf 72' lang='lat' dir='ltr'><em>Dacos!</em></span> <span class='ocrx_word' id='word_1_196' title='bbox 1024 1619 1108 1650; x_wconf 88' lang='lat' dir='ltr'><em>Cum</em></span> <span class='ocrx_word' id='word_1_197' title='bbox 1126 1617 1361 1649; x_wconf 73' lang='lat' dir='ltr'>admirationis</span> <span class='ocrx_word' id='word_1_198' title='bbox 1386 1618 1483 1658; x_wconf 82' lang='lat' dir='ltr'><em>signo</em></span> <span class='ocrx_word' id='word_1_199' title='bbox 1513 1627 1569 1647; x_wconf 75' lang='lat' dir='ltr'><em>ex-</em></span> 
     </span>
     <span class='ocr_line' id='line_1_23' title="bbox 107 1659 1568 1702; baseline 0.001 -13"><span class='ocrx_word' id='word_1_200' title='bbox 107 1659 216 1700; x_wconf 83' lang='lat' dir='ltr'>pressi</span> <span class='ocrx_word' id='word_1_201' title='bbox 233 1664 352 1690; x_wconf 83' lang='lat' dir='ltr'><em>contra</em></span> <span class='ocrx_word' id='word_1_202' title='bbox 369 1669 408 1691; x_wconf 87' lang='lat' dir='ltr'><em>ac</em></span> <span class='ocrx_word' id='word_1_203' title='bbox 425 1659 499 1691; x_wconf 83' lang='lat' dir='ltr'><em>fieri</em></span> <span class='ocrx_word' id='word_1_204' title='bbox 524 1661 631 1699; x_wconf 82' lang='lat' dir='ltr'><em>solet;</em></span> <span class='ocrx_word' id='word_1_205' title='bbox 655 1671 732 1692; x_wconf 87' lang='lat' dir='ltr'><em>cum</em></span> <span class='ocrx_word' id='word_1_206' title='bbox 762 1661 852 1702; x_wconf 85' lang='lat' dir='ltr'><em>quod</em></span> <span class='ocrx_word' id='word_1_207' title='bbox 880 1661 1035 1692; x_wconf 85' lang='lat' dir='ltr'>Donatus</span> <span class='ocrx_word' id='word_1_208' title='bbox 1062 1661 1095 1692; x_wconf 88' lang='lat' dir='ltr'><em>id</em></span> <span class='ocrx_word' id='word_1_209' title='bbox 1121 1665 1250 1700; x_wconf 85' lang='lat' dir='ltr'><em>monet,</em></span> <span class='ocrx_word' id='word_1_210' title='bbox 1273 1667 1343 1691; x_wconf 83' lang='lat' dir='ltr'><em>tum</em></span> <span class='ocrx_word' id='word_1_211' title='bbox 1373 1660 1463 1700; x_wconf 84' lang='lat' dir='ltr'><em>quod</em></span> <span class='ocrx_word' id='word_1_212' title='bbox 1493 1661 1568 1699; x_wconf 85' lang='lat' dir='ltr'><em>ipse</em></span> 
     </span>
     <span class='ocr_line' id='line_1_24' title="bbox 106 1703 1568 1742; baseline 0.001 -11"><span class='ocrx_word' id='word_1_213' title='bbox 106 1710 224 1732; x_wconf 84' lang='lat' dir='ltr'><em>sensus</em></span> <span class='ocrx_word' id='word_1_214' title='bbox 243 1703 404 1742; x_wconf 85' lang='lat' dir='ltr'><em>postulat.</em></span> <span class='ocrx_word' id='word_1_215' title='bbox 436 1703 573 1734; x_wconf 86' lang='lat' dir='ltr'><em>Praeter</em></span> <span class='ocrx_word' id='word_1_216' title='bbox 589 1704 673 1735; x_wconf 86' lang='lat' dir='ltr'><em>Mss.</em></span> <span class='ocrx_word' id='word_1_217' title='bbox 691 1704 774 1735; x_wconf 89' lang='lat' dir='ltr'><em>alios</em></span> <span class='ocrx_word' id='word_1_218' title='bbox 791 1704 894 1735; x_wconf 87' lang='lat' dir='ltr'><em>etiam</em></span> <span class='ocrx_word' id='word_1_219' title='bbox 909 1705 974 1735; x_wconf 88' lang='lat' dir='ltr'><em>duo</em></span> <span class='ocrx_word' id='word_1_220' title='bbox 989 1703 1109 1735; x_wconf 80' lang='lat' dir='ltr'><em>Leidd.</em></span> <span class='ocrx_word' id='word_1_221' title='bbox 1126 1708 1162 1735; x_wconf 89' lang='lat' dir='ltr'><em>et</em></span> <span class='ocrx_word' id='word_1_222' title='bbox 1178 1704 1226 1735; x_wconf 90' lang='lat' dir='ltr'><em>M.</em></span> <span class='ocrx_word' id='word_1_223' title='bbox 1246 1704 1351 1734; x_wconf 81' lang='lat' dir='ltr'><em>Davos</em></span> <span class='ocrx_word' id='word_1_224' title='bbox 1365 1704 1568 1734; x_wconf 71' lang='lat' dir='ltr'><em>interturbat.</em></span> 
     </span>
     <span class='ocr_line' id='line_1_25' title="bbox 106 1743 1568 1784; baseline 0.002 -10"><span class='ocrx_word' id='word_1_225' title='bbox 106 1743 188 1784; x_wconf 84' lang='lat' dir='ltr'><em>Alii,</em></span> <span class='ocrx_word' id='word_1_226' title='bbox 214 1745 411 1775; x_wconf 58' lang='lat' dir='ltr'><em>Inter-turbat</em></span> <span class='ocrx_word' id='word_1_227' title='bbox 426 1746 546 1777; x_wconf 78' lang='lat' dir='ltr'><em>omnia.-</em></span> <span class='ocrx_word' id='word_1_228' title='bbox 569 1746 618 1777; x_wconf 69' lang='grc' dir='ltr'><em>εἰς</em></span> <span class='ocrx_word' id='word_1_229' title='bbox 641 1747 694 1777; x_wconf 83' lang='lat' dir='ltr'><em>ed.</em></span> <span class='ocrx_word' id='word_1_230' title='bbox 711 1749 807 1778; x_wconf 77' lang='lat'><em>1469.</em></span> <span class='ocrx_word' id='word_1_231' title='bbox 852 1748 980 1778; x_wconf 76' lang='lat' dir='ltr'><em>Rursus</em></span> <span class='ocrx_word' id='word_1_232' title='bbox 1007 1747 1085 1778; x_wconf 88' lang='lat' dir='ltr'><em>alii:</em></span> <span class='ocrx_word' id='word_1_233' title='bbox 1110 1747 1217 1777; x_wconf 75' lang='lat' dir='ltr'><em>Dauos</em></span> <span class='ocrx_word' id='word_1_234' title='bbox 1237 1746 1426 1777; x_wconf 78' lang='lat' dir='ltr'><em>interturbat</em></span> <span class='ocrx_word' id='word_1_235' title='bbox 1452 1745 1568 1777; x_wconf 81' lang='lat' dir='ltr'><em>omnia.</em></span> 
     </span>
     <span class='ocr_line' id='line_1_26' title="bbox 104 1787 1567 1830; baseline 0.001 -12"><span class='ocrx_word' id='word_1_236' title='bbox 104 1787 161 1818; x_wconf 86' lang='lat' dir='ltr'><em>lta</em></span> <span class='ocrx_word' id='word_1_237' title='bbox 179 1790 214 1818; x_wconf 88' lang='lat' dir='ltr'><em>et</em></span> <span class='ocrx_word' id='word_1_238' title='bbox 227 1787 326 1818; x_wconf 86' lang='lat' dir='ltr'><em>Bodl.</em></span> <span class='ocrx_word' id='word_1_239' title='bbox 347 1788 504 1818; x_wconf 81' lang='lat' dir='ltr'>Donatus</span> <span class='ocrx_word' id='word_1_240' title='bbox 519 1789 643 1820; x_wconf 82' lang='lat' dir='ltr'><em>omissa</em></span> <span class='ocrx_word' id='word_1_241' title='bbox 666 1799 749 1820; x_wconf 83' lang='lat' dir='ltr'><em>voce</em></span> <span class='ocrx_word' id='word_1_242' title='bbox 767 1790 874 1820; x_wconf 68' lang='lat' dir='ltr'><em>Dauos</em></span> <span class='ocrx_word' id='word_1_243' title='bbox 901 1795 1032 1821; x_wconf 78' lang='lat' dir='ltr'><em>tantum</em></span> <span class='ocrx_word' id='word_1_244' title='bbox 1060 1789 1261 1825; x_wconf 78' lang='lat' dir='ltr'><em>interturbat,</em></span> <span class='ocrx_word' id='word_1_245' title='bbox 1285 1789 1377 1830; x_wconf 88' lang='lat' dir='ltr'><em>quod</em></span> <span class='ocrx_word' id='word_1_246' title='bbox 1404 1788 1567 1829; x_wconf 82' lang='lat' dir='ltr'><em>pluscuiae</em></span> 
     </span>
     <span class='ocr_line' id='line_1_27' title="bbox 106 1829 1567 1873; baseline 0.001 -13"><span class='ocrx_word' id='word_1_247' title='bbox 106 1829 186 1861; x_wconf 82' lang='lat' dir='ltr'><em>edd.</em></span> <span class='ocrx_word' id='word_1_248' title='bbox 211 1834 346 1861; x_wconf 84' lang='lat' dir='ltr'><em>veteres</em></span> <span class='ocrx_word' id='word_1_249' title='bbox 371 1830 527 1862; x_wconf 87' lang='lat' dir='ltr'><em>imitatae.</em></span> <span class='ocrx_word' id='word_1_250' title='bbox 571 1831 612 1862; x_wconf 91' lang='lat' dir='ltr'><em>In</em></span> <span class='ocrx_word' id='word_1_251' title='bbox 643 1832 718 1863; x_wconf 81' lang='lat' dir='ltr'><em>aliis</em></span> <span class='ocrx_word' id='word_1_252' title='bbox 744 1833 853 1863; x_wconf 86' lang='lat' dir='ltr'><em>Codd.</em></span> <span class='ocrx_word' id='word_1_253' title='bbox 886 1839 951 1873; x_wconf 70' lang='lat' dir='ltr'><em>est,</em></span> <span class='ocrx_word' id='word_1_254' title='bbox 986 1834 1096 1863; x_wconf 77' lang='lat' dir='ltr'><em>Davos</em></span> <span class='ocrx_word' id='word_1_255' title='bbox 1119 1833 1234 1871; x_wconf 79' lang='lat' dir='ltr'><em>omniu,</em></span> <span class='ocrx_word' id='word_1_256' title='bbox 1266 1833 1354 1873; x_wconf 86' lang='lat' dir='ltr'><em>quod</em></span> <span class='ocrx_word' id='word_1_257' title='bbox 1383 1831 1567 1872; x_wconf 80' lang='lat' dir='ltr'><em>genuinum</em></span> 
     </span>
     <span class='ocr_line' id='line_1_28' title="bbox 105 1872 1568 1916; baseline 0.002 -14"><span class='ocrx_word' id='word_1_258' title='bbox 105 1872 254 1908; x_wconf 83' lang='lat' dir='ltr'><em>videtur,</em></span> <span class='ocrx_word' id='word_1_259' title='bbox 278 1872 522 1915; x_wconf 73' lang='grc' dir='ltr'>ἐμφατικώτερον</span> <span class='ocrx_word' id='word_1_260' title='bbox 535 1880 631 1906; x_wconf 78' lang='lat' dir='ltr'><em>certe</em></span> <span class='ocrx_word' id='word_1_261' title='bbox 657 1880 729 1914; x_wconf 79' lang='lat' dir='ltr'><em>est;</em></span> <span class='ocrx_word' id='word_1_262' title='bbox 754 1885 864 1916; x_wconf 86' lang='lat' dir='ltr'><em>neque</em></span> <span class='ocrx_word' id='word_1_263' title='bbox 888 1875 1054 1913; x_wconf 82' lang='lat' dir='ltr'><em>dubitem,</em></span> <span class='ocrx_word' id='word_1_264' title='bbox 1078 1874 1114 1905; x_wconf 74' lang='grc' dir='ltr'><em>τὸ</em></span> <span class='ocrx_word' id='word_1_265' title='bbox 1139 1875 1331 1906; x_wconf 77' lang='lat' dir='ltr'><em>interturbat</em></span> <span class='ocrx_word' id='word_1_266' title='bbox 1355 1884 1398 1905; x_wconf 84' lang='lat' dir='ltr'><em>ex</em></span> <span class='ocrx_word' id='word_1_267' title='bbox 1425 1880 1568 1905; x_wconf 88' lang='lat' dir='ltr'><em>annota-</em></span> 
     </span>
     <span class='ocr_line' id='line_1_29' title="bbox 107 1915 1569 1959; baseline 0.001 -14"><span class='ocrx_word' id='word_1_268' title='bbox 107 1915 255 1946; x_wconf 86' lang='lat' dir='ltr'><em>tionibus</em></span> <span class='ocrx_word' id='word_1_269' title='bbox 271 1916 461 1956; x_wconf 84' lang='lat' dir='ltr'><em>irrepsisse.</em></span> <span class='ocrx_word' id='word_1_270' title='bbox 491 1917 591 1948; x_wconf 85' lang='lat' dir='ltr'><em>West.</em></span> <span class='ocrx_word' id='word_1_271' title='bbox 624 1918 713 1949; x_wconf 88' lang='lat' dir='ltr'><em>Dele</em></span> <span class='ocrx_word' id='word_1_272' title='bbox 731 1918 921 1949; x_wconf 74' lang='lat' dir='ltr'><em>interturbat</em></span> <span class='ocrx_word' id='word_1_273' title='bbox 938 1924 1099 1959; x_wconf 84' lang='lat' dir='ltr'><em>tanquam</em></span> <span class='ocrx_word' id='word_1_274' title='bbox 1116 1918 1294 1956; x_wconf 71' lang='lat' dir='ltr'><em>glossema.</em></span> <span class='ocrx_word' id='word_1_275' title='bbox 1313 1918 1410 1948; x_wconf 78' lang='lat' dir='ltr'><em>Bent.</em></span> <span class='ocrx_word' id='word_1_276' title='bbox 1456 1918 1569 1948; x_wconf 80' lang='lat' dir='ltr'><em>Punc-</em></span> 
     </span>
     <span class='ocr_line' id='line_1_30' title="bbox 104 1958 1566 2000; baseline 0.002 -13"><span class='ocrx_word' id='word_1_277' title='bbox 104 1961 175 1988; x_wconf 88' lang='lat' dir='ltr'><em>tum</em></span> <span class='ocrx_word' id='word_1_278' title='bbox 191 1958 371 1990; x_wconf 77' lang='lat' dir='ltr'><em>maximnm</em></span> <span class='ocrx_word' id='word_1_279' title='bbox 389 1959 489 1990; x_wconf 81' lang='lat' dir='ltr'><em>habet</em></span> <span class='ocrx_word' id='word_1_280' title='bbox 505 1960 565 1990; x_wconf 88' lang='lat' dir='ltr'><em>Br.</em></span> <span class='ocrx_word' id='word_1_281' title='bbox 585 1965 660 2000; x_wconf 75' lang='lat' dir='ltr'><em>post</em></span> <span class='ocrx_word' id='word_1_282' title='bbox 675 1961 818 1991; x_wconf 86' lang='lat' dir='ltr'><em>alterum</em></span> <span class='ocrx_word' id='word_1_283' title='bbox 835 1962 844 1978; x_wconf 89' lang='lat'>‘</span> <span class='ocrx_word' id='word_1_284' title='bbox 862 1962 978 1992; x_wconf 73' lang='lat' dir='ltr'><em>Davos</em></span> <span class='ocrx_word' id='word_1_285' title='bbox 992 1961 1011 1992; x_wconf 74' lang='grc' dir='ltr'><em>ε’</em></span> <span class='ocrx_word' id='word_1_286' title='bbox 1036 1966 1071 1992; x_wconf 86' lang='lat' dir='ltr'><em>et</em></span> <span class='ocrx_word' id='word_1_287' title='bbox 1093 1970 1171 1991; x_wconf 87' lang='lat' dir='ltr'><em>cum</em></span> <span class='ocrx_word' id='word_1_288' title='bbox 1187 1960 1302 1992; x_wconf 83' lang='lat' dir='ltr'><em>Guelf.</em></span> <span class='ocrx_word' id='word_1_289' title='bbox 1319 1964 1351 1991; x_wconf 77' lang='lat'><em>2.</em></span> <span class='ocrx_word' id='word_1_290' title='bbox 1377 1960 1566 1991; x_wconf 76' lang='lat' dir='ltr'><em>interturbat</em></span> 
     </span>
     <span class='ocr_line' id='line_1_31' title="bbox 106 2001 1566 2044; baseline 0.002 -14"><span class='ocrx_word' id='word_1_291' title='bbox 106 2009 169 2040; x_wconf 86' lang='lat' dir='ltr'><em>pro</em></span> <span class='ocrx_word' id='word_1_292' title='bbox 192 2001 305 2033; x_wconf 77' lang='lat' dir='ltr'><em>omnia.</em></span> <span class='ocrx_word' id='word_1_293' title='bbox 353 2003 460 2033; x_wconf 78' lang='lat' dir='ltr'><em>Notat</em></span> <span class='ocrx_word' id='word_1_294' title='bbox 487 2003 620 2034; x_wconf 87' lang='lat' dir='ltr'><em>Bruns:</em></span> <span class='ocrx_word' id='word_1_295' title='bbox 653 2003 766 2035; x_wconf 85' lang='lat' dir='ltr'><em>‘Edd.</em></span> <span class='ocrx_word' id='word_1_296' title='bbox 794 2004 946 2034; x_wconf 76' lang='lat' dir='ltr'><em>‘navos’</em></span> <span class='ocrx_word' id='word_1_297' title='bbox 974 2014 1048 2034; x_wconf 85' lang='lat' dir='ltr'><em>cum</em></span> <span class='ocrx_word' id='word_1_298' title='bbox 1080 2004 1178 2044; x_wconf 83' lang='lat' dir='ltr'><em>signo</em></span> <span class='ocrx_word' id='word_1_299' title='bbox 1206 2004 1326 2034; x_wconf 80' lang='lat' dir='ltr'><em>interr.</em></span> <span class='ocrx_word' id='word_1_300' title='bbox 1355 2003 1447 2043; x_wconf 78' lang='lat' dir='ltr'><em>quod</em></span> <span class='ocrx_word' id='word_1_301' title='bbox 1480 2004 1566 2034; x_wconf 65' lang='lat' dir='ltr'><em>male</em></span> 
     </span>
     <span class='ocr_line' id='line_1_32' title="bbox 105 2043 1569 2078; baseline 0.003 -5"><span class='ocrx_word' id='word_1_302' title='bbox 105 2043 237 2074; x_wconf 77' lang='lat' dir='ltr'><em>excidit</em></span> <span class='ocrx_word' id='word_1_303' title='bbox 262 2052 306 2074; x_wconf 86' lang='lat' dir='ltr'><em>ex</em></span> <span class='ocrx_word' id='word_1_304' title='bbox 333 2044 410 2075; x_wconf 88' lang='lat' dir='ltr'><em>cod.</em></span> <span class='ocrx_word' id='word_1_305' title='bbox 454 2045 564 2075; x_wconf 75' lang='lat' dir='ltr'><em>Dacus</em></span> <span class='ocrx_word' id='word_1_306' title='bbox 593 2050 672 2076; x_wconf 86' lang='lat' dir='ltr'><em>ante</em></span> <span class='ocrx_word' id='word_1_307' title='bbox 702 2047 811 2076; x_wconf 79' lang='lat' dir='ltr'><em>intert.</em></span> <span class='ocrx_word' id='word_1_308' title='bbox 842 2047 894 2077; x_wconf 89' lang='lat' dir='ltr'><em>ed.</em></span> <span class='ocrx_word' id='word_1_309' title='bbox 926 2047 1033 2078; x_wconf 86' lang='lat' dir='ltr'><em>Zeuu.</em></span> <span class='ocrx_word' id='word_1_310' title='bbox 1064 2048 1175 2078; x_wconf 68' lang='lat' dir='ltr'><em>omitt.</em></span> <span class='ocrx_word' id='word_1_311' title='bbox 1221 2046 1326 2077; x_wconf 84' lang='lat' dir='ltr'><em>Dedit</em></span> <span class='ocrx_word' id='word_1_312' title='bbox 1344 2047 1451 2077; x_wconf 84' lang='lat' dir='ltr'><em>West.</em></span> <span class='ocrx_word' id='word_1_313' title='bbox 1482 2047 1569 2077; x_wconf 76' lang='lat' dir='ltr'><em>Dar.</em></span> 
     </span>
     <span class='ocr_line' id='line_1_33' title="bbox 104 2086 1568 2128; baseline 0.002 -12"><span class='ocrx_word' id='word_1_314' title='bbox 104 2086 226 2117; x_wconf 78' lang='lat' dir='ltr'><em>omnia.-</em></span> <span class='ocrx_word' id='word_1_315' title='bbox 251 2087 310 2116; x_wconf 84' lang='lat' dir='ltr'><em>sed</em></span> <span class='ocrx_word' id='word_1_316' title='bbox 328 2086 411 2117; x_wconf 76' lang='lat' dir='ltr'><em>dura</em></span> <span class='ocrx_word' id='word_1_317' title='bbox 425 2093 476 2118; x_wconf 80' lang='lat' dir='ltr'><em>est</em></span> <span class='ocrx_word' id='word_1_318' title='bbox 492 2088 642 2128; x_wconf 66' lang='lat' dir='ltr'><em>ellipsis!</em></span> <span class='ocrx_word' id='word_1_319' title='bbox 682 2090 692 2106; x_wconf 89' lang='lat'>‘</span> <span class='ocrx_word' id='word_1_320' title='bbox 706 2089 924 2127; x_wconf 79' lang='lat' dir='ltr'><em>Interturbat‚&#39;</em></span> <span class='ocrx_word' id='word_1_321' title='bbox 947 2090 996 2120; x_wconf 82' lang='lat' dir='ltr'><em>ait</em></span> <span class='ocrx_word' id='word_1_322' title='bbox 1017 2089 1107 2120; x_wconf 86' lang='lat' dir='ltr'><em>Gov.</em></span> <span class='ocrx_word' id='word_1_323' title='bbox 1133 2090 1142 2106; x_wconf 94' lang='lat'>‘</span> <span class='ocrx_word' id='word_1_324' title='bbox 1156 2099 1229 2120; x_wconf 85' lang='lat' dir='ltr'><em>esse</em></span> <span class='ocrx_word' id='word_1_325' title='bbox 1253 2088 1453 2128; x_wconf 78' lang='lat' dir='ltr'><em>interpretis</em></span> <span class='ocrx_word' id='word_1_326' title='bbox 1480 2089 1568 2120; x_wconf 83' lang='lat' dir='ltr'><em>affir-</em></span> 
     </span>
     <span class='ocr_line' id='line_1_34' title="bbox 105 2129 1566 2172; baseline 0.003 -14"><span class='ocrx_word' id='word_1_327' title='bbox 105 2138 200 2158; x_wconf 85' lang='lat' dir='ltr'><em>mare</em></span> <span class='ocrx_word' id='word_1_328' title='bbox 216 2129 319 2159; x_wconf 80' lang='lat' dir='ltr'><em>ausim</em></span> <span class='ocrx_word' id='word_1_329' title='bbox 333 2129 354 2160; x_wconf 69' lang='grc' dir='ltr'><em>ε’</em></span> <span class='ocrx_word' id='word_1_330' title='bbox 377 2134 413 2160; x_wconf 78' lang='lat' dir='ltr'><em>et</em></span> <span class='ocrx_word' id='word_1_331' title='bbox 428 2130 518 2160; x_wconf 86' lang='lat' dir='ltr'><em>hunc</em></span> <span class='ocrx_word' id='word_1_332' title='bbox 534 2135 570 2162; x_wconf 81' lang='lat' dir='ltr'><em>et</em></span> <span class='ocrx_word' id='word_1_333' title='bbox 586 2131 671 2161; x_wconf 72' lang='lat' dir='ltr'><em>duo-5</em></span> <span class='ocrx_word' id='word_1_334' title='bbox 690 2141 784 2172; x_wconf 79' lang='lat' dir='ltr'><em>seqq.</em></span> <span class='ocrx_word' id='word_1_335' title='bbox 796 2141 862 2163; x_wconf 86' lang='lat' dir='ltr'><em>vss.</em></span> <span class='ocrx_word' id='word_1_336' title='bbox 875 2131 997 2163; x_wconf 87' lang='lat' dir='ltr'><em>dividit</em></span> <span class='ocrx_word' id='word_1_337' title='bbox 1010 2142 1049 2162; x_wconf 88' lang='lat' dir='ltr'><em>eo</em></span> <span class='ocrx_word' id='word_1_338' title='bbox 1062 2131 1162 2162; x_wconf 87' lang='lat' dir='ltr'><em>modo</em></span> <span class='ocrx_word' id='word_1_339' title='bbox 1174 2141 1239 2172; x_wconf 89' lang='lat' dir='ltr'><em>quo</em></span> <span class='ocrx_word' id='word_1_340' title='bbox 1255 2132 1363 2162; x_wconf 83' lang='lat' dir='ltr'><em>West.</em></span> <span class='ocrx_word' id='word_1_341' title='bbox 1402 2130 1450 2162; x_wconf 88' lang='lat' dir='ltr'><em>At</em></span> <span class='ocrx_word' id='word_1_342' title='bbox 1464 2132 1566 2163; x_wconf 84' lang='lat' dir='ltr'><em>Bent.</em></span> 
     </span>
     <span class='ocr_line' id='line_1_35' title="bbox 105 2170 1567 2214; baseline 0.003 -13"><span class='ocrx_word' id='word_1_343' title='bbox 105 2170 207 2202; x_wconf 82' lang='lat' dir='ltr'><em>Both.</em></span> <span class='ocrx_word' id='word_1_344' title='bbox 226 2172 315 2203; x_wconf 76' lang='lat' dir='ltr'><em>Peri.</em></span> <span class='ocrx_word' id='word_1_345' title='bbox 332 2182 408 2202; x_wconf 86' lang='lat' dir='ltr'><em>cum</em></span> <span class='ocrx_word' id='word_1_346' title='bbox 424 2173 483 2204; x_wconf 62' lang='grc' dir='ltr'><em>ΒΥ.</em></span> <span class='ocrx_word' id='word_1_347' title='bbox 497 2174 554 2204; x_wconf 75' lang='lat' dir='ltr'><em>iios</em></span> <span class='ocrx_word' id='word_1_348' title='bbox 572 2183 637 2205; x_wconf 80' lang='lat' dir='ltr'><em>vss.</em></span> <span class='ocrx_word' id='word_1_349' title='bbox 654 2175 688 2204; x_wconf 90' lang='lat' dir='ltr'><em>in</em></span> <span class='ocrx_word' id='word_1_350' title='bbox 703 2175 785 2204; x_wconf 82' lang='lat' dir='ltr'><em>duos</em></span> <span class='ocrx_word' id='word_1_351' title='bbox 802 2175 982 2213; x_wconf 85' lang='lat' dir='ltr'><em>reducunt,</em></span> <span class='ocrx_word' id='word_1_352' title='bbox 1005 2180 1039 2206; x_wconf 80' lang='lat' dir='ltr'><em>et</em></span> <span class='ocrx_word' id='word_1_353' title='bbox 1057 2175 1200 2214; x_wconf 86' lang='lat' dir='ltr'><em>primum</em></span> <span class='ocrx_word' id='word_1_354' title='bbox 1216 2174 1380 2205; x_wconf 79' lang='lat' dir='ltr'><em>claudunt</em></span> <span class='ocrx_word' id='word_1_355' title='bbox 1394 2183 1469 2205; x_wconf 81' lang='lat' dir='ltr'><em>cuin</em></span> <span class='ocrx_word' id='word_1_356' title='bbox 1484 2185 1567 2205; x_wconf 77' lang='lat' dir='ltr'><em>voce</em></span> 
     </span>
     <span class='ocr_line' id='line_1_36' title="bbox 104 2214 1567 2253; baseline 0.003 -9"><span class='ocrx_word' id='word_1_357' title='bbox 104 2214 277 2245; x_wconf 54' lang='lat' dir='ltr'><em>‘Nescia’</em></span> <span class='ocrx_word' id='word_1_358' title='bbox 323 2215 485 2246; x_wconf 87' lang='lat' dir='ltr'><em>Ceterum</em></span> <span class='ocrx_word' id='word_1_359' title='bbox 501 2216 550 2247; x_wconf 85' lang='lat' dir='ltr'><em>sic</em></span> <span class='ocrx_word' id='word_1_360' title='bbox 567 2215 626 2247; x_wconf 86' lang='lat' dir='ltr'><em>dat</em></span> <span class='ocrx_word' id='word_1_361' title='bbox 641 2216 730 2247; x_wconf 87' lang='lat' dir='ltr'><em>hunc</em></span> <span class='ocrx_word' id='word_1_362' title='bbox 756 2227 804 2248; x_wconf 79' lang='lat' dir='ltr'><em>vs,</em></span> <span class='ocrx_word' id='word_1_363' title='bbox 821 2217 1018 2248; x_wconf 85' lang='lat' dir='ltr'><em>Bentleius:</em></span> <span class='ocrx_word' id='word_1_364' title='bbox 1045 2218 1085 2253; x_wconf 81' lang='lat' dir='ltr'><em>Q.</em></span> <span class='ocrx_word' id='word_1_365' title='bbox 1112 2218 1143 2248; x_wconf 80' lang='lat' dir='ltr'><em>h.</em></span> <span class='ocrx_word' id='word_1_366' title='bbox 1169 2218 1191 2248; x_wconf 79' lang='lat' dir='ltr'><em>i.</em></span> <span class='ocrx_word' id='word_1_367' title='bbox 1236 2218 1302 2248; x_wconf 81' lang='grc' dir='ltr'><em>ΡΑ.</em></span> <span class='ocrx_word' id='word_1_368' title='bbox 1327 2218 1445 2248; x_wconf 74' lang='lat' dir='ltr'><em>Dat-os.</em></span> <span class='ocrx_word' id='word_1_369' title='bbox 1499 2217 1567 2248; x_wconf 76' lang='lat' dir='ltr'><em>CH.</em></span> 
     </span>
     <span class='ocr_line' id='line_1_37' title="bbox 103 2255 1568 2300; baseline 0.003 -14"><span class='ocrx_word' id='word_1_370' title='bbox 103 2255 237 2289; x_wconf 76' lang='lat' dir='ltr'><em>Dauos?</em></span> <span class='ocrx_word' id='word_1_371' title='bbox 259 2256 476 2297; x_wconf 76' lang='lat' dir='ltr'><em>quamobrem?</em></span> <span class='ocrx_word' id='word_1_372' title='bbox 522 2259 589 2290; x_wconf 78' lang='grc' dir='ltr'><em>ΡΑ.</em></span> <span class='ocrx_word' id='word_1_373' title='bbox 616 2259 740 2290; x_wconf 76' lang='lat' dir='ltr'><em>Nescio.</em></span> <span class='ocrx_word' id='word_1_374' title='bbox 787 2260 872 2290; x_wconf 90' lang='lat' dir='ltr'><em>Eum</em></span> <span class='ocrx_word' id='word_1_375' title='bbox 890 2261 1044 2300; x_wconf 77' lang='lat' dir='ltr'><em>seqnitur</em></span> <span class='ocrx_word' id='word_1_376' title='bbox 1061 2260 1153 2291; x_wconf 85' lang='lat' dir='ltr'><em>Perl.</em></span> <span class='ocrx_word' id='word_1_377' title='bbox 1172 2260 1313 2291; x_wconf 79' lang='lat' dir='ltr'><em>Botliius</em></span> <span class='ocrx_word' id='word_1_378' title='bbox 1337 2269 1483 2300; x_wconf 83' lang='lat' dir='ltr'><em>quoquc,</em></span> <span class='ocrx_word' id='word_1_379' title='bbox 1509 2270 1568 2291; x_wconf 77' lang='lat' dir='ltr'><em>ex-</em></span> 
     </span>
     <span class='ocr_line' id='line_1_38' title="bbox 106 2299 1568 2343; baseline 0.003 -13"><span class='ocrx_word' id='word_1_380' title='bbox 106 2305 209 2340; x_wconf 88' lang='lat' dir='ltr'><em>cepto</em></span> <span class='ocrx_word' id='word_1_381' title='bbox 226 2299 315 2340; x_wconf 87' lang='lat' dir='ltr'><em>quod</em></span> <span class='ocrx_word' id='word_1_382' title='bbox 331 2300 523 2332; x_wconf 78' lang='lat' dir='ltr'><em>interturbat</em></span> <span class='ocrx_word' id='word_1_383' title='bbox 539 2302 624 2342; x_wconf 85' lang='lat' dir='ltr'><em>legit</em></span> <span class='ocrx_word' id='word_1_384' title='bbox 642 2307 719 2342; x_wconf 90' lang='lat' dir='ltr'><em>post</em></span> <span class='ocrx_word' id='word_1_385' title='bbox 734 2303 742 2319; x_wconf 92' lang='lat'>‘</span> <span class='ocrx_word' id='word_1_386' title='bbox 757 2302 959 2334; x_wconf 51' lang='lat' dir='ltr'><em>istaes—110</em></span> <span class='ocrx_word' id='word_1_387' title='bbox 983 2302 1072 2334; x_wconf 79' lang='lat' dir='ltr'><em>Satis</em></span> <span class='ocrx_word' id='word_1_388' title='bbox 1095 2303 1158 2334; x_wconf 81' lang='lat' dir='ltr'><em>scio</em></span> <span class='ocrx_word' id='word_1_389' title='bbox 1186 2303 1376 2343; x_wconf 79' lang='lat' dir='ltr'><em>elegantius</em></span> <span class='ocrx_word' id='word_1_390' title='bbox 1401 2304 1510 2341; x_wconf 79' lang='lat' dir='ltr'><em>abest,</em></span> <span class='ocrx_word' id='word_1_391' title='bbox 1534 2309 1568 2334; x_wconf 75' lang='lat' dir='ltr'><em>ct</em></span> 
     </span>
     <span class='ocr_line' id='line_1_39' title="bbox 105 2342 1566 2387; baseline 0.003 -15"><span class='ocrx_word' id='word_1_392' title='bbox 105 2342 134 2372; x_wconf 86' lang='lat' dir='ltr'><em>ei</em></span> <span class='ocrx_word' id='word_1_393' title='bbox 151 2342 312 2374; x_wconf 81' lang='lat' dir='ltr'><em>abundat.</em></span> <span class='ocrx_word' id='word_1_394' title='bbox 335 2343 431 2374; x_wconf 76' lang='lat' dir='ltr'><em>Bent-</em></span> <span class='ocrx_word' id='word_1_395' title='bbox 475 2343 580 2376; x_wconf 89' lang='lat' dir='ltr'><em>Tollit</em></span> <span class='ocrx_word' id='word_1_396' title='bbox 596 2345 699 2376; x_wconf 85' lang='lat' dir='ltr'><em>Bent.</em></span> <span class='ocrx_word' id='word_1_397' title='bbox 713 2345 792 2375; x_wconf 69' lang='lat' dir='ltr'><em>satis</em></span> <span class='ocrx_word' id='word_1_398' title='bbox 806 2345 869 2376; x_wconf 81' lang='lat' dir='ltr'><em>scio</em></span> <span class='ocrx_word' id='word_1_399' title='bbox 886 2346 1062 2377; x_wconf 82' lang='lat' dir='ltr'><em>audacter.</em></span> <span class='ocrx_word' id='word_1_400' title='bbox 1097 2346 1301 2387; x_wconf 73' lang='lat' dir='ltr'><em>Quanquam</em></span> <span class='ocrx_word' id='word_1_401' title='bbox 1315 2346 1456 2377; x_wconf 76' lang='lat' dir='ltr'><em>Terent.</em></span> <span class='ocrx_word' id='word_1_402' title='bbox 1473 2355 1566 2376; x_wconf 89' lang='lat' dir='ltr'><em>more</em></span> 
     </span>
     <span class='ocr_line' id='line_1_40' title="bbox 106 2385 1566 2428; baseline 0.003 -14"><span class='ocrx_word' id='word_1_403' title='bbox 106 2385 215 2415; x_wconf 88' lang='lat' dir='ltr'><em>‘nisi’</em></span> <span class='ocrx_word' id='word_1_404' title='bbox 239 2385 364 2426; x_wconf 85' lang='lat' dir='ltr'><em>ubique</em></span> <span class='ocrx_word' id='word_1_405' title='bbox 385 2387 543 2427; x_wconf 85' lang='lat' dir='ltr'><em>jungitur</em></span> <span class='ocrx_word' id='word_1_406' title='bbox 571 2388 675 2419; x_wconf 85' lang='lat' dir='ltr'><em>verbo</em></span> <span class='ocrx_word' id='word_1_407' title='bbox 700 2387 809 2426; x_wconf 81' lang='lat' dir='ltr'><em>finito,</em></span> <span class='ocrx_word' id='word_1_408' title='bbox 832 2398 899 2418; x_wconf 88' lang='lat' dir='ltr'><em>non</em></span> <span class='ocrx_word' id='word_1_409' title='bbox 927 2388 1070 2420; x_wconf 85' lang='lat' dir='ltr'><em>infinito.</em></span> <span class='ocrx_word' id='word_1_410' title='bbox 1096 2389 1184 2420; x_wconf 76' lang='lat' dir='ltr'><em>Perl-</em></span> <span class='ocrx_word' id='word_1_411' title='bbox 1232 2389 1342 2428; x_wconf 78' lang='lat' dir='ltr'><em>Vulgo</em></span> <span class='ocrx_word' id='word_1_412' title='bbox 1374 2389 1566 2419; x_wconf 79' lang='lat' dir='ltr'><em>Interturbut</em></span> 
     </span>
     <span class='ocr_line' id='line_1_41' title="bbox 106 2426 1566 2472; baseline 0.003 -15"><span class='ocrx_word' id='word_1_413' title='bbox 106 2426 227 2467; x_wconf 80' lang='lat' dir='ltr'><em>(omniu</em></span> <span class='ocrx_word' id='word_1_414' title='bbox 244 2427 374 2460; x_wconf 84' lang='lat' dir='ltr'><em>addunt</em></span> <span class='ocrx_word' id='word_1_415' title='bbox 391 2429 419 2459; x_wconf 84' lang='lat' dir='ltr'><strong>A</strong></span> <span class='ocrx_word' id='word_1_416' title='bbox 437 2435 472 2460; x_wconf 82' lang='lat' dir='ltr'><em>et</em></span> <span class='ocrx_word' id='word_1_417' title='bbox 489 2430 557 2461; x_wconf 86' lang='lat' dir='ltr'><em>Gu.</em></span> <span class='ocrx_word' id='word_1_418' title='bbox 576 2433 603 2462; x_wconf 85' lang='lat'><em>1.</em></span> <span class='ocrx_word' id='word_1_419' title='bbox 621 2430 711 2471; x_wconf 80' lang='lat' dir='ltr'><em>quod</em></span> <span class='ocrx_word' id='word_1_420' title='bbox 732 2431 929 2470; x_wconf 73' lang='lat' dir='ltr'><em>ascriptum,</em></span> <span class='ocrx_word' id='word_1_421' title='bbox 952 2437 1134 2472; x_wconf 82' lang='lat' dir='ltr'><em>postquam</em></span> <span class='ocrx_word' id='word_1_422' title='bbox 1156 2431 1269 2462; x_wconf 82' lang='lat' dir='ltr'><em>sedem</em></span> <span class='ocrx_word' id='word_1_423' title='bbox 1287 2431 1471 2470; x_wconf 71' lang='lat' dir='ltr'><em>legitimam</em></span> <span class='ocrx_word' id='word_1_424' title='bbox 1498 2442 1566 2461; x_wconf 87' lang='lat' dir='ltr'><em>mu-</em></span> 
     </span>
     <span class='ocr_line' id='line_1_42' title="bbox 106 2471 1567 2514; baseline 0.003 -14"><span class='ocrx_word' id='word_1_425' title='bbox 106 2474 214 2501; x_wconf 81' lang='lat' dir='ltr'><em>tasset</em></span> <span class='ocrx_word' id='word_1_426' title='bbox 231 2480 322 2500; x_wconf 84' lang='lat' dir='ltr'><em>suam</em></span> <span class='ocrx_word' id='word_1_427' title='bbox 339 2481 402 2502; x_wconf 81' lang='lat' dir='ltr'><em>vox</em></span> <span class='ocrx_word' id='word_1_428' title='bbox 418 2471 547 2512; x_wconf 73' lang='lat' dir='ltr'><em>interl.)</em></span> <span class='ocrx_word' id='word_1_429' title='bbox 572 2473 640 2504; x_wconf 80' lang='lat' dir='ltr'><em>CH.</em></span> <span class='ocrx_word' id='word_1_430' title='bbox 667 2473 884 2512; x_wconf 73' lang='lat' dir='ltr'><em>Quamobrem,</em></span> <span class='ocrx_word' id='word_1_431' title='bbox 900 2475 953 2513; x_wconf 59' lang='lat'><em>25⁶⁶·</em></span> <span class='ocrx_word' id='word_1_432' title='bbox 1003 2475 1103 2505; x_wconf 69' lang='lat' dir='ltr'><em>Bent.</em></span> <span class='ocrx_word' id='word_1_433' title='bbox 1122 2473 1215 2505; x_wconf 69' lang='lat' dir='ltr'><em>delet</em></span> <span class='ocrx_word' id='word_1_434' title='bbox 1231 2475 1338 2505; x_wconf 81' lang='lat' dir='ltr'><em>intert.</em></span> <span class='ocrx_word' id='word_1_435' title='bbox 1360 2474 1452 2514; x_wconf 75' lang='lat' dir='ltr'><em>quasi</em></span> <span class='ocrx_word' id='word_1_436' title='bbox 1480 2475 1567 2513; x_wconf 73' lang='lat' dir='ltr'><em>glos-</em></span> 
     </span>
     <span class='ocr_line' id='line_1_43' title="bbox 106 2513 1567 2551; baseline 0.003 -9"><span class='ocrx_word' id='word_1_437' title='bbox 106 2522 211 2551; x_wconf 83' lang='lat' dir='ltr'><em>sema,</em></span> <span class='ocrx_word' id='word_1_438' title='bbox 234 2518 269 2543; x_wconf 67' lang='grc' dir='ltr'><em>εἰ</em></span> <span class='ocrx_word' id='word_1_439' title='bbox 284 2513 364 2544; x_wconf 78' lang='lat' dir='ltr'><em>salis</em></span> <span class='ocrx_word' id='word_1_440' title='bbox 377 2518 413 2545; x_wconf 86' lang='lat' dir='ltr'><em>et</em></span> <span class='ocrx_word' id='word_1_441' title='bbox 427 2515 508 2546; x_wconf 77' lang='lat' dir='ltr'><em>scio.-</em></span> <span class='ocrx_word' id='word_1_442' title='bbox 530 2515 590 2545; x_wconf 84' lang='lat' dir='ltr'><em>sed</em></span> <span class='ocrx_word' id='word_1_443' title='bbox 607 2516 656 2546; x_wconf 88' lang='lat' dir='ltr'><em>rei</em></span> <span class='ocrx_word' id='word_1_444' title='bbox 672 2516 830 2546; x_wconf 84' lang='lat' dir='ltr'><em>convenit</em></span> <span class='ocrx_word' id='word_1_445' title='bbox 846 2517 1078 2547; x_wconf 75' lang='lat' dir='ltr'><em>vehementius</em></span> <span class='ocrx_word' id='word_1_446' title='bbox 1105 2516 1223 2547; x_wconf 72' lang='lat' dir='ltr'><em>inferri</em></span> <span class='ocrx_word' id='word_1_447' title='bbox 1247 2523 1404 2547; x_wconf 76' lang='lat' dir='ltr'><em>metrum.</em></span> <span class='ocrx_word' id='word_1_448' title='bbox 1427 2517 1567 2548; x_wconf 65' lang='lat' dir='ltr'><em>Both.—</em></span> 
     </span>
     <span class='ocr_line' id='line_1_44' title="bbox 105 2555 1567 2599; baseline 0.003 -14"><span class='ocrx_word' id='word_1_449' title='bbox 105 2557 146 2586; x_wconf 87' lang='grc'><em>41</em></span> <span class='ocrx_word' id='word_1_450' title='bbox 175 2555 238 2591; x_wconf 72' lang='lat' dir='ltr'><em>Qui</em></span> <span class='ocrx_word' id='word_1_451' title='bbox 252 2557 502 2588; x_wconf 69' lang='lat' dir='ltr'><em>auscultaverint.</em></span> <span class='ocrx_word' id='word_1_452' title='bbox 547 2557 605 2589; x_wconf 84' lang='lat' dir='ltr'><em>Ita</em></span> <span class='ocrx_word' id='word_1_453' title='bbox 620 2558 697 2589; x_wconf 86' lang='lat' dir='ltr'><em>edd.</em></span> <span class='ocrx_word' id='word_1_454' title='bbox 724 2558 896 2599; x_wconf 82' lang='lat' dir='ltr'><em>pleraeque</em></span> <span class='ocrx_word' id='word_1_455' title='bbox 922 2569 1038 2590; x_wconf 81' lang='lat' dir='ltr'><em>omues</em></span> <span class='ocrx_word' id='word_1_456' title='bbox 1063 2565 1218 2597; x_wconf 69' lang='lat' dir='ltr'><em>vetustae,</em></span> <span class='ocrx_word' id='word_1_457' title='bbox 1241 2559 1337 2591; x_wconf 75' lang='lat' dir='ltr'><em>Junt.</em></span> <span class='ocrx_word' id='word_1_458' title='bbox 1362 2558 1503 2598; x_wconf 78' lang='lat' dir='ltr'><em>Aldina,</em></span> <span class='ocrx_word' id='word_1_459' title='bbox 1527 2560 1567 2590; x_wconf 76' lang='lat' dir='ltr'><em>R.</em></span> 
     </span>
     <span class='ocr_line' id='line_1_45' title="bbox 106 2598 1566 2643; baseline 0.002 -14"><span class='ocrx_word' id='word_1_460' title='bbox 106 2598 286 2638; x_wconf 81' lang='lat' dir='ltr'><em>Stephani,</em></span> <span class='ocrx_word' id='word_1_461' title='bbox 311 2599 399 2631; x_wconf 78' lang='lat' dir='ltr'><em>aliae.</em></span> <span class='ocrx_word' id='word_1_462' title='bbox 447 2599 577 2640; x_wconf 78' lang='lat' dir='ltr'><em>Vulgo:</em></span> <span class='ocrx_word' id='word_1_463' title='bbox 613 2601 666 2641; x_wconf 75' lang='lat' dir='ltr'><em>qui</em></span> <span class='ocrx_word' id='word_1_464' title='bbox 690 2602 929 2633; x_wconf 70' lang='lat' dir='ltr'><em>auscultaverim</em></span> <span class='ocrx_word' id='word_1_465' title='bbox 954 2602 996 2642; x_wconf 82' lang='lat' dir='ltr'><em>ei,</em></span> <span class='ocrx_word' id='word_1_466' title='bbox 1031 2602 1199 2643; x_wconf 85' lang='lat' dir='ltr'><em>quomodo</em></span> <span class='ocrx_word' id='word_1_467' title='bbox 1232 2602 1351 2633; x_wconf 82' lang='lat' dir='ltr'><em>Leidd.</em></span> <span class='ocrx_word' id='word_1_468' title='bbox 1381 2612 1477 2641; x_wconf 86' lang='lat' dir='ltr'><em>unus,</em></span> <span class='ocrx_word' id='word_1_469' title='bbox 1501 2604 1566 2639; x_wconf 74' lang='lat' dir='ltr'><em>vol,</em></span> 
     </span>
     <span class='ocr_line' id='line_1_46' title="bbox 106 2641 1565 2686; baseline 0.003 -15"><span class='ocrx_word' id='word_1_470' title='bbox 106 2641 160 2681; x_wconf 81' lang='lat' dir='ltr'><em>qui</em></span> <span class='ocrx_word' id='word_1_471' title='bbox 175 2642 466 2673; x_wconf 78' lang='lat' dir='ltr'><em>eiauscultaverim.</em></span> <span class='ocrx_word' id='word_1_472' title='bbox 511 2644 707 2683; x_wconf 79' lang='lat' dir='ltr'><em>Malaspina</em></span> <span class='ocrx_word' id='word_1_473' title='bbox 733 2645 774 2674; x_wconf 77' lang='lat' dir='ltr'><em>acl</em></span> <span class='ocrx_word' id='word_1_474' title='bbox 804 2644 877 2676; x_wconf 88' lang='lat' dir='ltr'>Cic.</span> <span class='ocrx_word' id='word_1_475' title='bbox 903 2646 978 2676; x_wconf 83' lang='lat' dir='ltr'><em>Att.</em></span> <span class='ocrx_word' id='word_1_476' title='bbox 998 2654 1049 2676; x_wconf 77' lang='lat' dir='ltr'><em>xl.</em></span> <span class='ocrx_word' id='word_1_477' title='bbox 1067 2648 1097 2676; x_wconf 81' lang='grc'><em>6.</em></span> <span class='ocrx_word' id='word_1_478' title='bbox 1121 2645 1173 2686; x_wconf 83' lang='lat' dir='ltr'><em>qui</em></span> <span class='ocrx_word' id='word_1_479' title='bbox 1197 2645 1285 2676; x_wconf 79' lang='lat' dir='ltr'><em>illum</em></span> <span class='ocrx_word' id='word_1_480' title='bbox 1307 2646 1565 2676; x_wconf 64' lang='lat' dir='ltr'><em>‹auscultat-erim.-</em></span> 
     </span>
     <span class='ocr_line' id='line_1_47' title="bbox 106 2684 1566 2728; baseline 0.002 -14"><span class='ocrx_word' id='word_1_481' title='bbox 106 2693 182 2724; x_wconf 88' lang='lat' dir='ltr'><em>quae</em></span> <span class='ocrx_word' id='word_1_482' title='bbox 201 2685 349 2716; x_wconf 80' lang='lat' dir='ltr'><em>varietas</em></span> <span class='ocrx_word' id='word_1_483' title='bbox 364 2684 459 2720; x_wconf 83' lang='lat' dir='ltr'><em>facit,</em></span> <span class='ocrx_word' id='word_1_484' title='bbox 484 2690 521 2717; x_wconf 86' lang='lat' dir='ltr'><em>ut</em></span> <span class='ocrx_word' id='word_1_485' title='bbox 538 2686 688 2725; x_wconf 81' lang='lat' dir='ltr'><em>credam,</em></span> <span class='ocrx_word' id='word_1_486' title='bbox 711 2688 914 2718; x_wconf 77' lang='lat' dir='ltr'><em>sententiam</em></span> <span class='ocrx_word' id='word_1_487' title='bbox 938 2688 1010 2718; x_wconf 89' lang='lat' dir='ltr'><em>sine</em></span> <span class='ocrx_word' id='word_1_488' title='bbox 1028 2688 1223 2728; x_wconf 81' lang='lat' dir='ltr'><em>pronomine</em></span> <span class='ocrx_word' id='word_1_489' title='bbox 1240 2688 1474 2719; x_wconf 70' lang='lat' dir='ltr'><em>rotundiorem</em></span> <span class='ocrx_word' id='word_1_490' title='bbox 1492 2698 1566 2718; x_wconf 71' lang='lat' dir='ltr'><em>esse</em></span> 
     </span>
     <span class='ocr_line' id='line_1_48' title="bbox 107 2726 1565 2772; baseline 0.001 -15"><span class='ocrx_word' id='word_1_491' title='bbox 107 2731 143 2757; x_wconf 87' lang='lat' dir='ltr'><em>et</em></span> <span class='ocrx_word' id='word_1_492' title='bbox 158 2726 415 2767; x_wconf 82' lang='lat' dir='ltr'><em>elegantiorem.</em></span> <span class='ocrx_word' id='word_1_493' title='bbox 436 2728 535 2759; x_wconf 75' lang='lat' dir='ltr'><em>lVest.</em></span> <span class='ocrx_word' id='word_1_494' title='bbox 570 2729 611 2759; x_wconf 83' lang='lat' dir='ltr'><em>Ei</em></span> <span class='ocrx_word' id='word_1_495' title='bbox 629 2729 713 2760; x_wconf 83' lang='lat' dir='ltr'><em>dant</em></span> <span class='ocrx_word' id='word_1_496' title='bbox 731 2729 844 2761; x_wconf 78' lang='lat' dir='ltr'><em>Guelf.</em></span> <span class='ocrx_word' id='word_1_497' title='bbox 856 2733 888 2761; x_wconf 82' lang='lat'><em>2.</em></span> <span class='ocrx_word' id='word_1_498' title='bbox 905 2735 940 2761; x_wconf 79' lang='lat' dir='ltr'><em>et</em></span> <span class='ocrx_word' id='word_1_499' title='bbox 956 2731 1081 2761; x_wconf 72' lang='lat' dir='ltr'><em>Z.—-42</em></span> <span class='ocrx_word' id='word_1_500' title='bbox 1104 2731 1203 2762; x_wconf 84' lang='lat' dir='ltr'><em>Libb.</em></span> <span class='ocrx_word' id='word_1_501' title='bbox 1218 2729 1424 2772; x_wconf 82' lang='lat' dir='ltr'><em>antiquiores</em></span> <span class='ocrx_word' id='word_1_502' title='bbox 1438 2740 1565 2765; x_wconf 57' lang='lat' dir='ltr'><em>omnen,</em></span> 
     </span>
     <span class='ocr_line' id='line_1_49' title="bbox 108 2769 1565 2813; baseline 0.001 -13"><span class='ocrx_word' id='word_1_503' title='bbox 108 2769 242 2801; x_wconf 79' lang='lat' dir='ltr'><em>Factum</em></span> <span class='ocrx_word' id='word_1_504' title='bbox 267 2773 314 2801; x_wconf 82' lang='lat' dir='ltr'><em>est</em></span> <span class='ocrx_word' id='word_1_505' title='bbox 342 2770 419 2806; x_wconf 59' lang='lat' dir='ltr'><em>hot-,-</em></span> <span class='ocrx_word' id='word_1_506' title='bbox 442 2776 478 2802; x_wconf 81' lang='lat' dir='ltr'><em>ct</em></span> <span class='ocrx_word' id='word_1_507' title='bbox 508 2781 584 2802; x_wconf 80' lang='lat' dir='ltr'><em>mox</em></span> <span class='ocrx_word' id='word_1_508' title='bbox 613 2781 672 2812; x_wconf 80' lang='lat' dir='ltr'><em>pro</em></span> <span class='ocrx_word' id='word_1_509' title='bbox 700 2772 841 2808; x_wconf 75' lang='lat' dir='ltr'><em>Factum,</em></span> <span class='ocrx_word' id='word_1_510' title='bbox 866 2773 944 2804; x_wconf 78' lang='lat' dir='ltr'><em>Pet.</em></span> <span class='ocrx_word' id='word_1_511' title='bbox 975 2774 1107 2804; x_wconf 67' lang='lat' dir='ltr'><em>Factum</em></span> <span class='ocrx_word' id='word_1_512' title='bbox 1134 2778 1191 2805; x_wconf 83' lang='lat' dir='ltr'><em>est.</em></span> <span class='ocrx_word' id='word_1_513' title='bbox 1239 2774 1431 2813; x_wconf 82' lang='lat' dir='ltr'><em>Utrumque</em></span> <span class='ocrx_word' id='word_1_514' title='bbox 1460 2780 1565 2803; x_wconf 70' lang='lat' dir='ltr'><em>recte.</em></span> 
     </span>
     <span class='ocr_line' id='line_1_50' title="bbox 107 2811 1565 2856; baseline 0.002 -14"><span class='ocrx_word' id='word_1_515' title='bbox 107 2811 204 2843; x_wconf 83' lang='lat' dir='ltr'><em>Bent.</em></span> <span class='ocrx_word' id='word_1_516' title='bbox 251 2812 319 2844; x_wconf 88' lang='lat' dir='ltr'><em>Gu.</em></span> <span class='ocrx_word' id='word_1_517' title='bbox 337 2816 367 2844; x_wconf 89' lang='grc'><em>1.</em></span> <span class='ocrx_word' id='word_1_518' title='bbox 383 2813 516 2845; x_wconf 78' lang='lat' dir='ltr'><em>Factum</em></span> <span class='ocrx_word' id='word_1_519' title='bbox 531 2815 586 2845; x_wconf 78' lang='lat' dir='ltr'><em>hoc</em></span> <span class='ocrx_word' id='word_1_520' title='bbox 601 2818 644 2846; x_wconf 85' lang='lat' dir='ltr'><em>est</em></span> <span class='ocrx_word' id='word_1_521' title='bbox 667 2825 684 2845; x_wconf 83' lang='lat' dir='ltr'><em>a</em></span> <span class='ocrx_word' id='word_1_522' title='bbox 702 2818 746 2856; x_wconf 85' lang='lat' dir='ltr'><em>te,</em></span> <span class='ocrx_word' id='word_1_523' title='bbox 771 2814 886 2847; x_wconf 72' lang='lat' dir='ltr'><em>Dave?</em></span> <span class='ocrx_word' id='word_1_524' title='bbox 911 2826 951 2848; x_wconf 84' lang='lat' dir='ltr'><em>ex</em></span> <span class='ocrx_word' id='word_1_525' title='bbox 969 2816 1031 2848; x_wconf 78' lang='lat' dir='ltr'><em>int.</em></span> <span class='ocrx_word' id='word_1_526' title='bbox 1057 2816 1154 2848; x_wconf 64' lang='lat' dir='ltr'><em>Both„</em></span> <span class='ocrx_word' id='word_1_527' title='bbox 1200 2816 1393 2847; x_wconf 75' lang='lat' dir='ltr'><em>Bentloium</em></span> <span class='ocrx_word' id='word_1_528' title='bbox 1410 2816 1565 2856; x_wconf 73' lang='lat' dir='ltr'><em>sequitur</em></span> 
     </span>
    </p>
   </div>
  </div>
 </body>
</html>
