1903 3306
363 219 447 262 :274
861 233 898 263 P.
932 232 1171 263 TEREN'rn
1208 234 1322 264 Arm

366 328 466 369 Non
489 327 562 380 qui
584 324 882 379 argumentum
902 332 1064 376 narret,
1098 328 1173 368 sed
1203 327 1277 380 qni
1298 328 1502 368 malevoli

363 395 539 436 Veteris
564 394 719 435 Po'etae
741 394 983 435 maledictis
1005 395 1285 447 respondeat.

364 461 511 511 Nunc,
536 475 665 514 quam
687 474 775 501 rem
798 462 906 502 vitio
926 462 1043 511 dent,
1066 475 1217 515 quaeso
1240 463 1430 503 animum
1451 462 1682 504 advortite.

363 528 601 569 Menander
621 528 727 569 fecit
747 528 963 570 Andriam
983 533 1026 570 et
1046 529 1311 570 Perinthiam
1331 543 1340 570 :

364 595 456 646 Qui
477 595 691 636 utramvis
713 600 830 636 recte
850 596 982 644 norit,
1015 597 1168 637 ambas
1190 598 1380 637 noverit.

364 663 468 704 Non
491 663 551 702 ita
572 662 776 703 dissimili
798 667 903 703 sunt
923 667 1194 715 argumento,
1217 664 1296 705 sed
1318 667 1466 705 tamen

363 730 583 770 Dissimili
604 730 800 771 oratione
822 735 924 771 sunt
942 730 1091 780 factae,
1112 744 1164 772 ac
1185 732 1314 785 stylo.

364 796 478 847 Quae
500 809 742 837 convenere
763 797 806 837 in
828 795 1054 847 Andriam,
1074 810 1131 837 ex
1154 798 1384 839 Perinthia

364 864 546 904 Fatetur
566 864 855 913 transtulisse,
877 868 1007 917 atque
1027 877 1152 905 usum
1173 878 1253 917 pro
1277 865 1383 906 suis.

362 931 415 971 Id
438 931 510 971 isti
530 931 781 984 vituperant
801 927 990 982 sactum3
1023 935 1157 983 atque
1178 932 1224 972 in
1246 945 1299 973 eo
1320 932 1563 987 disputant,

363 996 662 1038 Contaminari
682 1010 765 1038 non
788 997 941 1038 decere
962 997 1155 1039 fabulas.
1276 992 1278 994 ’

1759 598 1816 639 10

1760 933 1816 975 15

361 1129 408 1159 dis
424 1129 549 1168 cogitur
573 1129 621 1160 uti
643 1140 735 1169 opera
756 1129 850 1161 aliter
865 1134 957 1170 alque
972 1131 1132 1162 convenit:
1153 1140 1221 1161 cum
1233 1134 1450 1170 argumentum
1457 1130 1579 1170 fabuloe
1594 1141 1652 1162 non
1667 1133 1814 1172 exponat,

358 1173 411 1202 secl
427 1172 604 1212 respondeat
619 1173 889 1204 criminationibus
902 1173 994 1204 Lucii
1009 1173 1146 1212 Lauinii,
1161 1176 1274 1205 veteris
1290 1174 1399 1205 Po'e'toe
1410 1175 1560 1206 malevoli.
1606 1175 1643 1205 N
1643 1184 1699 1205 unc
1713 1177 1816 1205 autem

359 1215 495 1244 animum
510 1215 674 1254 attendite,
693 1217 730 1246 de
743 1226 801 1256 qua
818 1226 852 1247 re
867 1217 1040 1247 1111101311111·
1055 1217 1134 1247 hunc
1149 1216 1333 1257 vituperent.
1365 1218 1541 1248 Menander
1556 1216 1655 1248 Poe'ta
1675 1216 1816 1247 Comicus

363 1256 583 1294 Graecussecz't
600 1239 798 1289 Perinthiam
813 1262 843 1290 et
859 1258 1015 1289 Andriam
1034 1260 1217 1290 Comoedias.
1265 1260 1329 1296 Qui
1353 1269 1447 1290 unam
1471 1270 1576 1290 earum
1600 1259 1735 1298 noverit,
1749 1268 1814 1289 am-

359 1299 414 1329 bas
429 1310 521 1330 110101
524 1301 571 1337 ιι
598 1302 671 1332 adeo
697 1301 793 1332 simili
815 1305 887 1332 sunt
906 1302 1006 1340 fimtoe
1031 1305 1225 1341 argumento,
1248 1303 1301 1333 sed
1327 1302 1473 1333 dissimili
1488 1305 1590 1333 tumen
1605 1311 1757 1332 sermone.-
1781 1305 1814 1332 et

360 1343 446 1373 modo
462 1343 614 1382 loquendi.
660 1343 820 1374 Terentius
836 1344 962 1382 fatetur
985 1344 1106 1384 quidem
1133 1354 1166 1375 se
1191 1344 1384 1375 transtulisse
1409 1354 1448 1376 ex
1466 1344 1642 1384 Perinthia,
1659 1343 1815 1376 Comoedia

363 1385 476 1415 Graeca
494 1386 674 1424 Menandri,
698 1386 730 1417 in
754 1396 841 1417 suam
871 1387 1057 1418 Comoediam
1082 1386 1236 1418 Andrium
1254 1387 1403 1418 Latinam
1417 1396 1484 1427 quae
1498 1387 1559 1418 sibi
1572 1388 1727 1418 commoda
1749 1387 1815 1417 'visa

358 1431 443 1466 sunt,
457 1428 564 1468 hisque
579 1438 666 1459 usum
681 1431 826 1469 tunquam
840 1429 900 1460 sibi
921 1429 1067 1468 propriis.
1112 1429 1208 1460 Hanc
1234 1439 1299 1460 rem
1323 1430 1378 1460 isti
1402 1430 1544 1469 culpant:
1565 1430 1690 1470 ideoque
1709 1429 1814 1469 dispu-

358 1473 462 1502 tantes
484 1471 585 1512 aiunt,
599 1472 776 1504 indecorum
799 1481 862 1504 esse
877 1471 1005 1511 fabulas
1023 1471 1162 1504 Comicus
1177 1473 1343 1513 corrumpi,
1358 1473 1489 1504 alteram
1501 1473 1594 1504 alteri
1607 1472 1816 1504 immiscendo.

971 1564 1182 1577 e-eaeae‘eemae
1167 1566 1204 1577 ‘o

360 1631 466 1662 West.
469 1634 531 1662 ——7
556 1631 820 1673 Maledicislegit
837 1636 1020 1674 tueturque
1035 1633 1136 1666 Both.
1139 1636 1201 1664 -8
1225 1632 1340 1665 Guelf.
1352 1635 1381 1665 3.
1395 1633 1456 1665 Br.
1478 1631 1726 1663 animadvertite.
1772 1631 1813 1663 In

361 1673 477 1704 Guelt'.
496 1677 525 1705 1.
550 1675 671 1715 script.
699 1675 861 1706 advertite.
865 1678 945 1707 —ll
973 1677 1024 1706 Ita
1040 1686 1100 1707 non
1124 1679 1196 1707 sunt
1223 1677 1297 1708 diss.
1322 1686 1391 1716 arg·
1429 1675 1532 1706 Both.
1550 1674 1682 1706 edidit.
1708 1675 1815 1716 ‘-quo

359 1716 484 1765 modo,'
507 1717 568 1754 ait,
590 1718 683 1747 ‘haec
701 1717 803 1748 verba
820 1718 920 1748 etiam
939 1719 1097 1750 Donatus
1124 1720 1176 1750 vel
1202 1719 1493 1760 scriptainvenit,
1519 1718 1574 1748 vel
1601 1721 1695 1749 certe
1722 1717 1814 1749 ordi-

359 1759 432 1789 nari
449 1759 575 1791 voluit?
617 1761 626 1777 ‘
642 1761 686 1790 Et
701 1763 804 1790 tamen
822 1761 924 1792 Bent.
941 1761 1126 1801 eleganter.
1171 1762 1281 1793 Quam
1299 1763 1377 1793 lect.
1399 1765 1430 1792 et
1455 1765 1576 1800 postea
1601 1769 1638 1790 se
1665 1769 1721 1801 ap.
1745 1757 1815 1791 Eu-

360 1802 536 1841 graphium
563 1802 730 1842 reperisse
753 1803 841 1833 idem
861 1802 1016 1834 affirmat.
1062 1804 1117 1836 Al
1132 1804 1207 1835 sed!
1231 1805 1361 1836 Perlet.
1407 1803 1507 1834 ‘Nisi
1528 1802 1634 1833 elidas
1658 1802 1691 1833 in
1717 1812 1813 1843 argu-

359 1848 460 1875 mento
476 1845 655 1884 syllabam,
680 1854 743 1875 uon
770 1850 903 1876 constat
931 1847 1106 1878 tuimeter:
1136 1852 1195 1877 aut
1218 1847 1281 1877 nisi
1311 1848 1401 1887 legas
1418 1846 1493 1878 diss.
1509 1855 1579 1885 mg.
1595 1844 1690 1877 sunt!
1712 1845 1813 1877 Eras-

359 1896 442 1917 mus.
489 1888 546 1918 S'et
562 1888 663 1918 Both.
667 1890 750 1918 -13
775 1887 861 1918 Post
884 1889 892 1905 ‘
908 1888 1001 1920 Per.'
1024 1889 1096 1920 vult
1113 1889 1214 1920 Bent.
1238 1890 1307 1920 hic.-
1332 1889 1423 1930 quod
1440 1888 1548 1919 edidit
1564 1887 1658 1918 Perl.
1702 1888 1711 1905 ‘
1726 1889 1812 1921 Qnae

359 1929 504 1959 0111011113
530 1930 577 1960 ait
593 1930 695 1961 Both.
717 1931 727 1947 ⁶
746 1929 939 1961 confirmari
957 1931 1094 1962 videtur
1109 1932 1227 1962 codice
1247 1933 1288 1971 B,
1306 1932 1338 1961 in
1357 1941 1423 1972 quo
1441 1930 1544 1986 posyt‘
1559 1930 1650 1961 Per!
1674 1924 1830 1962 verbum*

359 1972 457 2011 quale
470 1972 527 2011 hij,
545 1972 566 2003 i.
585 1982 613 2003 e.
629 1973 673 2007 hi,
704 1973 755 2003 vel
772 1973 934 2013 quiddam
951 1974 1072 2013 simile,
1090 1974 1268 2005 evidenter
1284 1984 1417 2005 erasum
1434 1972 1512 2005 est.y
1555 1973 1676 2004 Monet
1692 1973 1813 2005 Perlet

360 2015 492 2045 hicnon
510 2014 635 2046 11111010
651 2014 766 2047 Guelf.
782 2018 946 2046 2.3.-15
972 2017 1152 2048 Goveanus
1175 2017 1237 2047 Isti
1263 2017 1296 2047 id
1322 2026 1364 2047 ex
1392 2016 1473 2047 libb.
1497 2015 1646 2056 antiquis
1673 2014 1715 2046 ob
1743 2025 1812 2047 me·

360 2062 460 2087 trum.
491 2058 590 2089 IVest.
637 2057 705 2088 Gu.
722 2061 751 2090 l.
775 2058 809 2088 in
824 2068 904 2095 eum,
928 2068 1032 2098 prave
1055 2059 1192 2099 legente
1214 2059 1364 2090 librario.
1388 2058 1634 2090 Both—iola
1657 2057 1812 2099 quibusd.

358 2099 444 2131 Mss.
471 2100 588 2131 debere.
614 2100 721 2131 West.
767 2101 952 2143 Exemplar
982 2102 1208 2134 Bibliothecae
1230 2102 1334 2143 Regis
1358 2101 1498 2134 Galliar.
1524 2101 1643 2132 debere.
1669 2101 1813 2132 Lina.—

1013 2196 1153 2230 NOTAE

400 2274 421 2302 9
444 2271 631 2313 Menander]
664 2270 743 2303 Fuit
768 2270 878 2303 Po'e‘ta
901 2271 1058 2311 Graecus,

356 2321 519 2361 princeps
551 2330 645 2353 novae
680 2321 878 2360 Comoediae,
912 2322 954 2353 de
992 2332 1058 2363 quo

359 2370 502 2401 Ovidius
531 2371 590 2402 lib.
623 2380 648 2403 1.
679 2372 758 2404 Am.
805 2373 923 2403 ‘Dum
955 2372 1057 2403 fallax

357 2430 489 2459 servus,
523 2421 627 2452 durus
656 2425 767 2462 pater,
797 2422 951 2463 improba
980 2423 1058 2453 lena

358 2470 507 2509 leem,
530 2475 564 2501 et
581 2472 745 2502 meretrix
762 2472 900 2511 blanda,
916 2472 1056 2503 Menan-

359 2519 420 2551 der
433 2520 521 2552 erit!
559 2520 614 2551 Ad
630 2521 704 2561 ejus
717 2523 912 2562 exemplunm
928 2523 1058 2554 Teren-

359 2570 427 2601 tius
451 2580 486 2601 se
513 2572 725 2612 composuit3
755 2571 833 2603 ideo
862 2573 1057 2604 dimidiatus

357 2621 549 2652 Menander
581 2631 600 2653 a
630 2622 669 2654 C.
699 2622 835 2654 Caesare
866 2623 1058 2655 nominatus

358 2669 439 2702 fuit.

401 2721 616 2761 Perinthiam]
662 2722 839 2754 Perinthia
884 2723 1057 2756 Comoedia

358 2771 541 2804 Menandri
574 2772 668 2804 dicta
704 2782 724 2803 a
759 2772 935 2813 Perintho,
973 2774 1056 2805 urbe

1111 2272 1277 2313 Thraciae,
1303 2282 1377 2313 quae
1406 2273 1489 2303 Pera
1510 2275 1562 2303 est
1580 2270 1813 2311 Volaterrano,

1113 2321 1248 2352 Rodosto
1266 2322 1420 2362 Belouio,
1438 2322 1572 2352 Pantiro
1595 2320 1767 2352 Castaldo.

1154 2374 1193 2402 13
1208 2372 1248 2403 In
1261 2372 1428 2412 Andriam,
1438 2382 1479 2403 ex
1493 2371 1658 2403 Perinthia
1673 2373 1811 2402 transtu-

1112 2422 1198 2463 lisse]
1227 2423 1381 2454 Donatus
1397 2423 1444 2454 ait
1460 2422 1656 2454 Terentium
1671 2422 1811 2462 primam

1111 2473 1254 2504 Scenam
1273 2474 1458 2505 Perinthiae
1469 2473 1650 2504 Menandri
1666 2473 1700 2504 iu
1716 2482 1810 2505 suam

1112 2522 1277 2554 Andriam
1295 2524 1518 2555 transtulisse.

1155 2576 1195 2604 16
1221 2574 1438 2605 Contaminari
1463 2584 1523 2604 uon
1545 2574 1650 2605 decere
1667 2572 1812 2614 fabulas]

1112 2624 1341 2655 Contaminari
1363 2634 1416 2655 res
1441 2623 1579 2661 dicitur,
1604 2632 1680 2654 cum
1709 2623 1810 2655 alteri

1112 2674 1162 2705 rei
1187 2674 1234 2705 ita
1258 2673 1480 2713 immiscetur,
1506 2678 1542 2705 ut
1565 2677 1687 2704 neutra
1702 2673 1811 2706 incor-

1111 2728 1214 2764 rupta
1228 2727 1374 2754 maneat.
1411 2723 1524 2754 Livius
1542 2722 1601 2754 lib.
1619 2731 1671 2754 lv.
1695 2723 1705 2740 ⁴
1721 2723 1811 2754 Con-

1110 2774 1266 2806 taminari
1282 2773 1480 2814 sanguinem
1491 2782 1585 2806 suum
1599 2776 1809 2815 patres,con·
