1945 3296
355 218 412 259 76
910 236 972 265 DE
1005 236 1069 266 ΤΗ
1082 236 1257 267 nArRo.

356 323 479 362 Paulo
500 325 613 364 altius
636 326 836 366 videbatur
856 328 930 366 ima
952 343 1080 367 scenae
1109 331 1273 380 porticu,
1293 331 1330 368 in
1360 345 1438 383 qua
1463 328 1647 372 actorum
1672 328 1808 374 domos

357 389 591 427 constitutas
613 404 700 428 esse
721 391 970 429 dicebamus:
1002 393 1051 430 ad
1074 394 1175 431 idem
1204 394 1340 433 leniter
1372 398 1640 436 ascendebant
1659 408 1809 438 actores

355 454 659 502 pronuntiaturi:
690 455 794 492 haud
823 469 934 506 aeqne
957 457 1116 507 longum
1150 458 1223 496 fuit
1255 465 1371 510 atque
1405 461 1491 512 ipsa
1525 475 1656 509 scena,
1689 463 1808 502 altum

356 522 508 554 tantum
529 525 611 555 erat
629 518 750 568 pedes
777 519 962 570 quinque,
995 528 1052 566 ut,
1073 521 1137 571 qui
1154 523 1190 559 in
1212 523 1410 562 orchestra
1431 525 1624 572 sederent,
1659 527 1809 565 facilius

355 579 499 630 pedum
537 582 727 619 motiones
762 588 800 619 et
834 583 1009 633 singulos
1049 585 1249 635 agentium
1284 595 1418 637 gestus
1453 591 1706 640 perciperent.
1766 592 1810 628 Id

357 645 535 696 spatium,
566 646 672 697 quod
703 646 882 696 utrinque
903 660 924 684 a
958 648 1106 698 pulpito
1138 649 1188 687 ad
1222 658 1433 689 extremam
1466 666 1623 692 scenam
1645 667 1809 693 vacuum

355 710 660 761 relinquebatur,
683 710 813 748 Graeci
828 712 1023 749 vocabant
1039 712 1308 760 Proscenium,
1323 728 1371 752 ne
1387 715 1472 766 quis
1486 717 1679 756 existimet
1692 718 1811 757 fuisse

358 787 487 812 scenae
508 774 643 813 latera.
703 775 884 813 Periacta
905 783 1092 813 vocarunt
1114 777 1243 815 Graeci
1268 778 1306 815 in
1328 780 1455 816 scenis
1476 780 1556 817 suis
1575 787 1714 827 turres,
1745 789 1812 820 aut

356 838 570 884 machinas,
598 838 771 889 trigonas
792 838 994 885 habentes,
1024 839 1085 878 vel
1104 840 1377 892 triangulares,
1400 844 1495 881 miro
1528 844 1688 883 artificio
1717 859 1810 884 con-

357 910 540 949 structas,
562 902 599 940 in
620 915 698 940 uno
720 909 837 953 atque
858 903 981 941 altero
1002 917 1131 943 scenae
1152 905 1271 943 latere
1292 907 1455 957 positas,
1482 908 1598 946 variis
1618 909 1810 949 coloribus

357 966 573 1006 secundum
604 967 769 1018 angulos
805 968 1024 1013 distinctas,
1056 970 1281 1008 versatiles:
1326 978 1369 1008 ut
1401 971 1502 1009 inter
1536 974 1811 1023 spectandum,

357 1030 450 1068 dum
471 1031 588 1068 animi
610 1031 660 1068 ad
680 1031 886 1070 histriones
906 1033 1024 1084 paulo
1054 1034 1281 1072 attentiores
1314 1041 1459 1081 essent,
1481 1036 1668 1086 paulatim
1687 1039 1812 1076 revol-

355 1105 549 1142 verentur,
569 1103 608 1134 et
626 1095 743 1134 modo
764 1097 902 1143 rubrae,
923 1097 1039 1135 modo
1060 1098 1214 1143 virides,
1230 1105 1297 1136 aut
1315 1099 1471 1137 alterius
1492 1100 1632 1138 coloris
1649 1114 1813 1152 appa-re-

356 1168 465 1199 rent:
496 1173 583 1210 quae
614 1173 674 1198 res
703 1173 782 1198 non
813 1173 971 1211 parvam
992 1161 1291 1200 oblectationem
1320 1163 1587 1213 spectantibus
1614 1164 1812 1204 afferebat.

358 1225 447 1272 Hae,
477 1238 565 1263 cum
586 1225 803 1262 fabularum
824 1226 1056 1264 mutationes
1078 1233 1188 1263 erant
1208 1226 1361 1272 futurae,
1384 1239 1452 1264 seu
1475 1227 1645 1265 Deorum
1667 1228 1812 1267 adven—

356 1295 420 1327 tus
442 1303 529 1327 cum
551 1288 758 1326 tonitribus
794 1289 1019 1340 repentinis,
1046 1290 1315 1335 versabantur,
1346 1291 1624 1342 mutabantque
1644 1292 1813 1343 speciem

357 1354 569 1392 ornationis
599 1353 635 1390 in
658 1353 816 1391 frontes.
876 1353 934 1389 Ex
969 1354 1015 1390 iis
1044 1353 1282 1403 projectitios
1317 1353 1428 1404 ignes
1459 1355 1675 1401 vibrabant,
1707 1356 1746 1394 in
1767 1357 1812 1394 iis

357 1419 557 1469 fingebant
576 1418 760 1464 tonitrua,
780 1418 946 1468 pluvias,
977 1425 1016 1455 et
1036 1418 1221 1469 quicquid
1256 1419 1294 1455 in
1327 1419 1535 1470 Tragoedia
1556 1419 1812 1459 admiratione

357 1482 518 1532 dignum
549 1482 645 1518 fuit:
689 1481 757 1519 sed
785 1481 858 1519 hoc
888 1481 1052 1519 maxime
1079 1485 1116 1519 in
1145 1482 1356 1520 honorifico
1377 1490 1416 1520 et
1436 1490 1638 1521 sumtuoso
1660 1484 1812 1522 Comoe-

358 1548 505 1586 dinrum
544 1555 612 1585 aut
645 1545 945 1596 Tragoediarum
980 1559 1134 1596 genere.
1193 1546 1418 1583 Secundum
1451 1551 1644 1597 περίακτα,
1674 1562 1813 1600 nempe

357 1613 407 1648 ad
426 1626 554 1650 scenae
576 1613 711 1656 latera,
734 1611 869 1649 itinera
903 1617 943 1647 et
972 1610 1152 1647 Versurae
1191 1617 1457 1660 procurrentes
1492 1618 1615 1657 erant,
1650 1625 1813 1662 quarum

358 1689 434 1714 una
474 1676 677 1721 efficiebat,
718 1683 761 1712 ut
798 1681 949 1712 actores
997 1686 1019 1711 a
1057 1673 1154 1718 f0r0‚
1203 1672 1337 1719 altera,
1374 1680 1418 1710 ut
1454 1687 1613 1725 peregre
1659 1677 1814 1727 prodire

358 1750 425 1780 aut
444 1742 536 1779 illuc
568 1740 719 1791 regredi
741 1739 975 1778 viderentur.
1035 1739 1077 1775 In
1100 1737 1228 1775 media
1255 1751 1375 1776 scena
1395 1738 1531 1776 Valvae
1554 1740 1690 1790 Regiae
1719 1754 1814 1779 con-

357 1807 532 1844 formatae
572 1811 695 1851 erant,
735 1804 839 1842 circa
877 1816 974 1853 quas
1009 1802 1201 1853 utrimque
1232 1802 1387 1840 fuerunt
1425 1803 1643 1854 composita
1669 1805 1814 1856 Hospi-

356 1871 451 1908 talia
469 1884 554 1920 quae
578 1876 695 1907 vocat
714 1868 926 1913 Vitruvius,
950 1881 970 1904 e
990 1867 1130 1918 quibus
1153 1874 1302 1904 actores
1335 1867 1525 1918 prodiisse
1553 1874 1663 1919 puto.
1720 1869 1814 1907 Om-

357 1937 461 1973 nium
482 1948 702 1979 scenarum,
723 1946 821 1984 quas
849 1932 1016 1970 Romani
1043 1933 1081 1969 in
1113 1931 1282 1969 Theatro
1303 1944 1473 1982 unquam
1498 1939 1814 1980 construxerunt,

356 2001 472 2050 longe
494 1999 733 2036 nobilissima
753 1998 824 2035 fuit
844 2011 902 2044 ea,
936 2010 1050 2047 quam
1075 1997 1129 2033 M.
1153 1997 1323 2033 Scaurus
1351 1996 1387 2032 in
1410 1996 1598 2033 aedilitate
1630 2010 1701 2034 sua
1719 2011 1815 2036 con-

358 2064 510 2102 struxit.
567 2063 661 2100 Eam
683 2062 870 2112 triplicem
902 2062 1021 2098 fuisse
1054 2060 1169 2098 refert
1190 2059 1353 2103 Plinius,
1387 2058 1590 2097 altitudine
1623 2061 1713 2097 360.
1749 2074 1815 2099 co-

358 2128 591 2165 lumnarum.
630 2128 712 2164 Ima
728 2140 817 2178 pars
844 2138 972 2164 scenae
989 2137 1222 2162 marmoreos
1243 2124 1380 2161 habuit
1399 2123 1580 2174 parietes,
1604 2137 1680 2161 non
1702 2125 1814 2163 facile

359 2191 518 2229 dixerim
560 2198 686 2229 sectos
726 2204 775 2227 an
815 2189 951 2227 solidis
992 2188 1114 2239 glebis
1147 2188 1302 2238 politos,
1375 2188 1508 2225 Media
1540 2188 1613 2226 fuit
1646 2202 1666 2226 e
1703 2187 1813 2234 vitro,

358 2255 533 2293 inaudito
566 2254 680 2293 etiam
712 2262 847 2304 postea
867 2266 1008 2304 genere
1029 2253 1204 2289 luxuriae.
1264 2252 1432 2288 Summae
1456 2251 1598 2288 tabulis
1628 2252 1813 2289 inauratis

359 2320 565 2365 columnae,
597 2319 683 2356 imae
718 2317 1148 2368 duodequadragenum
1181 2315 1338 2366 pedum.
1417 2316 1539 2365 Signa
1572 2328 1685 2353 cerea
1717 2316 1815 2354 inter

359 2384 562 2422 columnas
585 2384 752 2428 fuerunt,
777 2383 846 2419 tria
869 2381 988 2418 millia
1020 2393 1192 2418 numero.
1252 2379 1329 2417 Sed
1352 2385 1390 2416 ct
1410 2379 1582 2430 reliquus
1603 2386 1812 2431 apparatus

359 2455 492 2486 tantus
522 2447 691 2484 Attalica
709 2453 830 2492 veste,
850 2445 993 2483 tabulis
1021 2445 1147 2495 pictis,
1178 2450 1384 2493 ceteroque
1405 2443 1587 2493 choragio
1608 2443 1692 2489 fuit,
1712 2450 1756 2482 ut
1774 2445 1813 2482 in

359 2510 622 2549 Tusculanam
644 2510 772 2546 villam
804 2510 1008 2561 reportatis
1042 2522 1129 2558 quae
1165 2507 1456 2557 superfluebant
1483 2506 1698 2556 quotidiani
1718 2522 1813 2546 usus

361 2575 524 2620 deliciis,
546 2575 705 2611 incensa
724 2573 817 2610 villa
838 2574 885 2610 ab
907 2572 1011 2610 iratis
1043 2571 1162 2609 servis
1183 2575 1495 2608 concremaretur
1516 2569 1564 2607 ad
1594 2571 1814 2610 sestertium

360 2638 513 2676 millies.
571 2638 782 2675 Scenarum
805 2643 933 2674 autem
959 2637 1028 2685 (ait
1048 2635 1263 2683 Vitruvius)
1289 2646 1433 2685 genera
1453 2639 1543 2670 sunt
1573 2635 1658 2680 tria,
1694 2648 1812 2673 unum

361 2702 467 2753 quod
501 2701 639 2739 dieitur
669 2700 871 2750 tragicum,
905 2705 1020 2751 atque
1054 2698 1092 2737 id
1131 2698 1302 2736 omnium
1338 2696 1691 2735 sumtuosissimum
1712 2698 1810 2736 fuit:

361 2766 524 2805 alterum
543 2764 754 2803 comicum:
786 2763 936 2801 tertium
955 2763 1166 2800 satiricum.
1229 2761 1378 2798 Horum
1399 2765 1526 2798 autem
1543 2768 1702 2800 ornatus
1725 2771 1813 2801 sunt
