1903 3306
423 225 483 255 DE
517 223 713 253 coMlc1S
748 223 1157 253 DiaIENSIONIBUs.
1431 215 1514 255 153

56 320 314 371 junctionem,
346 331 448 363 nam,
484 331 561 355 non
594 317 770 361 collidas,
803 317 898 355 nihil
934 318 1163 355 innovabis:
1195 320 1406 367 proesertirn
1429 333 1517 357 cum

63 384 102 422 in
141 390 291 434 promtu
326 382 473 427 habuit,
494 388 537 418 ut
552 390 641 431 pro‚‘
656 394 758 427 narn,
791 381 1010 432 subjiceret,
1044 394 1224 432 namque.
1282 381 1438 427 Verum,
1471 392 1511 420 ut

64 447 230 484 diximus
251 446 368 484 etiam
388 445 425 481 in
448 445 522 482 alio
543 444 711 494 Prologo
742 444 842 482 idem
865 444 1009 482 factum
1030 450 1102 490 est,
1120 450 1163 481 ut
1183 444 1456 494 geminaretur,
1477 453 1515 483 et

63 517 190 546 recte:
224 508 349 545 minus
377 520 465 545 vero
497 514 600 545 recte
633 520 655 544 a
687 508 845 545 Donato
871 507 908 544 in
938 507 1106 558 Hecyrae
1128 507 1319 557 Prologo:
1361 513 1369 528 ‘
1388 507 1515 558 Prope

58 572 140 623 jam
159 578 386 609 remmotum
407 570 546 621 injuria
566 570 855 608 adversarium.'
899 572 1016 617 Nam,
1043 571 1196 608 tametsi
1220 571 1405 621 geminari
1424 584 1517 608 con-

66 636 238 673 suevisse
271 635 448 681 fatemur,
482 642 610 672 tamen
647 648 724 672 non
745 648 831 672 eum
866 635 986 672 fuisse
1021 634 1164 680 locum,
1202 647 1285 672 eam
1307 634 1516 672 affectandi

64 699 321 744 novationem,
353 698 419 748 qui
445 697 518 735 sibi
550 697 731 742 iambum,
761 697 1086 748 quandocumque
1120 706 1265 749 posset,
1296 698 1516 735 ascisceret„

65 761 187 800 Sicuti
208 773 283 798 non
305 760 431 798 minus
453 760 659 798 infeliciter
679 761 924 799 Priscianus:
955 761 1035 812 qui,
1055 775 1156 807 cum,
1186 761 1375 807 redducit,
1396 762 1518 812 gemi-

65 839 156 862 nare
178 832 322 862 mutam
344 823 505 870 diceret,
524 823 640 874 idque
668 824 846 875 exemplo
877 825 1038 875 probare
1072 825 1201 871 vellet,
1234 825 1366 862 attulit
1396 825 1518 862 dime-

65 895 163 927 trum
199 887 457 924 Horatianum
489 900 536 925 ex
558 886 719 938 Epodo:
764 892 773 907 ‘
792 887 998 925 Redducet
1027 887 1065 925 in
1098 889 1228 926 sedem
1249 888 1357 926 vice?
1414 889 1517 925 Nam

64 951 158 1003 quid
178 950 268 996 aiat,
305 950 336 987 si
358 949 525 1001 negem?
553 964 679 1001 neque
700 951 801 988 enim
826 952 1060 989 necessitate
1081 952 1191 1002 pedis
1222 952 1518 1002 persuadebitur

66 1015 191 1053 nobis.
235 1014 339 1057 Quid
363 1015 392 1052 si
415 1014 649 1053 contendam
668 1029 745 1053 non
768 1028 854 1053 esse
871 1016 1015 1053 factum
1036 1017 1083 1053 ab
1099 1016 1275 1062 Horatio,
1292 1017 1369 1067 qui,
1386 1017 1515 1067 quoad

65 1085 207 1130 potest,
230 1078 380 1115 iambos
401 1079 516 1116 etiam
538 1079 778 1130 aucupatur?
808 1081 936 1124 Quare
971 1080 1087 1130 igitur
1108 1080 1287 1130 abjecerit
1308 1081 1517 1130 genuinum

65 1141 216 1192 pedem,
250 1154 368 1192 quare
402 1141 601 1180 admiserit
634 1143 803 1194 spuriam
838 1143 1002 1189 literam,
1041 1150 1084 1181 ut
1119 1143 1226 1180 illum
1262 1143 1515 1182 excluderet?

67 1205 211 1244 Melius
229 1205 401 1251 fecisset,
423 1207 454 1243 si
476 1219 523 1244 ex
545 1207 698 1258 Hecyra
717 1207 838 1245 illud:
871 1213 879 1228 ‘
899 1207 1116 1245 Remissam
1138 1220 1235 1258 opus
1258 1209 1308 1245 sit
1322 1208 1447 1253 vobis,
1469 1220 1518 1245 an

64 1268 294 1306 redductam
328 1268 510 1307 domum.‘
566 1269 702 1321 Neque
723 1271 874 1316 mirum,
910 1284 998 1321 quae
1030 1271 1082 1315 in,
1116 1270 1251 1316 reddo,
1291 1272 1517 1321 geminetur.

65 1331 110 1368 In
131 1344 249 1369 scena
269 1345 422 1383 quoque
443 1333 554 1383 primi
574 1340 683 1371 actus
705 1335 852 1384 quinta,
887 1347 974 1371 cum
997 1334 1187 1384 Pamphili
1218 1334 1380 1371 orationi
1402 1333 1519 1372 inter-

67 1395 239 1433 venisset
262 1396 401 1446 Mysis,
422 1403 538 1447 atque
553 1397 632 1435 suis
650 1404 810 1448 uterque
829 1411 1003 1436 seorsum
1021 1398 1222 1435 affectibus
1238 1406 1421 1443 uteretur,
1439 1411 1519 1436 ver-

65 1472 132 1496 sus
163 1459 383 1497 interseruit
411 1459 583 1499 diversos
616 1475 773 1512 quoque
802 1462 939 1507 Poeta,
973 1475 1071 1513 quos
1101 1463 1285 1499 Erasmus
1318 1461 1516 1500 confudit:

66 1522 121 1559 sic
141 1521 257 1572 igitur
277 1522 432 1572 legendi
452 1531 565 1562 sunt:
596 1530 605 1545 ‘
622 1525 796 1563 Hoccine
817 1533 876 1562 est
897 1525 1108 1563 humanum
1124 1525 1284 1571 factum,
1304 1532 1372 1563 aut
1387 1526 1519 1576 incep-

65 1585 174 1622 tum?
202 1585 364 1625 hoccine
384 1587 551 1625 officium
572 1588 722 1639 patris?
752 1589 856 1632 Quid
888 1588 984 1626 illud
1005 1596 1065 1626 est
1079 1589 1094 1625 ’ἔ
1125 1589 1230 1627 Proh
1253 1589 1380 1626 Deum
1401 1596 1519 1640 atque

67 1649 267 1696 hominum
286 1649 416 1697 fidem,
449 1650 543 1701 quid
564 1658 637 1698 est,
659 1652 691 1688 si
713 1664 791 1689 non
812 1652 898 1690 haec
917 1652 1153 1690 contumelia
1173 1659 1233 1690 est
1248 1651 1286 1689 Γ
1331 1652 1396 1690 Sic
1416 1653 1520 1691 enim

65 1711 181 1750 etiam
202 1713 278 1751 alio
298 1727 440 1765 genere
471 1715 598 1766 Mysis
618 1716 735 1753 utitur
763 1716 898 1753 iterum
916 1730 924 1754 :
966 1720 976 1737 ‘
994 1716 1179 1753 Miseram
1201 1730 1274 1762 me,
1306 1716 1412 1766 quod
1433 1730 1520 1755 ver·

61 1775 155 1813 bum
177 1776 343 1814 audi02'
389 1777 463 1815 Cui
496 1778 708 1828 respondet
726 1778 823 1816 illud
843 1779 1034 1831 Pamphili
1053 1793 1062 1817 :
1093 1784 1101 1801 ‘
1124 1779 1241 1823 Quod
1277 1780 1307 1817 si
1328 1781 1384 1827 fit,
1404 1794 1520 1832 pereo

65 1838 266 1878 funditus.’
324 1841 366 1878 In
404 1841 541 1879 eadem
568 1848 697 1880 autem
732 1856 850 1891 scena
873 1857 1027 1882 versum
1058 1844 1192 1881 illum:
1240 1848 1250 1864 ‘
1269 1843 1372 1881 Proh
1394 1844 1521 1882 Deum

66 1909 182 1957 atque
220 1903 421 1942 hominum
455 1906 584 1953 fidem,
618 1906 779 1945 nullone
814 1920 887 1958 ego
903 1908 933 1946 ε’
975 1908 1146 1959 appellat
1181 1906 1387 1945 dimetrum
1419 1909 1521 1959 pede

65 1965 322 2014 redundante,
356 1968 443 2007 laxe
470 1982 563 2007 sane
585 1970 712 2008 nimis.
771 1971 869 2008 Nam
892 1972 1144 2022 quamobrem
1170 1983 1248 2008 non
1271 1971 1521 2021 quinarium?

66 2041 195 2079 quare,
216 2043 292 2068 non
327 2031 539 2070 trimetrum
569 2033 1017 2085 brachycatalecticum?
1062 2036 1149 2085 quis
1183 2049 1354 2085 unquam
1375 2036 1523 2074 audivit

67 2106 216 2131 versum
233 2093 352 2132 ullum
368 2095 467 2146 pede
482 2109 569 2134 esse
585 2096 857 2135 redundante?
887 2111 1015 2136 nonne
1033 2098 1116 2149 ipse
1131 2098 1195 2136 ille
1210 2112 1343 2137 versus
1358 2100 1446 2138 talis
1462 2108 1522 2138 est

65 2156 139 2194 hoc
152 2157 236 2207 ipso
251 2157 366 2208 pede,
381 2171 496 2208 quem
512 2159 608 2197 dicis
619 2160 838 2198 redundare
854 2160 868 2197 ’ἶ
891 2161 991 2198 Illud
1007 2175 1161 2213 quoque
1177 2163 1277 2201 male
1291 2163 1521 2214 dignoscere

67 2220 136 2258 visi
148 2227 266 2258 sunt:
296 2234 383 2259 cum
399 2229 511 2260 actus
533 2222 693 2260 secundi
705 2230 892 2274 putarunt
912 2224 1075 2271 initium,
1089 2226 1255 2264 caudam
1269 2239 1354 2265 esse
1370 2235 1522 2277 postre-

66 2283 116 2320 mi
138 2296 284 2329 versus,
313 2297 390 2334 quo
415 2276 611 2324 clauditur
631 2294 743 2324 actus
763 2288 935 2338 primus:
966 2289 1045 2327 sic:
1077 2290 1136 2327 Ne
1169 2290 1218 2327 ad
1251 2292 1425 2328 morbum
1446 2291 1520 2330 hoc

66 2347 208 2391 etiam3
230 2353 367 2385 teneo:
397 2349 491 2399 quid
513 2350 583 2396 ais,
617 2349 832 2401 Byrrhia?’
875 2351 992 2398 Nam,
1022 2359 1064 2390 ut
1092 2352 1167 2390 hoc
1194 2354 1357 2404 primum
1378 2353 1519 2400 dicam,

65 2409 186 2448 multo
207 2411 330 2449 satius
346 2419 420 2458 est,
441 2419 483 2450 ut
500 2413 608 2451 initia
623 2425 780 2452 actuum
800 2414 953 2466 integra
966 2417 1055 2461 sint,
1070 2429 1186 2467 quam
1204 2417 1314 2471 fines.
1369 2418 1521 2456 Deinde

67 2481 229 2525 apparet
247 2476 468 2526 properatio
491 2477 530 2514 in
550 2478 706 2529 Myside
736 2480 916 2526 abeunte,
936 2487 979 2517 ut
998 2480 1223 2532 Glycerium
1243 2481 1520 2520 consolaretur.

65 2536 202 2587 Itaque
222 2539 373 2590 abrupit
393 2552 621 2587 sermonem,
639 2549 756 2593 atque
776 2544 881 2581 abiit.
929 2543 1124 2582 Praeterea
1144 2544 1243 2582 inter
1264 2552 1374 2582 actus
1395 2545 1518 2584 Vetus

66 2600 268 2639 Comoedia
287 2603 540 2644 interserebat
568 2612 822 2658 προσρήματα,
844 2607 997 2653 choros,
1033 2607 1226 2654 deverbia,
1248 2609 1520 2660 apostrophas,

65 2669 181 2713 atque
202 2665 278 2702 alia
297 2665 500 2716 ejusmodi.
558 2668 669 2707 Nova
691 2670 893 2708 Comoedia
925 2684 1010 2709 raro
1052 2685 1223 2722 gregem,
1259 2672 1330 2709 nisi
1361 2673 1398 2710 in
1420 2673 1519 2710 fine.

66 2726 287 2776 Aliquando
325 2730 439 2767 etiam
479 2730 704 2782 Choragum
742 2733 907 2784 legimus
943 2734 1046 2785 apud
1082 2735 1277 2773 Plautum.
1350 2736 1518 2773 Omnino

67 2795 192 2828 autem
207 2790 347 2830 tibicen
368 2794 556 2833 canebat:
587 2796 692 2846 quod
713 2809 733 2835 e
755 2796 952 2837 Pseudulo
982 2798 1072 2837 licet
1091 2799 1308 2850 perspicere
1327 2812 1335 2835 :
1382 2803 1391 2821 ‘
1412 2799 1516 2837 Dum
