1903 3306
350 227 433 267 150
758 237 935 270 sumus
970 237 1139 272 cAESAss
1172 237 1416 269 soAmoER

350 343 424 380 que
446 328 595 368 videtur
616 343 693 368 non
715 331 858 368 minimi
874 330 1012 382 judicii
1032 330 1222 380 quispiam
1240 331 1432 381 neglectis
1450 332 1618 370 numeris
1638 331 1807 385 leporem

349 394 539 444 quaesisse
560 395 767 433 orationis:
800 395 901 431 sicut
931 393 967 429 in
1006 392 1143 430 eadem
1175 393 1354 432 Fabula:
1386 393 1521 432 ‘Nihil
1553 401 1693 445 praeter
1720 410 1809 448 pro-

349 457 534 494 missum.'
589 457 640 494 At
671 470 741 494 nos
774 457 996 506 legebamus
1016 468 1025 493 ι
1059 456 1178 493 Nihil
1203 459 1526 505 proetermissum.
1582 458 1726 497 Verum
1744 461 1808 499 hic

350 521 502 569 argutia
522 520 636 558 etiam
658 520 961 557 dimensionibus
983 531 1095 556 suum
1117 518 1273 569 reliquit
1296 520 1440 566 locum,
1461 521 1505 567 si,
1526 521 1635 568 nihil,
1658 523 1707 560 sit
1727 536 1808 561 mo-

348 583 609 634 nosyllabum,
638 584 742 634 qnod
775 582 1130 633 frequentissimum
1165 589 1238 621 est.
1292 583 1388 621 Vult
1408 583 1550 630 dicere,
1587 585 1807 624 Phaedriam

350 645 443 682 nihil
480 654 751 696 praestaturum
783 659 928 691 eorum,
959 659 1047 695 quae
1082 645 1192 683 militi
1227 642 1522 697 pollicebantur,
1552 661 1678 699 neque
1700 650 1809 700 quic-

348 722 463 759 quam
485 709 591 746 illum
613 716 752 759 praeter
771 709 1004 759 promissum
1024 709 1192 746 laturum
1210 722 1218 746 :
1250 709 1317 746 sed
1358 709 1396 746 in
1425 710 1562 748 eadem
1583 711 1691 762 lepor
1710 725 1807 763 quo-

348 786 424 822 que
458 772 713 810 nitidissimus
747 779 819 817 est,
850 773 894 810 iis
925 772 1125 810 versibus:
1166 776 1175 794 ‘
1199 770 1314 810 Illum
1347 772 1470 823 liquet
1501 775 1593 812 mihi
1633 775 1806 827 dejerare

348 835 546 873 mensibus
569 837 659 880 Sex,
687 842 831 885 septem
855 848 1013 886 prorsus
1034 848 1110 872 non
1132 835 1278 873 vidisse
1298 836 1510 887 proximis.’
1565 837 1700 876 Nostri
1721 841 1806 877 vul-

348 905 436 948 gate
457 898 569 936 nimis
590 899 786 949 legebant,
817 897 889 936 Sex
907 899 965 935 vel
983 903 1134 948 septem.
1192 899 1372 937 Ceterum
1395 906 1434 937 et
1454 913 1476 938 a
1495 913 1656 940 numero
1675 903 1806 941 exclu-

347 961 452 999 ditur
487 962 725 1012 conjunefio,
761 969 801 999 et
833 974 856 998 a
886 961 1073 999 sermonis
1108 962 1300 1012 puritate:
1331 962 1460 1010 sicuti,
1492 977 1578 1002 cum
1614 964 1777 1005 dicimus
1795 980 1804 1004 :

347 1025 642 1076 Quinquaginta
660 1026 746 1077 plus
767 1026 894 1063 minus
916 1038 1039 1063 annos
1061 1033 1176 1063 natus
1198 1039 1296 1063 sum.
1335 1026 1439 1065 Illud
1459 1040 1614 1078 quoque
1635 1028 1802 1081 lepidius

345 1089 499 1127 videtur
517 1090 555 1126 in
578 1090 1018 1128 Heautontimorumeno
1036 1103 1045 1128 :
1076 1094 1086 1111 ‘
1105 1090 1300 1128 Confitere
1322 1089 1394 1128 tu?
1423 1104 1471 1129 au
1492 1093 1671 1140 obsecro,
1701 1093 1804 1133 istuc

345 1153 509 1191 inimicis
532 1153 643 1191 siet:’
675 1166 790 1204 quam
826 1153 931 1204 quod
967 1153 1108 1205 legitur
1141 1154 1188 1191 ab
1223 1154 1386 1192 Erasmo
1408 1161 1448 1192 et
1466 1155 1580 1194 aliis:
1615 1155 1805 1208 Confitere

347 1222 454 1255 tuum
475 1230 552 1254 non
573 1218 677 1254 esse?
708 1217 758 1255 αῘι
778 1217 930 1255 obsecro
949 1222 998 1263 te,
1020 1219 1120 1255 istuc
1140 1218 1311 1256 inimicis
1329 1219 1413 1256 siet.
1471 1219 1724 1269 Splendidior
1743 1227 1806 1259 est

344 1281 466 1318 oratio
487 1280 648 1331 repetita
669 1280 875 1330 negatione
897 1293 1028 1326 sensu,
1049 1292 1127 1318 non
1144 1280 1292 1318 verbis:
1315 1287 1354 1319 et
1372 1294 1535 1320 necesse
1556 1288 1618 1320 est
1635 1283 1691 1321 ita
1710 1283 1803 1335 legi,

343 1345 527 1394 quoniam
546 1344 815 1394 praecedentes
835 1356 967 1382 versus
986 1343 1050 1382 hic
1070 1344 1302 1382 concinnat:
1325 1357 1424 1394 quos
1440 1358 1574 1384 versus
1590 1355 1667 1384 tam
1687 1347 1802 1386 Bem-

343 1407 430 1453 bus,
450 1419 563 1458 quarn
586 1407 770 1444 Erasmus
792 1406 893 1444 male
913 1406 1100 1458 disponit.
1142 1406 1312 1446 Bembus
1334 1407 1410 1446 sic:
1433 1407 1644 1448 Subditum
1663 1423 1701 1448 se
1720 1423 1804 1450 sus-

336 1472 500 1521 picatur
514 1484 527 1508 .·
555 1471 751 1509 subditum
765 1472 783 1509 ?
811 1469 890 1508 ain'
911 1476 953 1508 tu
972 1476 1101 1509 certe:
1130 1472 1186 1509 sic
1206 1473 1294 1518 erit,
1315 1473 1367 1509 mi
1385 1473 1457 1510 vir.
1514 1472 1702 1512 Erasmus
1723 1475 1801 1513 sic:

345 1533 553 1572 Subditum
583 1547 620 1571 se
652 1536 901 1585 suspicatur:
929 1533 1159 1572 subditum?
1186 1534 1266 1572 ain’
1298 1536 1377 1573 tu?
1404 1540 1517 1583 certe,
1547 1537 1718 1587 inquam,
1750 1540 1804 1576 mi

343 1599 416 1635 vir.
474 1598 618 1635 Verum
650 1605 811 1648 uterque
843 1597 995 1648 longior
1025 1605 1101 1644 est,
1122 1597 1373 1636 Erasmianus
1399 1611 1478 1636 una
1498 1599 1674 1650 syllaba:
1705 1600 1803 1639 alter

342 1668 471 1700 autem
492 1661 607 1699 etiam
638 1661 838 1712 pluribus:
868 1673 986 1711 quare
1018 1660 1072 1698 ita
1104 1660 1259 1711 legendi
1295 1667 1400 1708 sunt,
1429 1668 1473 1699 ut
1504 1662 1581 1699 sint
1611 1663 1798 1702 trochaici

341 1725 530 1762 octonarii
551 1724 766 1763 catalectici
778 1720 794 1764 ¹:
826 1725 1036 1763 Subditum
1054 1739 1090 1763 se
1108 1726 1333 1775 suspicatur
1346 1739 1358 1762 .·
1378 1726 1576 1764 subditum
1592 1727 1611 1764 ?
1629 1727 1710 1765 uin’
1729 1730 1802 1767 tu?

340 1794 441 1826 certe
461 1791 629 1840 inquam,
653 1790 719 1826 Mi
737 1790 822 1826 vir:
848 1788 951 1838 confi
955 1793 1032 1825 tere
1053 1789 1125 1825 tu?
1145 1801 1196 1825 au
1216 1789 1381 1834 obsecro,
1404 1789 1504 1827 istuc
1523 1788 1696 1828 inimicis
1715 1792 1800 1830 siet.

342 1852 406 1889 Sic
426 1852 539 1890 etiarn
562 1865 608 1889 ex
629 1852 833 1902 Adelphis,
856 1851 930 1889 illis
951 1851 1104 1889 duobus
1126 1851 1313 1897 versibus,
1334 1858 1470 1890 neuter
1485 1858 1546 1890 est
1561 1852 1796 1892 audiendus.

340 1914 476 1953 Bembi
496 1916 620 1953 codex
641 1916 693 1953 sic
712 1929 721 1953 ε
750 1916 927 1962 Obsecro,
947 1929 1026 1953 mea
1047 1918 1199 1961 nutrix,
1231 1916 1329 1967 quid
1345 1929 1448 1955 nunc
1468 1915 1577 1968 fiet?
1603 1918 1702 1968 quid
1717 1917 1799 1970 fiet

339 1980 486 2030 rogas?
510 1980 625 2018 Recte
644 1979 795 2029 aedepol
813 1992 922 2030 spero
936 1992 948 2014 .·
968 1979 1078 2018 modo
1098 1979 1250 2018 dolores
1270 1993 1347 2018 mea
1368 1985 1412 2017 tu
1434 1980 1631 2030 occipiunt
1646 1983 1797 2032 primu-

339 2042 430 2080 lum.
488 2043 673 2080 Erasmus
695 2042 773 2080 sic:
809 2044 984 2089 Obsecro,
1005 2056 1083 2081 mea
1106 2049 1149 2081 tu
1170 2044 1321 2089 nutrix,
1343 2043 1440 2095 quid
1458 2056 1562 2081 nunc
1574 2043 1684 2095 fiet?
1703 2046 1800 2095 quid

327 2104 405 2156 flet
427 2108 572 2157 rogas?
601 2112 713 2144 recte.
772 2106 875 2157 Ergo
899 2108 1081 2145 Erasmus
1102 2108 1202 2145 male
1222 2107 1392 2145 collocat
1412 2107 1649 2154 adverbium,
1669 2115 1796 2147 recte:

339 2169 508 2206 Bembus
543 2170 643 2207 male
679 2170 823 2207 omittit
857 2183 1084 2220 pronomen,
1119 2178 1159 2208 tu
1178 2184 1187 2208 ε
1226 2178 1270 2208 ut
1303 2171 1380 2208 sint
1412 2171 1565 2209 iambici
1598 2171 1794 2222 quadrati.

338 2232 436 2269 Haec
456 2232 612 2282 quidem
634 2234 838 2270 manifesta
869 2234 999 2279 lectio,
1030 2241 1070 2271 at
1099 2233 1167 2271 illa
1199 2234 1393 2284 ambigua,
1427 2241 1514 2271 utra
1543 2234 1699 2285 probior
1720 2235 1796 2273 sit?

336 2297 382 2333 In
404 2297 845 2336 Heautontimorumeno
875 2306 985 2336 vetus
1019 2298 1214 2349 exemplar
1233 2298 1289 2335 sic
1309 2297 1452 2336 habet:
1485 2298 1688 2336 Hunccine
1708 2304 1792 2336 erat

336 2373 485 2411 aequum
505 2375 548 2399 ex
568 2362 675 2399 illius
694 2375 808 2406 more,
830 2375 879 2399 an
900 2361 1008 2399 illum
1029 2375 1074 2400 ex
1093 2363 1207 2413 hujus
1226 2363 1347 2400 vivere
1362 2363 1381 2400 ,7
1408 2367 1445 2400 et
1467 2361 1584 2406 Quod
1601 2361 1712 2400 illum
1732 2365 1793 2400 in·

335 2424 491 2461 simulat
512 2424 664 2471 durum,
684 2425 729 2464 id
746 2438 823 2462 non
843 2431 919 2462 est:
940 2437 1027 2462 nam
1043 2430 1251 2476 parentum
1271 2426 1434 2475 injuriae
1452 2424 1682 2464 Uniusmodi
1700 2430 1793 2463 sunt

324 2486 479 2535 ferme:
502 2489 624 2537 paulo
657 2490 723 2539 qui
754 2494 809 2526 est
840 2489 948 2527 homo
983 2489 1209 2527 tolerabilis.
1268 2487 1445 2527 Scortari
1475 2488 1607 2526 crebro
1638 2489 1793 2536 nolunt,

335 2550 474 2587 nolunt
504 2552 635 2588 crebro
666 2553 916 2590 convivarier.
974 2552 1140 2590 Bembus
1176 2558 1215 2589 et
1247 2551 1395 2602 aliquot
1427 2551 1561 2589 eximit
1591 2552 1723 2599 verba,
1754 2560 1793 2590 et

336 2612 412 2649 alia
433 2613 528 2650 serie
549 2613 687 2663 digerit
706 2627 911 2652 numeros:
947 2615 1151 2652 Hunccine
1183 2619 1268 2653 erat
1295 2627 1444 2665 aequum
1473 2627 1518 2651 ex
1545 2614 1656 2652 illius
1674 2627 1789 2661 more,

334 2688 385 2712 an
405 2676 513 2713 illum
534 2689 577 2713 ex
598 2676 713 2725 hujus
732 2677 852 2713 vivere
867 2679 884 2714 ?
915 2678 970 2715 Et
992 2677 1096 2728 quod
1112 2677 1220 2715 illum
1241 2676 1439 2716 insimulat
1459 2677 1612 2722 durum,
1647 2677 1694 2715 id
1711 2691 1789 2716 non

334 2744 404 2776 est.
456 2739 553 2776 Nam
568 2744 776 2788 parentum
797 2741 958 2789 injuria>
977 2740 1198 2779 uniusmodi
1219 2745 1312 2778 sunt
1321 2740 1460 2790 ferme.
1509 2739 1689 2778 Scortari
1707 2753 1789 2778 cre-

336 2803 403 2839 bro
436 2802 580 2847 volunt,
615 2802 745 2839 volunt
782 2803 1030 2840 convivarier.
1100 2803 1177 2840 Sed
1215 2815 1392 2842 numeros
1428 2803 1567 2840 obterit
1604 2803 1786 2849 Bembus,
