1976 3296
753 216 1023 247 PRAEFArro.
1557 204 1614 245 23

163 333 286 360 mann
309 313 489 357 Bersuclz
506 328 537 354 e.
559 312 733 368 Systems
755 310 826 351 der
850 309 1111 364 Diplomatilc
1141 309 1195 349 T.
1217 321 1270 350 11.
1291 323 1333 363 p.
1356 308 1448 363 84.)
1467 313 1618 351 noster

166 387 314 429 codex
336 396 469 425 aeram
504 382 626 422 illam
654 379 887 421 antecedit.
948 378 1095 419 Litera
1126 391 1145 417 e
1176 377 1219 417 in
1255 377 1467 431 superiori
1496 381 1619 430 parte

163 455 332 509 apicem
348 451 493 499 habet,
509 448 724 504 (linguam
741 450 872 488 vocat
887 444 1213 487 Schoenemann
1227 447 1255 496 ς)
1269 442 1311 498 s
1321 449 1367 485 et
1378 443 1422 499 f
1426 445 1619 496 longius·

167 522 280 563 culae
314 523 428 568 sunt,
462 517 727 569 ubicumque
749 518 993 563 occurrunt,
1017 519 1060 554 et
1078 512 1188 554 infra
1203 513 1378 563 lineam,
1398 512 1472 553 cui
1490 512 1621 553 insis-

168 594 281 637 tunt,
300 589 524 641 protensae
541 597 551 634 3
573 598 594 623 r
609 583 846 632 interdum,
863 581 1064 635 inprimis
1077 582 1121 622 in
1134 580 1290 622 ultima
1303 580 1418 621 linea
1429 580 1621 633 paginae,

167 662 236 697 est
252 658 478 709 protensa·
539 651 780 692 Rarissime
811 650 1031 701 digamma
1060 648 1282 689 AEolicum
1311 647 1412 688 loco
1435 646 1575 687 literae
1597 645 1622 685 h

167 735 357 777 superne
395 721 467 762 vel
507 725 611 761 ante
640 722 890 772 sequentem
929 717 1100 757 literam
1137 716 1377 769 ascriptum
1420 720 1622 768 apparet,

166 804 203 832 e.
226 804 284 844 gr.
317 794 327 812 ‘
342 787 522 830 ilarum'
557 800 638 841 pro
669 789 681 807 ‘
697 784 910 826 hilarum?
971 784 1024 825 In
1046 784 1239 836 Prologo
1263 782 1456 836 Hecyrae
1482 793 1532 822 11.
1553 782 1621 823 22.

168 858 324 900 offendi
356 857 529 898 literam
567 856 592 894 lc
628 855 673 895 in
696 867 804 895 voce
846 851 1140 902 ‘calamitas,'
1179 855 1222 892 at
1255 862 1473 903 nusquam
1505 849 1624 889 alibi.

170 924 595 980 Frequentissimum
630 923 796 976 signum
828 919 1192 973 interpunctionis
1224 921 1290 958 est
1310 920 1524 970 punctum
1555 915 1625 971 (.).

170 992 375 1034 Occurrit
394 993 524 1033 etiam
546 990 791 1032 semicolon
810 987 867 1044 (3)
895 988 972 1029 sed
994 987 1265 1041 plerumque,
1289 985 1335 1024 ni
1356 984 1500 1034 fallor,
1521 983 1623 1024 line-

169 1061 240 1102 ola
256 1074 394 1102 curva
413 1059 467 1114 (‚)
489 1073 515 1101 a
530 1059 761 1100 recentiori
780 1070 911 1098 manu
929 1056 1083 1098 addita
1105 1060 1188 1095 est.
1249 1053 1431 1106 Signum
1446 1051 1626 1093 interro-

171 1127 303 1181 gandi
323 1141 408 1168 non
429 1140 601 1180 semper
620 1125 806 1167 eandem
823 1125 1005 1177 figuram
1026 1123 1229 1173 exhibet3
1253 1120 1398 1170 credo,
1420 1119 1525 1174 quia
1542 1131 1629 1159 non

169 1195 334 1249 ubique
367 1194 523 1235 eadem
561 1206 718 1234 manus
757 1193 982 1247 apposuit.
1042 1191 1220 1244 Signum
1261 1186 1543 1229 exclamandi
1573 1184 1629 1241 (!)

170 1262 254 1304 hac
272 1262 407 1316 figura
437 1268 480 1312 ἢ,
506 1274 590 1302 non
611 1261 667 1302 ad
684 1260 813 1301 finem
836 1260 976 1309 vocis,
998 1259 1076 1300 sed
1099 1270 1234 1311 super
1253 1256 1398 1297 media
1417 1267 1541 1304 voce,
1573 1254 1630 1295 ad

173 1343 305 1384 quam
327 1331 534 1384 pertinet,
558 1329 629 1370 hic
661 1328 753 1370 illic
774 1328 965 1382 positum
996 1332 1081 1377 est,
1103 1339 1143 1367 e.
1166 1338 1226 1379 gr.
1254 1324 1416 1366 Heaut.
1440 1334 1504 1363 ιν.
1525 1323 1567 1364 1.
1587 1323 1630 1364 7.

173 1410 187 1428 ‘
203 1406 311 1461 quid
331 1393 442 1448 siEt?
464 1418 530 1448 ιν.
547 1407 588 1448 8.
601 1406 672 1447 21.
692 1409 704 1426 ‘
722 1393 890 1457 Aegre?
947 1404 1043 1445 Vix
1065 1402 1198 1445 credo
1217 1402 1330 1443 hanc
1362 1400 1547 1455 figuram
1581 1400 1628 1440 in

173 1473 313 1522 libris,
347 1474 423 1528 qui
457 1473 510 1514 de
542 1486 586 1514 re
613 1473 905 1527 diplomatica
935 1476 1083 1525 agunt,
1105 1474 1360 1512 annotatam
1379 1482 1490 1511 esse.
1543 1467 1631 1509 Co-

173 1541 248 1583 lon
267 1539 325 1597 (z)
345 1546 390 1582 et
409 1555 580 1583 comma
598 1540 653 1596 (‚)
673 1553 892 1594 nusquam
913 1542 1177 1594 comparent.

234 1609 424 1664 Sequior
443 1622 602 1650 manus
615 1609 659 1650 in
681 1608 824 1662 prima
843 1607 1013 1649 codicis
1033 1607 1197 1661 pagina
1209 1618 1377 1656 omnes,
1394 1606 1438 1646 in
1451 1617 1633 1658 sequen-

176 1677 297 1718 tibus
315 1690 450 1732 quam
470 1677 681 1731 plurimas
697 1677 848 1717 literas
862 1679 1105 1716 atramento
1122 1674 1301 1728 nigriori
1315 1672 1634 1726 superinduxit,

178 1748 224 1786 et
261 1745 437 1786 nomina
473 1743 764 1798 loquentium,
806 1755 907 1796 quae
950 1743 1138 1797 primum
1179 1745 1425 1783 atramento
1465 1740 1636 1794 scripta

180 1816 318 1862 erant,
338 1812 475 1852 minio
501 1811 665 1862 illevit;
685 1815 847 1864 postea
868 1816 1015 1851 tamen
1036 1810 1134 1863 ipse
1157 1809 1304 1850 scriba
1329 1809 1374 1849 in
1397 1807 1634 1849 exarandis

178 1880 429 1920 nominibus
450 1880 580 1920 rubro
616 1878 761 1919 colore
794 1891 903 1918 usus
935 1883 1017 1918 est.
1075 1877 1164 1918 Per
1189 1881 1329 1918 totum
1352 1876 1551 1917 codicem
1570 1888 1636 1916 re-

180 1948 346 1989 centior
366 1959 523 1987 manus
544 1946 726 1986 multum
749 1946 990 1995 innovavit,
1011 1945 1231 1986 lectiones
1249 1943 1421 1993 delevit,
1438 1944 1551 1984 alias
1573 1944 1636 1984 in-

179 2014 393 2064 troduxit,
411 2027 556 2068 neque
578 2027 605 2055 a
626 2013 850 2055 mutandis
868 2013 1297 2067 interpunctionibus
1318 2011 1543 2052 abstinuit.
1594 2033 1597 2035 v

240 2081 355 2133 Quae
375 2083 585 2124 hactenus
621 2082 675 2123 de
706 2082 848 2123 forma
872 2082 1096 2123 literarum
1124 2082 1349 2134 totiusque
1370 2079 1538 2121 codicis
1560 2092 1637 2120 ex-

182 2155 304 2192 terna
324 2149 380 2191 ad
402 2149 729 2204 dijudicandam
751 2149 845 2202 ejus
867 2149 1170 2203 antiquitatem
1193 2148 1433 2202 disputavi,
1461 2159 1518 2187 ex
1541 2160 1637 2201 spe—

185 2218 344 2258 cimine
373 2218 638 2259 characteris
662 2219 704 2259 in
726 2230 788 2258 aes
817 2217 960 2258 inciso
981 2217 1026 2257 in
1050 2216 1246 2257 secundo
1267 2215 1399 2270 hujus
1427 2215 1637 2256 editionis

185 2289 323 2334 tomo,
343 2285 600 2339 propediem
628 2285 877 2338 proditum,
905 2286 1091 2326 clariora
1111 2284 1213 2325 fient
1234 2289 1280 2324 et
1301 2284 1486 2325 certiora
1501 2283 1637 2324 lecto-

183 2353 308 2393 ribus
330 2353 437 2393 artis
459 2352 757 2406 diplomatica}
772 2352 929 2405 gnaris.

241 2420 386 2460 Totus
408 2419 550 2460 codex
564 2420 756 2473 repletus
773 2422 838 2460 est
855 2419 1038 2472 scholiis
1060 2418 1154 2459 sive
1177 2419 1350 2472 glossis,
1373 2430 1476 2471 quae
1502 2417 1638 2471 scrip-

186 2491 242 2528 tae
265 2492 369 2527 sunt
403 2487 537 2528 literis
563 2487 772 2536 exilibus,
807 2487 934 2539 longe
969 2487 1209 2527 maximam
1246 2489 1432 2539 partem,
1452 2484 1539 2525 nisi
1567 2498 1637 2525 me

187 2554 337 2595 omnia
357 2554 528 2605 fallunt,
560 2555 615 2595 ab
636 2554 737 2608 ipso
767 2553 940 2594 codicis
969 2554 1126 2594 scriba.
1187 2552 1313 2593 Idem
1335 2554 1402 2592 est
1422 2555 1639 2592 atramen-

186 2628 294 2673 tum,
335 2623 487 2663 eadem
529 2621 853 2676 orthographia,
896 2621 1049 2663 eadem
1089 2621 1470 2662 abbreviationum
1511 2620 1639 2669 ratio,

190 2691 305 2732 idem
340 2690 561 2732 literarum
594 2690 765 2731 ductus.
826 2689 947 2740 Quin
975 2689 1227 2730 membrana
1261 2688 1365 2741 ipsa
1403 2688 1553 2728 statim
1585 2688 1640 2727 ab

189 2760 315 2800 initio
339 2759 395 2799 ad
418 2759 675 2813 capiendum
690 2765 818 2800 notas
840 2758 1065 2800 destinata
1085 2761 1189 2798 erat.
1247 2756 1368 2797 Nam
1391 2757 1432 2797 in
1454 2756 1640 2796 adverso
