1903 3306
573 231 778 264 ANDRlAE
812 229 1006 260 Ac'r.1v.
1041 230 1107 257 sc.
1143 229 1171 257 1.
1514 214 1598 255 347

145 337 343 389 Ingeram
378 330 497 373 mala
527 328 695 370 multa?
728 331 861 379 atque
894 323 1053 377 aliquis
1090 321 1237 362 dicat:
1270 319 1396 361 Nihil
1425 331 1600 372 promo-

318 412 449 442 vens.

101 510 103 513 .
146 471 335 512 Multum
353 481 362 508 :
393 466 605 507 molestus
627 467 746 503 certe
769 461 809 501 ei
829 461 979 510 suero3
1005 461 1136 510 atque
1157 457 1302 496 animo
1322 468 1486 495 morem
1508 467 1602 507 ges-

98 529 100 531 *
317 547 435 576 sero.

148 606 239 646 PA.
270 602 473 650 Charine,
501 605 546 641 et
574 612 660 648 me,
692 601 737 637 et
765 600 809 636 te
832 593 1109 649 imprudens,
1142 589 1230 631 nisi
1252 588 1358 642 quid
1381 588 1441 629 Di
1463 587 1603 641 respi-

319 671 456 719 ciunt,
478 666 665 721 perdidi.

151 740 239 781 CH.
270 738 408 787 Itane,
428 733 716 788 imprudens?
756 731 934 773 tandem
954 730 1134 771 inventa
1158 727 1214 768 'st
1236 739 1398 768 causa:
1430 725 1605 766 solvisti

150 864 239 905 PA.
271 804 622 913 Qlfiiltflttelziidem?
682 857 773 899 CH.
803 856 949 897 Etiam
969 867 1084 895 nunc
1110 866 1180 893 me
1212 852 1373 893 ducere
1393 850 1492 891 istis
1513 849 1606 890 dic-

322 931 380 970 tis
401 928 619 982 postulas.
1550 917 1607 957 20

152 998 239 1039 ΡΑ.
271 997 393 1048 Quid
415 997 533 1037 istuc
556 995 651 1036 est?
703 993 790 1035 Cn.
823 993 1071 1045 Postquam
1093 1002 1163 1029 me
1187 1000 1335 1029 amare
1357 985 1608 1047 dixu-com:

323 1064 493 1118 placita
515 1066 585 1104 est
604 1062 698 1104 tibi.
1552 1042 1598 1047 ’Ψ

155 1133 261 1174 Heu
291 1145 362 1173 me
389 1129 624 1173 miserum!
664 1128 739 1182 qui
771 1132 895 1168 tuum
924 1126 1115 1167 animum
1153 1137 1210 1165 ex
1242 1123 1386 1164 animo
1407 1121 1610 1175 spectavi

324 1212 439 1241 meo.

155 1268 245 1310 PA.
277 1267 440 1309 Falsus
462 1279 522 1307 es.
582 1265 670 1306 CH.
702 1263 865 1305 Nonne
888 1261 969 1303 tibi
988 1259 1099 1301 satis
1119 1272 1217 1301 esse
1237 1259 1320 1321 hoc
1343 1257 1485 1300 visum
1507 1256 1612 1298 soli-

323 1335 428 1376 dum
451 1338 520 1375 est
541 1332 764 1386 gaudium,

152 1445 305 1475 lumenam
317 1441 350 1472 in
364 1450 504 1479 uxorem,
520 1441 627 1470 contra
643 1448 732 1478 quam
747 1436 825 1468 mihi
847 1432 1056 1477 promiserat?
1080 1434 1225 1473 Injiciam
1250 1433 1282 1463 in
1307 1440 1378 1464 eum
1402 1432 1500 1462 multa
1518 1432 1613 1461 male-

153 1487 249 1517 dictu.
287 1485 406 1520 Quodsi
420 1484 489 1524 quis
503 1483 608 1513 dicat:
634 1482 726 1512 Nihil
740 1479 907 1521 profeceris
920 1490 930 1515 ;
945 1479 1092 1516 sslicitum,
1105 1476 1300 1517 respondebo,
1343 1475 1475 1512 Saltem,
1491 1474 1519 1504 si
1535 1474 1613 1504 nihil

150 1529 326 1571 proficiam,
349 1526 517 1557 molestiam
533 1526 561 1556 ei
576 1525 765 1560 exhibuer05
790 1526 883 1562 atque
898 1522 1000 1552 animo
1014 1521 1171 1551 obsecutus
1179 1520 1282 1557 fuero.
1328 1519 1394 1548 ΡΛ.
1413 1518 1560 1554 Charine,
1583 1519 1613 1546 et

154 1582 203 1603 me
218 1575 248 1602 et
262 1575 306 1610 te,
321 1570 498 1610 imprudens
512 1572 542 1599 et
557 1568 701 1605 insciens,
717 1566 777 1596 nisi
792 1575 845 1596 nos
862 1564 925 1595 Dii
940 1564 973 1595 in
996 1564 1052 1594 hac
1067 1573 1100 1594 re
1116 1563 1240 1601 jurent,
1252 1561 1385 1601 perdidi.
1430 1561 1499 1591 CH.
1522 1560 1614 1589 Itane

153 1615 331 1654 imprudens
337 1610 474 1650 fecisti?
500 1612 636 1642 Tandem
651 1608 798 1641 invenisti
820 1611 1009 1649 proetextum
1022 1606 1172 1644 fullacioe.
1219 1603 1375 1634 Praeclure
1391 1603 1491 1644 fidem
1508 1604 1614 1632 daiam

152 1657 294 1688 liberasti
308 1655 437 1686 scilicet.
481 1654 547 1685 ΡΑ.
573 1653 657 1689 Quid
673 1653 797 1682 nmdem
823 1651 870 1681 vis
895 1647 1022 1681 dicere?
1067 1649 1137 1680 CH.
1167 1648 1312 1678 Etiamne
1337 1647 1450 1686 quoeris
1475 1655 1522 1675 me
1543 1645 1615 1675 istis

154 1700 248 1730 dictis
265 1699 329 1730 tuis
346 1696 485 1736 saliere?
529 1696 596 1727 ΡΑ.
623 1696 781 1731 Quidnam
802 1693 886 1724 istud
907 1696 967 1731 est,
983 1693 1061 1731 quod
1076 1690 1154 1721 mihi
1168 1688 1301 1728 objicis?
1346 1690 1415 1720 CH.
1444 1689 1614 1728 Postquam

154 1752 202 1773 me
217 1751 321 1773 amare
335 1741 407 1772 dixi
422 1740 650 1776 Philumenam,
672 1737 779 1768 statim
805 1736 900 1767 etiam
914 1735 1030 1775 placuit
1047 1735 1101 1764 illa
1118 1734 1188 1764 tibi.
1236 1733 1309 1763 Heu
1326 1742 1373 1762 me
1389 1731 1547 1768 miserum,
1563 1730 1615 1770 qui

156 1788 241 1816 tuum
256 1784 394 1815 animum
416 1792 456 1814 ex
480 1792 543 1813 meo
556 1780 736 1812 testimari!
780 1779 845 1809 ΡΑ.
868 1779 969 1809 Erras
981 1778 1082 1814 valde,
1102 1776 1250 1814 Charine,
1266 1775 1318 1815 qui
1333 1775 1377 1805 sic
1392 1775 1429 1804 de
1449 1784 1513 1805 meo
1529 1775 1617 1811 inge-

153 1828 206 1858 nio
211 1827 345 1866 judices.
378 1826 446 1857 Cn.
473 1826 583 1856 Nonne
598 1824 658 1855 tibi
682 1823 782 1854 risum
804 1825 848 1853 est
872 1821 949 1852 satis
975 1821 1030 1851 hoc
1045 1829 1106 1851 esse
1124 1820 1282 1858 integrum
1294 1818 1467 1857 guudium;
1490 1816 1615 1847 nisime

766 1917 1005 1930 eeeeeeeeeeee

156 2001 200 2022 eo.
218 1990 285 2023 Gu.
300 1992 330 2021 2.
354 1991 389 2020 ut
405 1998 472 2019 cum
489 1997 534 2019 eo.
580 1987 751 2018 Neutrum
768 1987 887 2017 horum
904 1985 983 2015 milri
998 1983 1134 2015 videtur
1151 1981 1344 2021 genuinum.
1370 1980 1466 2012 Both.
1486 1980 1540 2021 qui
1557 1980 1615 2011 dat

155 2035 307 2065 aut.-16
325 2032 417 2072 Guy.
435 2031 588 2061 solicitat
603 2029 640 2059 τὸ
663 2032 766 2069 atque,
789 2038 957 2068 reponens
985 2031 1030 2058 ae.
1075 2026 1209 2064 Malim,
1240 2025 1268 2054 si
1295 2024 1375 2065 quid
1403 2024 1615 2060 nurtundunr,

156 2076 257 2116 atqui.
283 2075 389 2105 West.
437 2075 539 2113 Atque
555 2082 621 2103 nou
647 2073 772 2112 placet.
820 2072 908 2102 Nam
923 2070 1008 2110 atqui
1025 2069 1102 2099 hab.
1129 2073 1197 2098 vet.
1221 2067 1274 2098 ed.
1292 2066 1380 2107 quod
1401 2066 1491 2097 idem
1509 2067 1617 2098 servit

155 2118 355 2158 objectioni.
381 2117 469 2148 Perl.
514 2116 624 2155 Vulgo
648 2119 740 2155 atque
752 2125 762 2145 .·
792 2115 852 2145 sed
885 2118 968 2144 vett.
997 2111 1075 2142 edd.
1108 2112 1215 2151 atqui.-
1243 2110 1332 2150 quod
1361 2110 1492 2140 melius.
1517 2109 1618 2140 Both.

155 2161 257 2202 Atqui
272 2161 345 2191 vult
357 2164 394 2191 et
415 2159 503 2190 Gov.
548 2159 626 2190 Non
643 2157 860 2197 interrogant
884 2161 962 2196 post
983 2156 992 2172 ‘
1012 2153 1139 2185 multa'
1165 2155 1223 2184 ΒΥ.
1240 2157 1276 2183 et
1291 2153 1468 2183 perh—17
1495 2152 1548 2182 Ne
1567 2158 1618 2182 te-

153 2214 247 2236 mere
259 2203 448 2234 trochaicus
462 2201 547 2232 duos
562 2200 726 2231 iambicus
740 2200 903 2240 excipiat,
915 2202 1067 2229 mutetur
1080 2197 1218 2227 Multum
1232 2196 1263 2225 in
1279 2193 1363 2226 Nil?
1380 2196 1482 2226 Beut.
1500 2196 1616 2235 Vulgo

157 2247 296 2278 seorsim
314 2246 454 2285 ponitur
468 2244 620 2274 Multum.-
646 2243 703 2274 sed
723 2243 788 2274 Gu.
806 2245 835 2274 1.
852 2246 946 2272 recte
961 2240 1141 2281 sequentia
1157 2238 1326 2278 adjungit.
1368 2237 1466 2268 Alter
1483 2248 1616 2279 quoqne

157 2290 226 2321 Gn.
249 2289 353 2320 Multo
369 2289 523 2319 molestus.
547 2287 650 2318 Botlr.
681 2285 851 2326 Adjungit
868 2290 903 2315 et
921 2285 1011 2315 Gov.
1036 2288 1071 2314 et
1089 2283 1150 2313 Br.
1163 2282 1220 2321 qui
1237 2281 1297 2311 dat
1311 2282 1342 2311 in
1358 2286 1438 2311 ante
1455 2282 1464 2298 ‘
1480 2281 1616 2312 animo!

156 2335 241 2364 —20
264 2332 350 2363 Mss.
367 2330 503 2372 quidam
522 2334 558 2360 et
574 2329 744 2360 editorum
759 2327 995 2365 vetustissimi,
1012 2326 1115 2356 etiam
1129 2326 1207 2355 anni
1224 2326 1319 2355 1469.
1336 2325 1489 2354 seducere.
1529 2323 1616 2361 Alii,

155 2376 332 2406 subducere.
351 2374 457 2404 West.
481 2372 591 2403 Codd.
608 2376 778 2410 recentes,
802 2375 940 2401 auctore
965 2368 1108 2406 Panemo,
1136 2367 1267 2398 habent
1293 2368 1459 2401 seduce1·e,·
1485 2367 1617 2407 antiqui

155 2428 251 2457 vero,
264 2419 385 2456 ducere,
401 2415 491 2456 quod
508 2416 634 2456 placet.
680 2415 841 2446 Ceterum
869 2422 984 2443 versus
1016 2411 1129 2452 gratia
1159 2411 1256 2450 lego:
1283 2409 1368 2444 Quid
1396 2410 1442 2439 ita
1465 2410 1588 2440 tandem
1605 2408 1620 2442 ‚²

156 2461 266 2492 Etiam
280 2470 329 2491 me
343 2459 436 2490 dictis
450 2460 560 2489 ducere
576 2457 649 2488 istis
660 2454 824 2497 postulas?
848 2456 950 2486 Bent.
979 2455 1043 2490 Qui
1073 2463 1134 2494 pro
1158 2453 1243 2488 Quid
1266 2452 1371 2482 Both.
1400 2452 1456 2493 qui
1472 2451 1617 2482 interro-

158 2503 305 2544 gationis
321 2503 452 2542 signum
469 2500 609 2531 exhibet
626 2505 705 2540 post
720 2501 729 2516 ‘
746 2499 898 2540 postulas
911 2498 919 2511 ’
935 2507 1010 2529 cum
1026 2497 1086 2528 ΒΡ.
1106 2495 1162 2536 qui
1179 2495 1239 2526 dat
1253 2496 1395 2526 seducere
1411 2504 1485 2525 cum
1500 2494 1618 2526 Guelf.

156 2549 188 2578 1.
202 2549 235 2578 3.
280 2544 590 2585 Inter-rogationem
613 2542 783 2583 approbat
805 2542 1015 2572 Bruns.—23
1039 2539 1074 2570 Si
1090 2539 1182 2578 legas
1198 2539 1284 2576 Non,
1309 2547 1427 2577 versus
1441 2538 1507 2568 erit
1522 2542 1617 2568 octo-

157 2589 270 2622 narius
285 2588 448 2620 trochaic.
462 2586 625 2618 catalect.
644 2586 740 2617 West.
777 2584 831 2617 Ne
845 2585 890 2616 sit
904 2593 1020 2615 versus
1037 2582 1224 2623 impeditus
1237 2585 1276 2612 et
1290 2580 1520 2621 inconcinnus,
1539 2580 1617 2612 sub-

816 2666 961 2699 NOTAE

201 2742 244 2771 20
268 2738 404 2778 Ducere]
442 2736 526 2775 Pro,
563 2734 695 2766 fallere.
741 2732 859 2764 Graeci
918 2730 984 2763 Alii
999 2730 1143 2762 seducere
1160 2729 1288 2771 legunt.

159 2788 287 2829 ὑπάγειν
305 2789 425 2820 eadem
452 2785 702 2829 significatione
729 2783 860 2815 dicunt.
