1945 3296
353 231 409 272 73
911 245 939 273 n
950 244 973 272 1ss
1006 243 1070 272 ΤΗ
1083 242 1259 272 ΕΑΤιῑο.

354 350 400 374 ex
424 337 595 387 gestibus
618 337 858 382 describunt,
879 346 920 374 ut
951 337 986 373 id
1010 336 1114 387 quod
1136 343 1260 386 agunt
1283 336 1410 374 videre
1439 336 1606 374 videare.
1665 337 1812 388 Hujusss

356 400 460 438 modi
490 408 583 438 sunt
603 414 701 451 quos
724 401 809 438 Itali
832 401 1008 451 buffones
1029 401 1144 450 vulgo
1165 407 1319 437 vocant.
1376 401 1600 438 Archimimi
1621 401 1814 451 principes

357 470 449 501 sunt
469 463 711 509 histrionum,
727 464 806 501 hoc
827 471 900 509 est,
935 464 1032 501 inter
1064 463 1271 501 histriones
1293 463 1533 500 solertissimi
1561 471 1600 501 et
1618 463 1814 501 excellen-

356 527 506 565 tissimi.
583 527 764 577 Ethologi
807 527 925 572 mimi,
971 533 1038 563 aut
1069 525 1252 577 ethopoei,
1291 539 1440 564 morum
1479 533 1571 565 sunt
1607 528 1813 573 effictores,

356 591 644 642 affectuumque
674 591 955 642 cujuscumque
996 604 1175 641 personae
1208 604 1326 641 quam
1359 591 1565 637 sustinent,
1599 598 1666 629 aut
1696 604 1811 642 quam

355 661 481 706 agunt
502 663 541 693 et
556 655 727 692 referunt
748 656 785 692 in
813 668 946 699 scena,
966 653 1071 691 unde
1094 654 1303 704 ethopoeia,
1323 667 1471 692 morum
1494 654 1707 692 alienorum
1729 654 1814 691 imi-

354 719 479 757 tatio:
510 725 549 756 et
568 719 684 756 ethici
706 718 873 768 pictores
900 730 946 755 ac
981 716 1155 754 statuarii
1192 717 1298 763 dicti,
1318 718 1384 768 qui
1417 731 1508 755 suas
1543 718 1731 768 imagines
1762 718 1816 755 ita

357 782 590 833 depingunt,
626 788 694 819 aut
724 781 882 827 coelam,
917 790 960 818 ut
981 780 1162 818 sensibus
1184 782 1379 831 expressis
1416 781 1699 832 propemodum
1735 782 1814 831 spi—

355 854 454 884 rent.
530 845 742 897 Thymelici
782 846 880 882 inter
911 845 1088 883 scenicos
1118 851 1270 882 actores
1310 852 1415 891 sunt,
1456 845 1532 883 hoc
1569 852 1645 891 est,
1692 845 1815 883 citha-

357 911 466 955 roedi,
495 910 722 955 citharistae,
757 909 917 961 lyristae,
950 908 1140 947 tibicines.
1206 909 1436 955 Citharoedi,
1468 910 1536 960 qui
1569 917 1609 948 et
1639 909 1815 948 fidicines

357 975 554 1021 dicuntur,
574 974 732 1012 citharae
754 973 999 1011 accinebant.
1055 973 1279 1011 Citharistae
1299 973 1488 1011 citharam
1513 980 1665 1011 tantum
1686 974 1817 1026 pulsa-

356 1039 466 1083 bant,
488 1050 564 1074 non
588 1044 718 1074 autem
735 1036 981 1075 accinebant.
1027 1036 1261 1087 Hujusmodi
1282 1037 1476 1089 thymelici
1494 1051 1561 1088 per
1579 1037 1817 1077 orchestram

356 1104 600 1154 praestabant
621 1102 794 1140 actiones
817 1115 923 1140 suaS.
965 1101 1076 1139 Ludii
1097 1102 1177 1139 sive
1199 1101 1378 1139 ludiones
1399 1104 1459 1151 (ut
1472 1102 1554 1153 jam
1575 1102 1721 1140 dictum
1743 1105 1820 1151 est)

357 1168 381 1205 ii
402 1173 512 1205 erant
531 1166 597 1217 qui
617 1165 855 1203 Comoediam
878 1165 1107 1203 recitabant.
1166 1166 1209 1202 In
1242 1178 1288 1202 ea
1321 1166 1422 1203 enim
1453 1165 1656 1204 recitanda
1681 1167 1818 1204 mirum

356 1230 429 1268 fuit
450 1231 667 1268 artificium.
726 1229 826 1268 Nam
847 1230 1001 1268 cantica
1031 1231 1345 1281 temperabantur
1379 1230 1519 1276 modis,
1547 1244 1625 1269 non
1646 1244 1670 1269 a
1688 1233 1818 1282 poeta,

360 1295 430 1334 sed
451 1309 473 1333 a
490 1294 614 1347 perito
633 1295 725 1332 artis
749 1294 908 1332 musicae
928 1295 1041 1332 factis
1061 1307 1070 1332 ε
1102 1308 1228 1345 neque
1259 1295 1362 1332 enim
1383 1295 1514 1332 omnia
1533 1295 1672 1333 iisdem
1695 1295 1818 1333 modis

358 1360 398 1397 in
419 1372 496 1397 uno
517 1359 671 1397 cantico
706 1360 937 1409 agebantur,
971 1359 1040 1397 sed
1074 1372 1179 1410 saepe
1212 1359 1397 1396 mutatis:
1426 1366 1470 1397 ut
1490 1359 1726 1410 significant,
1756 1360 1822 1410 qui

359 1432 436 1462 tres
457 1437 638 1462 numeros
661 1424 699 1460 in
721 1423 934 1461 Comoediis
954 1430 1118 1475 ponunt,
1151 1423 1216 1474 qui
1249 1430 1326 1461 tres
1348 1423 1552 1461 continent
1571 1422 1708 1460 modos
1727 1432 1821 1461 can‘-

359 1489 425 1526 tici
447 1487 564 1526 illius.
620 1488 694 1531 Qui
726 1486 949 1536 hujusmodi
981 1486 1118 1524 modos
1150 1487 1361 1532 faciebant,
1390 1499 1532 1524 nomen
1565 1487 1603 1524 in
1633 1487 1822 1538 principio

362 1552 520 1590 Fabulae
544 1558 583 1589 et
617 1551 813 1603 scriptoris
833 1557 872 1587 et
899 1551 1043 1588 actoris
1071 1552 1402 1602 superponebant.
1463 1551 1700 1601 Hujusmodi
1721 1550 1823 1588 adeo

362 1617 535 1655 carmina
556 1616 605 1654 ad
625 1616 737 1654 tibias
758 1615 916 1661 fiebant,
937 1622 981 1653 ut
1014 1615 1074 1653 his
1096 1615 1240 1653 auditis
1263 1615 1373 1653 multi
1393 1628 1440 1652 ex
1464 1615 1611 1666 populo
1632 1623 1722 1653 ante
1742 1614 1823 1652 dis-

362 1689 509 1727 cerent,
532 1694 648 1731 quam
668 1680 856 1718 Fabulam
878 1680 1001 1718 acturi
1036 1680 1178 1718 scenici
1209 1686 1355 1725 essent,
1390 1693 1507 1730 quarn
1533 1679 1692 1716 omnino
1711 1692 1823 1729 spec-

361 1746 550 1783 tatoribus
572 1745 665 1795 ipsis
687 1743 922 1782 antecedens
939 1743 1075 1781 titulus
1088 1744 1415 1794 pronuntiaretur.
1474 1744 1674 1794 Agebatur
1694 1749 1823 1780 autem

362 1809 480 1847 Tibiis
501 1809 674 1859 paribus,
695 1815 762 1846 aut
793 1808 1032 1859 imparibus3
1074 1815 1113 1845 et
1147 1808 1310 1853 dextris,
1341 1814 1409 1844 aut
1427 1807 1607 1845 sinistris.
1664 1807 1823 1845 Dextrae

365 1879 495 1910 autem
518 1872 620 1909 tibiae
642 1885 714 1909 sua
741 1872 932 1922 gravitate
962 1871 1101 1908 seriam
1134 1871 1346 1908 Comoediae
1368 1871 1576 1909 dictionem
1596 1870 1825 1921 pronuntia·

362 1937 470 1974 bant.
527 1936 704 1973 Sinistrae
738 1943 776 1974 et
797 1949 966 1973 serrauae
996 1936 1183 1973 acuminis
1216 1936 1375 1973 lenitate
1400 1935 1532 1986 jocum
1556 1935 1592 1971 in
1623 1933 1826 1972 Comoedia

364 2000 638 2038 ostendebant.
699 2000 773 2038 Ubi
800 2006 930 2038 autern
963 2000 1099 2038 dextra
1133 2006 1172 2037 et
1204 1999 1362 2037 sinistra
1396 2007 1484 2037 acta
1514 1999 1663 2036 Fabula
1689 1997 1826 2035 inscri-

364 2066 543 2111 bebatur,
563 2065 703 2102 mistim
719 2065 798 2115 joci
819 2072 857 2102 et
878 2065 1087 2115 gravitates
1110 2064 1452 2102 denuntiabantur.
1494 2062 1602 2099 Mimi
1618 2068 1685 2101 aut
1701 2061 1826 2105 Ludii,

366 2128 459 2166 dum
481 2129 665 2178 agebant,
688 2129 942 2165 assumebant
961 2128 1078 2179 capiti
1099 2140 1301 2179 personas,
1322 2127 1396 2165 hoc
1412 2133 1484 2173 est,
1501 2126 1688 2164 confictas
1703 2125 1828 2163 varia-

366 2205 448 2229 rum
470 2205 727 2242 personarum
749 2193 888 2231 facies:
919 2193 979 2230 vel
1012 2192 1173 2230 reticulo
1208 2191 1331 2229 denso
1351 2191 1470 2229 facies
1501 2190 1750 2234 obvelabant,
1780 2202 1827 2227 ne

367 2263 687 2306 agnoscerentur.
747 2257 806 2294 Ita
825 2257 943 2294 etiam
959 2256 1124 2294 instituti
1144 2262 1255 2294 erant
1275 2254 1497 2306 hujusmodi
1517 2254 1738 2299 histriones,
1761 2260 1829 2290 aut

368 2320 488 2366 mimi,
509 2327 551 2358 ut
571 2327 610 2357 et
629 2320 803 2370 corporis
825 2327 953 2358 motus
976 2320 1162 2358 decentes
1179 2319 1353 2358 facerent
1370 2333 1379 2356 ε
1410 2318 1580 2369 denique
1596 2317 1713 2355 etiam
1733 2329 1828 2354 can-

368 2391 430 2422 tus
453 2396 497 2422 ac
519 2384 757 2434 prolationes
779 2384 996 2423 secundum
1027 2384 1165 2422 modos
1194 2383 1324 2422 edocti
1358 2389 1482 2428 erant,
1512 2395 1601 2433 quae
1632 2381 1767 2418 mirum
1788 2381 1828 2418 iu

367 2448 525 2486 modum
566 2449 751 2499 populum
791 2449 1027 2487 afficiebant.
1095 2449 1147 2486 Hi
1181 2448 1296 2486 simul
1331 2447 1457 2485 coacti
1490 2446 1530 2484 in
1569 2457 1726 2496 quoque
1762 2450 1830 2494 ge-

369 2525 473 2558 nere,
495 2520 562 2550 aut
582 2519 802 2555 cantantes,
824 2519 891 2550 aut
911 2513 1102 2550 saltantes
1123 2511 1422 2563 appellabantur
1449 2509 1601 2547 Chorus
1619 2522 1628 2546 :
1657 2508 1770 2546 divisi
1789 2509 1828 2545 in

369 2577 468 2614 duas
499 2582 642 2626 partes,
675 2576 926 2614 Semichoria.
997 2576 1041 2612 In
1077 2575 1228 2613 actione
1262 2581 1393 2612 autem
1429 2572 1658 2618 Comoediae,
1695 2584 1831 2610 eorum

371 2638 489 2688 aliqui
512 2639 653 2689 primas
676 2647 822 2688 parteS,
861 2639 924 2676 alii
955 2638 1151 2676 secundas
1184 2644 1315 2675 tenere
1347 2637 1587 2682 dicebantur,
1619 2648 1690 2686 pro
1715 2636 1830 2674 variis

372 2710 530 2741 actuum
570 2702 807 2740 rationibus:
850 2715 982 2740 eorum
1019 2702 1121 2740 enim
1154 2702 1218 2739 alii
1246 2701 1449 2752 prologum
1481 2700 1675 2745 dicebant,
1703 2699 1765 2737 alii
1791 2700 1830 2737 in

373 2767 544 2812 nuntios,
566 2765 846 2816 exploratoreS,
867 2766 1067 2812 custodes,
1090 2778 1236 2811 servos,
1256 2764 1410 2810 heroas,
1433 2764 1555 2810 Deos,
1576 2776 1703 2810 senes,
1724 2776 1830 2801 ama-
