1903 3306
316 213 402 255 360
814 222 854 250 P.
886 218 1129 251 TERENTH
1164 218 1281 250 Arm

320 316 521 371 Reliquit
539 329 609 358 me
629 316 776 376 hogio,
799 320 934 368 atque
956 314 1080 355 abiit.
1126 313 1219 354 DA.
1241 312 1307 354 Di
1325 315 1518 354 vostram
1539 311 1697 354 fidem!
1746 312 1775 354 5

320 384 440 434 Quid
461 386 600 426 turbae
621 389 692 425 est
711 383 833 436 apud
855 381 1018 422 forum!
1051 381 1155 440 qugd
1179 380 1270 421 illic
1290 380 1514 434 hom-{grum
1533 380 1732 433 litigant!

319 451 432 491 Tum
455 464 629 492 annona
652 462 756 491 cara
775 448 854 490 ’st2
886 447 992 501 quid
1014 447 1161 488 dicam
1182 447 1317 498 aliud,
1336 448 1501 488 nescio.

321 517 425 558 MY.
458 517 546 557 Cur
572 521 620 559 tu
641 517 828 558 obsecro
859 514 932 555 hic
966 526 1037 554 me
1071 514 1242 554 solam?
1304 514 1398 555 DA.
1431 513 1548 564 Quae
1580 518 1650 556 est
1678 514 1776 557 haec

490 583 673 625 fabulas?

322 651 435 700 Eho,
455 650 616 704 Mysis,
638 661 747 703 puer
766 648 837 689 hic
857 647 973 688 unde
995 649 1063 688 est
1078 648 1097 687 ‘l
1130 647 1286 700 quisve
1305 647 1389 687 huc
1411 647 1560 688 attulit
1573 648 1592 687 ’ἓ

324 717 425 758 ΜΥ.
448 716 588 758 Satin'
608 728 745 758 sanus
766 728 830 766 es,
862 715 940 769 qui
976 727 1044 756 me
1073 714 1119 756 id
1150 714 1344 767 rogites?
1405 714 1499 755 DA.
1530 713 1677 765 Quem
1696 728 1776 768 ego

494 785 626 837 igitur
645 795 810 836 rogem,
1197 774 1264 787 Ἀ
1721 783 1779 824 10

324 851 416 902 Qui
436 852 508 893 hic
529 852 749 893 neminem
770 850 908 891 alium
925 849 1135 891 videam?
1196 847 1284 889 CH.
1315 847 1472 898 Miror,
1493 848 1606 890 unde
1627 849 1702 891 sit.
1744 876 1752 882 --
1773 853 1780 876 ‘

1746 881 1778 905 μὴν.
1789 883 1799 894 J

327 921 418 960 DA.
442 919 671 961 Dicturan’
692 931 739 959 es
760 917 878 971 quod
897 918 1039 969 rogo?
1101 916 1205 958 MY.
1224 915 1312 956 Au.
1371 916 1464 958 DA.
1496 915 1700 958 Concede
1722 911 1780 958 ad

500 987 743 1027 dexteram.

325 1095 463 1135 reliquit.
510 1095 581 1125 DA.
609 1093 668 1124 Dii
692 1096 826 1124 vestram
842 1092 969 1134 fidem!
991 1095 1123 1132 quantus
1146 1092 1296 1123 tumultus
1311 1091 1345 1123 in
1363 1090 1460 1130 foro,·
1484 1095 1598 1132 quanta
1615 1091 1780 1123 multitudo

326 1139 482 1168 hominum
497 1140 555 1175 est,
569 1137 621 1176 qui
636 1136 701 1166 illic
716 1136 844 1174 litigant
857 1134 872 1167 ,7
897 1135 976 1165 Tum
991 1145 1110 1165 αηηοηα
1126 1144 1200 1166 cara
1215 1138 1271 1166 est.
1318 1135 1443 1175 Nescio,
1465 1135 1538 1174 quid
1560 1135 1645 1165 aliud
1666 1135 1780 1166 dicam.

329 1182 405 1212 Mv.
431 1181 497 1211 Cur
512 1183 559 1216 tu,
574 1189 689 1219 quaeso,
704 1178 753 1208 hic
775 1187 823 1208 me
835 1178 930 1208 solam
946 1176 1125 1217 reliquisti?
1170 1178 1239 1208 DA.
1263 1177 1359 1217 Hem,
1376 1187 1517 1217 quamam
1527 1176 1641 1215 fabula
1656 1178 1707 1208 hic
1717 1178 1785 1216 agi·

329 1222 404 1254 rur?
431 1223 511 1261 Eho,
533 1222 648 1262 MysiS,
663 1222 743 1252 unde
755 1229 831 1260 puer
845 1220 896 1250 hic
908 1220 1022 1250 allatus
1036 1223 1079 1250 est
1089 1218 1105 1251 ί)
1131 1220 1245 1255 Quisve
1256 1219 1335 1250 hunc
1347 1220 1486 1259 portavit
1501 1219 1558 1250 huc
1568 1218 1584 1251 ἶ)
1629 1220 1707 1251 MY.
1723 1219 1783 1250 Sa-

329 1267 411 1296 tisne
426 1265 522 1295 animi
537 1273 629 1295 sanus
645 1273 688 1303 es,
706 1264 759 1302 qui
781 1263 835 1292 hoe
859 1272 878 1292 a
903 1271 950 1292 me
975 1261 1121 1301 quoerus?
1165 1262 1233 1292 DA.
1260 1262 1357 1296 Quem
1383 1262 1484 1301 igitur
1508 1262 1709 1301 interrogem,
1731 1262 1784 1302 qui

329 1309 479 1338 neminem
494 1307 544 1337 hic
566 1306 674 1344 alium,
700 1314 790 1345 quam
813 1308 843 1335 te
858 1302 973 1335 video?
1019 1304 1088 1335 CH.
1113 1304 1218 1335 Miror
1233 1306 1313 1334 unde
1328 1304 1380 1334 sit.
1426 1305 1498 1335 DA.
1524 1304 1783 1344 Respondebisne,

330 1351 448 1391 Mysis,
462 1351 502 1380 ad
516 1349 560 1390 id,
585 1349 663 1389 quod
686 1345 811 1388 quoero?
853 1347 931 1378 MY.
953 1346 1017 1378 Au.
1063 1347 1134 1378 DA.
1162 1347 1242 1378 Veni
1264 1348 1305 1377 ad
1325 1347 1496 1378 dexteram.
1540 1347 1620 1378 MY.
1645 1346 1783 1386 Desipis.

937 1440 956 1450 ο·
962 1439 1181 1451 '‘moe-ee

332 1508 455 1538 ssr.—5
481 1507 653 1538 Ed.1490.
671 1506 811 1546 Reliquit
826 1515 874 1536 me
900 1506 986 1536 homo
1001 1506 1045 1535 sic
1069 1505 1165 1535 solam
1179 1515 1189 1535 .·
1211 1503 1302 1535 forte
1328 1503 1493 1544 scriptum
1520 1502 1647 1543 fuerat,
1674 1502 1724 1534 hic
1738 1512 1786 1534 so-

332 1551 418 1581 lam:
442 1550 531 1590 quod
554 1559 573 1580 e
590 1558 686 1579 versu
703 1555 824 1580 octavo
840 1548 947 1588 possit
975 1547 1082 1578 videri
1105 1546 1302 1587 repetitum.
1331 1547 1498 1579 West.—6
1520 1546 1622 1576 Varie
1641 1546 1713 1577 baec
1737 1546 1786 1576 le-

334 1598 471 1633 guntur.
502 1592 580 1624 Jam
599 1592 726 1622 Donati
745 1595 848 1621 aetate
865 1591 1003 1628 lectum,
1019 1591 1094 1630 quid
1109 1589 1174 1620 illic
1186 1590 1342 1620 hominum
1355 1587 1492 1627 litigat!
1509 1588 1736 1628 Mss.quidam
1751 1591 1787 1619 et

333 1636 574 1676 impressorum
604 1634 836 1673 vetustissimi,
860 1637 932 1673 quot
956 1633 1021 1663 z'llic
1037 1632 1191 1663 hominum
1209 1631 1364 1671 litigant!
1387 1631 1440 1663 Id.
1486 1631 1550 1662 Est
1566 1631 1622 1671 qni
1639 1629 1788 1670 refingat

334 1681 381 1709 est
403 1679 442 1708 ad
456 1677 577 1714 sorum.
622 1677 763 1714 Melius,
779 1677 912 1716 opinor,
935 1675 1024 1716 Guy.
1052 1676 1135 1710 Quid
1158 1678 1182 1706 t.
1207 1684 1257 1714 op.
1278 1672 1447 1712 forumst?
1469 1673 1543 1713 quid
1567 1673 1631 1704 illic
1647 1673 1679 1704 h.
1694 1673 1716 1704 l.
1734 1673 1790 1704 vel

335 1721 410 1760 quid
434 1721 512 1751 illud
528 1719 694 1750 hominum.
718 1719 821 1749 Bent.
870 1718 951 1754 Quot
969 1718 1053 1749 GM.
1067 1718 1099 1748 in
1115 1726 1222 1757 marg.
1247 1717 1330 1748 Per-1.
1378 1716 1463 1752 Quid
1478 1719 1503 1747 t.
1516 1715 1605 1756 ap.f.
1618 1715 1690 1747 est!
1714 1716 1789 1755 quid

335 1762 492 1794 hominum
517 1762 646 1802 litigant
668 1762 836 1792 Boiu—⁷
860 1760 914 1791 An
932 1761 1016 1792 Num
1031 1770 1062 1791 α.
1078 1769 1152 1790 cara
1167 1757 1239 1791 est?
1271 1759 1537 1790 Westerhovius.
1583 1758 1669 1793 Quid
1687 1758 1790 1788 dicam

335 1806 433 1844 aliud,
449 1805 561 1836 nescio.
607 1804 663 1835 Ita
686 1804 827 1835 distinxi
856 1813 933 1834 cum
961 1803 1039 1834 edd.
1062 1802 1364 1842 praestantissimis,
1387 1802 1545 1840 Junfina,
1562 1800 1700 1839 Aldina,
1715 1800 1791 1831 Ste-

336 1848 451 1889 phani,
479 1848 565 1878 aliis.
610 1847 744 1886 Vulgo:
768 1845 841 1886 quid
866 1846 967 1876 dicam
992 1843 1104 1876 aliud?
1132 1845 1246 1875 nescio.
1293 1844 1364 1875 Cic.
1388 1843 1464 1875 Att.
1488 1852 1567 1874 ΧΠ.
1595 1846 1647 1874 15.
1670 1843 1679 1859 ‘
1695 1842 1791 1874 Nihil

337 1891 426 1921 enim
443 1890 550 1921 habeo
564 1889 667 1928 aliud,
691 1889 780 1929 quod
797 1887 930 1920 dican1.'
954 1888 1004 1918 Id.
1049 1887 1234 1926 Vulgatum
1254 1886 1358 1917 habet
1383 1887 1423 1917 Z.
1470 1886 1554 1921 Quid
1569 1885 1681 1925 dicum,
1705 1885 1792 1916 aliud

337 1933 437 1964 nescio
463 1934 585 1963 Br.-—8
609 1931 673 1962 Ed.
690 1934 786 1962 1469.
831 1930 916 1962 Hem
938 1940 1017 1969 quoe.
1040 1930 1149 1961 West.
1173 1930 1295 1960 Plures
1312 1933 1348 1959 et
1363 1929 1518 1959 meliores
1535 1927 1636 1959 codd.
1654 1926 1792 1958 concin—
1855 1918 1858 1922 ’

341 1976 429 2015 nius,
444 1975 541 2013 Hem,
557 1984 625 2014 quae
637 1975 701 2004 hoec
722 1977 765 2004 est
775 1971 914 2011 fabula?
937 1972 1038 2003 Bent.
1082 1972 1138 2002 Ita
1163 1971 1247 2002 dant
1263 1971 1366 2004 Both.
1389 1971 1481 2002 Perl.
1527 1970 1612 2001 Hem
1636 1969 1740 2001 habet
1755 1974 1792 2001 et

341 2019 490 2049 ssr.-10
504 2017 544 2048 ln
559 2018 599 2048 R.
614 2015 652 2046 τὸ
667 2026 698 2047 es
714 2016 941 2046 desideratur.
955 2014 1051 2045 Lind.
1077 2014 1237 2046 Quamvis
1260 2018 1380 2044 contra
1395 2023 1512 2044 omnes
1528 2011 1628 2047 codd.
1644 2021 1788 2053 repone:

342 2060 436 2091 Satin
451 2060 564 2097 sdnu's,
587 2059 634 2090 me
650 2059 702 2099 qui
720 2059 753 2089 id
774 2055 915 2097 rogites?
944 2056 1044 2092 Quem
1059 2056 1162 2096 igitfcr
1176 2054 1307 2096 rogem?
1331 2056 1397 2086 Vel
1421 2056 1508 2087 ictus
1531 2055 1596 2095 ipsi
1623 2055 1705 2085 satis
1727 2054 1793 2085 hoc

341 2103 499 2143 probant.
524 2103 623 2133 Bent.
669 2101 816 2132 Accedit
830 2100 925 2131 Perl.
974 2099 1020 2129 Es
1030 2099 1124 2130 delet
1143 2099 1328 2130 Both.—ll
1354 2099 1484 2130 Omnes
1497 2097 1621 2129 Faerni
1638 2101 1674 2128 et
1686 2096 1794 2128 nostri

341 2146 418 2176 libri
446 2146 571 2177 habent
597 2144 729 2183 videam,
757 2153 823 2174 non
852 2143 951 2174 video.
976 2142 1079 2173 Bent.
1129 2141 1224 2173 Video
1250 2140 1366 2173 Guelf.
1386 2143 1417 2173 1.
1448 2145 1485 2173 et
1512 2140 1700 2173 Rom—12
1723 2138 1794 2171 Alii

994 2237 1140 2271 NOTAE

386 2308 407 2337 4
434 2304 490 2337 Voe
522 2304 642 2335 miserae
671 2302 764 2343 mihi]
799 2302 907 2336 Quasi
929 2301 1040 2333 dicat:
1096 2302 1200 2333 nitur.

344 2355 434 2386 Davi
457 2354 617 2386 mandato
640 2354 705 2385 huc
729 2353 827 2393 veni3
850 2357 885 2384 at
907 2353 966 2384 ille
988 2362 1042 2384 me
1140 2356 1159 2384 8
1185 2354 1250 2383 Cur
1290 2354 1325 2382 tu
1365 2350 1487 2382 obsecro
1518 2349 1569 2381 hic
1601 2359 1648 2380 me
1684 2350 1795 2390 solam]

344 2405 494 2446 reliquit,
512 2409 614 2446 atque
629 2404 725 2436 abiit.
1096 2402 1302 2443 Simplicitas
1320 2401 1465 2443 Mysidis
1487 2399 1561 2433 fere
1584 2400 1718 2440 detegit
1736 2399 1797 2432 fal-

390 2462 407 2488 5
435 2458 483 2488 Di
497 2456 759 2498 vostramfidem]
780 2455 812 2488 A
834 2455 960 2487 dextra
987 2465 1043 2487 ve·
1096 2454 1233 2484 laciam.

347 2508 442 2538 niens
469 2508 585 2539 Davus
612 2507 749 2538 simulat
775 2516 810 2538 se
835 2516 854 2537 e
884 2505 957 2537 foro
988 2515 1044 2537 ve·
1143 2505 1182 2534 12
1205 2501 1272 2542 Au]
1295 2501 1498 2541 Interjectio
1511 2500 1659 2532 turbatae
1672 2503 1795 2532 etcon-

347 2558 431 2589 nire.
1097 2557 1260 2583 sternatae
1276 2552 1439 2582 mulieris.

390 2611 409 2638 7
437 2608 516 2638 Tum
530 2617 650 2638 annona
666 2606 808 2647 cara’st]
831 2607 909 2638 Hoc
928 2607 1046 2638 Davus
1145 2603 1281 2633 Concede
1308 2603 1348 2632 ad
1381 2600 1555 2640 dexteram]
1595 2599 1682 2631 Haec
1709 2608 1797 2630 sum-

350 2658 392 2689 ad
418 2662 632 2696 spectatores
659 2666 855 2696 conversus,
880 2657 934 2688 vel
960 2666 1046 2687 sum-
1101 2653 1224 2684 misse:
1249 2656 1363 2683 monet
1379 2651 1534 2682 ancillam
1560 2649 1743 2690 Mysidem,
1760 2653 1799 2680 ut

350 2707 449 2738 misse
466 2707 561 2738 dicit.
598 2707 660 2737 Est
677 2706 977 2738 autem‘annona’
995 2715 1047 2737 res
1101 2705 1201 2741 clam,
1234 2701 1316 2743 quid
1350 2701 1395 2732 sit
1428 2710 1525 2742 opus,
1554 2709 1629 2731 eam
1660 2707 1799 2730 monere

351 2757 457 2789 omnis
479 2767 553 2799 quae
577 2757 619 2788 ad
644 2766 790 2788 annuum
807 2756 933 2788 victum
950 2765 1047 2796 repo-
1103 2753 1219 2794 possit.
