1903 3306
540 221 765 253 euntium
798 221 907 251 Ac'r.
943 221 1008 252 iv.
1041 221 1108 252 sc.
1141 223 1226 253 v11.
1517 213 1603 253 495

153 321 233 363 SA.
267 317 439 372 Egon’l
472 315 761 370 Imperatoris
800 316 1002 356 virtutem
1033 327 1254 364 noveram,
1290 320 1331 356 et
1365 316 1451 357 vim
1489 317 1604 357 mili-

324 392 413 427 tum
434 399 444 437 ;

150 453 255 494 Sine
291 454 502 506 sanguine
536 452 619 493 hoc
650 451 746 492 fieri
780 464 867 491 non
896 463 1055 504 posse3
1088 451 1161 504 qui
1194 447 1484 502 abstergerem
1508 451 1603 493 vul-

324 533 431 560 nera
452 521 469 560 Τ

149 587 275 630 THR.
307 588 398 630 Ubi
421 588 528 628 alii?
589 586 672 627 SA.
704 585 811 636 Qui,
834 586 1012 635 malum,
1035 585 1141 625 alii'l
1174 585 1299 626 solus
1331 585 1497 626 Sannio
1516 600 1605 628 ser-

321 661 399 697 vat
424 655 558 696 domi.
1551 656 1606 695 10

149 724 275 766 THR.
305 724 375 764 Tu
407 723 543 764 hosce
576 721 770 762 instrue:
807 721 878 761 hic
908 733 991 772 ego
1013 733 1086 761 ero
1108 723 1212 773 post
1232 721 1470 774 principia:
1502 720 1604 762 inde

322 791 522 831 omnibus
544 789 713 842 signum
736 788 867 829 dabo.

146 938 289 969 pugnare
304 926 446 968 cogitas?
490 927 550 959 SA.
576 928 685 966 Egone
704 926 881 967 peniculum
903 926 936 956 in
960 926 1035 956 bello
1051 935 1109 956 non
1126 925 1260 963 serrem,
1275 935 1332 966 quo
1347 927 1474 957 vulnera
1489 926 1606 958 abster-

148 970 277 1011 gerem?
300 982 367 1002 cum
385 970 586 1012 Imperatoris
599 970 822 1009 fortitudinem
848 972 951 999 notam
966 969 1121 1007 haberem,
1138 972 1168 998 et
1183 968 1276 998 robur
1301 970 1447 1008 militum,
1472 979 1526 1001 nec
1542 971 1608 1000 siue

149 1014 314 1054 sanguinis
327 1013 476 1054 effusione
492 1014 569 1044 hanc
593 1013 778 1043 obsidionem
794 1012 873 1052 fieri
893 1021 990 1051 posse.
1035 1012 1128 1042 Tua.
1157 1010 1217 1041 Ubi
1233 1011 1288 1042 alii
1301 1009 1398 1042 sunt?
1425 1012 1501 1045 ΒΑ.
1529 1013 1608 1048 Qui-

149 1067 234 1092 nam,
250 1057 375 1096 malum,
391 1060 463 1087 suut
484 1057 541 1086 isti
556 1056 635 1086 alii?
665 1055 756 1086 Solus
784 1054 899 1085 Sannio
924 1055 1020 1092 abest,
1036 1054 1088 1094 qui
1110 1054 1243 1084 custodit
1268 1064 1319 1084 res
1334 1065 1401 1094 quae
1428 1059 1501 1085 sunt
1516 1056 1608 1086 domi.

150 1101 244 1131 THR.
271 1100 317 1130 Tu
333 1099 421 1130 hosce
436 1100 555 1130 ordina.
602 1097 668 1128 Hic
683 1107 739 1135 ego
755 1097 839 1128 stabo
863 1098 895 1127 in
912 1097 1012 1127 media
1037 1098 1103 1126 acie
1125 1100 1194 1136 post
1215 1097 1369 1136 principes
1384 1097 1508 1128 milites.
1555 1099 1610 1128 Ex

151 1142 210 1173 isto
235 1143 297 1173 loco
312 1142 450 1173 omnibus
465 1142 588 1181 signum
604 1141 680 1172 dabo
696 1140 823 1171 ineundi
839 1139 1027 1170 certaminis.
1075 1140 1149 1171 GN.
1174 1139 1265 1170 Istud
1281 1143 1326 1170 est
1340 1141 1476 1180 peritum
1493 1144 1522 1172 et
1534 1150 1608 1181 pru-

761 1243 822 1255 ‘N
825 1243 1004 1255 ‘‘‘‘‘‘‘‘

150 1326 230 1368 Bip.
255 1325 339 1362 Quid
354 1326 478 1366 ignare.
502 1325 670 1366 peniculon.
707 1325 856 1364 Pugnare
871 1323 939 1368 quis
962 1323 1064 1354 istunc
1088 1322 1213 1354 Br.—9
1237 1321 1382 1354 Quidam
1407 1322 1517 1355 Codd.
1533 1333 1609 1354 cum

149 1370 425 1410 interrogationis
442 1370 537 1409 signo
552 1369 625 1399 haec
642 1369 852 1408 exprimunt,
876 1376 959 1407 quos
971 1371 1110 1396 secutus
1127 1375 1211 1396 sum.
1231 1366 1324 1396 ll‘est.
1356 1366 1476 1396 Nostri
1493 1376 1609 1397 omnes

153 1422 229 1444 cum
249 1412 336 1443 Edd.
353 1417 436 1443 vett.
455 1418 489 1443 et
514 1412 574 1443 Pr.
593 1421 627 1452 p.
644 1413 719 1442 870.
744 1411 844 1450 longe
873 1409 1096 1445 numerosius,
1118 1418 1177 1439 non
1193 1418 1281 1448 posse
1293 1408 1381 1449 fieri.
1404 1409 1507 1440 Bent.
1551 1409 1609 1440 Sic

150 1455 210 1486 Br.
228 1455 322 1486 Peri.
340 1455 376 1486 S.
392 1465 417 1486 s.
434 1456 623 1495 hocneposse
636 1453 738 1495 fieri?
759 1454 813 1493 qui
827 1463 855 1482 α.
871 1453 998 1482 vulnera
1015 1451 1204 1482 Both—10
1228 1451 1294 1481 Ms.
1311 1451 1360 1482 M.
1385 1451 1473 1491 Lips.
1501 1456 1536 1482 et
1565 1452 1611 1484 G.

151 1508 229 1529 cum
259 1498 361 1529 editis
393 1498 605 1539 quibusdam,
638 1498 771 1527 domum.
822 1495 1004 1533 Gruterus,
1036 1494 1201 1533 Inscript.
1230 1503 1304 1534 pag.
1332 1497 1408 1525 769.
1438 1494 1610 1525 ‘Domum

150 1540 326 1571 servavit.'
373 1541 575 1581 Quanquam
591 1539 626 1570 id
644 1539 756 1580 potius
780 1543 889 1576 notat,
913 1537 1046 1568 domum
1074 1537 1169 1577 prole
1193 1537 1298 1567 auxit.
1345 1536 1447 1577 Apul.
1465 1537 1610 1568 Metam.

151 1591 203 1614 vr.
226 1582 339 1614 ‘Ante
356 1583 466 1623 ipsum
489 1584 591 1614 limen
618 1587 655 1613 et
680 1586 754 1613 atra
781 1581 867 1611 atria
890 1579 1107 1619 Proserpinae
1135 1588 1271 1620 semper
1293 1581 1477 1619 excubans,
1497 1585 1612 1611 servat

149 1635 292 1657 vacuam
327 1626 418 1657 Ditis
449 1625 609 1656 domum!
655 1625 750 1655 Dixit
779 1629 894 1654 auten]
920 1623 1014 1662 domi,
1039 1622 1086 1652 uti
1111 1622 1256 1653 Plautus
1283 1621 1404 1660 Amph.
1432 1631 1456 1654 1.
1485 1624 1516 1653 1.
1537 1626 1611 1654 196.

150 1669 302 1700 Mostell.
319 1678 361 1700 11.
385 1671 416 1700 2.
441 1672 495 1700 21.
519 1668 627 1700 ovid.
643 1668 731 1699 Met.
750 1676 773 1697 1.
799 1669 874 1697 625.
920 1666 1109 1705 Pei-peram
1139 1665 1314 1696 existimat
1342 1665 1449 1695 Boecl.
1494 1666 1611 1696 Dona-

150 1715 222 1742 tum
254 1712 388 1751 legisse,
421 1713 555 1742 domum.
587 1711 695 1742 §Vesn
757 1709 850 1740 Domi
881 1708 984 1740 Bent.
1015 1707 1144 1738 edidit:
1176 1713 1284 1739 recte.
1308 1708 1406 1739 Zeun.
1452 1707 1486 1740 J.
1514 1709 1609 1743 Quid.

151 1753 237 1786 GM.
261 1755 392 1785 domum.
416 1754 509 1785 Perl.
555 1754 691 1785 Domum
718 1753 842 1784 Z.—-ll
870 1751 993 1781 Instrue
1023 1751 1085 1791 hic,
1111 1760 1167 1790 ego
1198 1751 1270 1782 ΕΡ.
1300 1751 1395 1782 West.
1443 1751 1531 1782 Dele
1561 1752 1610 1782 hie

808 1843 948 1875 NOTAE

194 1914 235 1942 10
260 1910 336 1952 Qui,
358 1912 485 1952 malum,
507 1911 580 1952 alii]
605 1912 615 1928 ‘
630 1912 779 1943 Malum’
800 1913 850 1944 vi-

150 1970 224 1993 cem
237 1961 486 2002 interjectionis
498 1962 678 1994 irascentis
691 1963 851 1995 sustinet.

194 2015 233 2044 11
260 2012 326 2043 Hic
347 2022 398 2044 ero
422 2016 492 2053 post
514 2012 686 2053 principia]
721 2013 763 2044 Id
785 2019 851 2053 est,

148 2066 228 2104 post
256 2062 436 2104 Principes
466 2063 499 2094 in
530 2063 614 2095 acie.
661 2064 790 2094 Milites
818 2064 852 2095 in

150 2114 272 2145 militia
287 2113 439 2145 Romana
453 2114 632 2155 Principes
651 2113 853 2145 dicebantur

148 2164 308 2196 secundae
324 2164 410 2196 aciei
432 2164 569 2204 milites,
584 2164 687 2195 armis
710 2165 853 2196 maxime

147 2215 317 2256 insignes:
345 2216 392 2246 ita
407 2216 495 2246 enim
512 2215 602 2247 acies
619 2215 710 2256 apud
728 2215 853 2246 Roma-

149 2275 211 2298 nos
226 2266 475 2306 instruebatur,
490 2270 528 2297 ut
551 2266 652 2307 primi
667 2266 780 2297 hostes
795 2275 853 2306 ag-

149 2317 373 2357 grederentur
382 2317 546 2358 manipuli
560 2317 795 2357 Hastatorum,
811 2326 854 2348 ex

148 2367 406 2409 florejuvenum
421 2367 679 2408 pubescentium
693 2367 851 2399 collecti:

149 2418 207 2459 qui
221 2419 248 2449 si
261 2419 393 2449 hostem
409 2419 607 2459 propulsare
621 2428 686 2450 non
701 2423 853 2459 possent,

150 2479 170 2500 a
206 2468 440 2510 Principibus,
479 2469 536 2510 qui
574 2479 691 2500 omnes
726 2470 851 2500 scutati

148 2523 258 2560 erant,
272 2518 306 2549 in
326 2518 504 2550 intervalla
527 2518 682 2549 ordinum
706 2519 851 2559 recipie-

149 2568 286 2600 bantur.
331 2568 484 2610 Moxque
505 2568 554 2608 hi,
570 2578 692 2609 nempe
718 2569 850 2600 Princi-

147 2619 264 2660 pes,in
277 2628 536 2660 eorum,nempe
552 2618 789 2655 Hastatorum,
804 2620 850 2650 lo-

149 2680 225 2701 cum
262 2669 506 2702 succedebant.
559 2669 696 2701 Hastati
735 2675 850 2701 autem

148 2724 225 2759 post
238 2729 294 2751 eos
309 2720 613 2761 subsequebantur.
656 2720 692 2751 Si
710 2730 729 2751 a
753 2720 849 2751 Prin-

149 2769 280 2810 cipibus
296 2780 432 2813 quoque
448 2780 514 2803 non
531 2771 612 2803 satis
635 2770 785 2803 feliciter
801 2781 851 2803 es-

902 1919 956 1946 set
980 1919 1180 1956 pugnatum,
1202 1924 1222 1945 a
1245 1915 1354 1956 prima
1377 1917 1449 1948 acie
1474 1916 1516 1948 ad
1533 1916 1607 1949 Tri-

905 1965 993 1996 arios
1009 1966 1172 2005 paulatim
1184 1975 1218 1996 se
1233 1964 1451 2006 referebant3
1475 1977 1609 2009 unoque

906 2016 1037 2056 agmine
1064 2013 1169 2056 facto,
1191 2016 1350 2056 nullaque
1380 2026 1439 2057 spe
1467 2024 1545 2058 post
1573 2028 1608 2049 se

906 2066 1038 2104 relicta,
1054 2075 1119 2096 una
1142 2075 1258 2096 omnes
1275 2066 1309 2096 in
1333 2066 1464 2097 hostem
1492 2077 1611 2107 proce-

908 2114 1045 2146 debant.
1091 2115 1269 2156 Principia
1295 2121 1348 2147 est
1369 2117 1462 2148 locus
1480 2117 1513 2148 in
1538 2118 1610 2150 acie

908 2166 1108 2207 Principum
1125 2167 1280 2199 militum.
1316 2168 1415 2209 Inde,
1428 2174 1505 2209 post
1519 2170 1609 2210 prin-

909 2217 1000 2257 cipia
1033 2226 1118 2257 esse,
1147 2217 1326 2258 significat,
1355 2219 1388 2249 in
1417 2224 1493 2250 tuto
1522 2230 1610 2258 esse,

908 2267 965 2298 ubi
995 2273 1111 2298 noster
1139 2268 1265 2299 Thraso
1300 2277 1336 2299 se
1367 2269 1610 2302 collocaverat.

909 2318 1085 2359 Principia
1101 2319 1204 2350 etiam
1229 2324 1283 2350 est
1307 2320 1400 2351 locus
1421 2320 1453 2351 in
1478 2321 1611 2361 castris,

908 2368 965 2399 ubi
980 2369 1110 2400 habitat
1128 2370 1208 2405 Dux
1225 2375 1260 2401 et
1279 2370 1482 2411 Imperator.
1521 2371 1609 2403 Haec

908 2428 950 2449 ex
968 2419 1063 2450 Livio
1088 2419 1153 2450 sub
1176 2419 1277 2450 finem
1305 2420 1418 2451 octavi
1445 2421 1522 2452 libri
1541 2423 1609 2462 pri-

906 2479 971 2500 mae
1010 2470 1175 2501 Decadis.
1235 2471 1394 2502 Ceterum
1437 2470 1608 2502 Homerus

906 2520 1034 2551 Iliados
1064 2530 1099 2552 v.
1126 2520 1243 2552 laudat
1270 2520 1486 2561 Diomedem,
1518 2522 1606 2563 quod

905 2571 992 2602 inter
1009 2571 1188 2612 Principes
1204 2572 1311 2612 prima
1329 2572 1401 2603 acie
1419 2579 1607 2613 pugnaret3

905 2621 994 2652 sicut
1007 2621 1195 2652 Homerum
1211 2622 1364 2652 imitatus
1381 2622 1546 2662 Virgilius
1564 2623 1608 2653 si-

904 2671 1031 2702 militer
1058 2671 1200 2703 AEneam
1232 2672 1273 2702 de
1304 2671 1500 2704 fortitudine
1535 2673 1606 2703 lau-

906 2722 989 2753 dans
1025 2723 1093 2754 ait:
1120 2723 1189 2754 ‘Se
1223 2733 1357 2764 quoque
1390 2723 1606 2764 Principibus

906 2772 1110 2813 permixtum
1127 2773 1266 2813 agnovit
1283 2771 1449 2805 Achivis)
