1903 3306
536 207 758 239 ΕυΝυοΗι
796 207 904 236 Ac'r.
941 206 1013 235 ιιι.
1047 207 1114 235 sc.
1151 207 1192 235 v.
1510 197 1594 235 409

141 303 265 358 Cape
284 304 368 345 hoc
389 303 628 353 flabellum,
653 309 698 343 et
720 302 946 343 ventulum
968 301 1068 341 huic
1089 301 1152 341 sic
1176 300 1326 350 facito,
1351 300 1455 340 dum
1474 301 1595 340 lava-

311 384 433 412 mus:

142 437 234 478 Ubi
254 451 336 479 nos
356 438 609 489 laverimus,
631 439 668 478 si
691 437 829 487 voles,
853 437 1018 477 lavato.
1080 435 1273 489 Accipio
1293 434 1442 475 tristis.

140 504 236 548 AN.
267 506 380 547 Tum
401 506 604 561 equidem
626 508 742 548 istuc
765 518 816 546 os
839 511 962 545 tuum
988 503 1225 558 impudens
1247 502 1393 543 videre
1415 502 1596 543 nimium

312 574 497 625 vellem;

142 640 235 692 Qui
251 648 371 684 esset
392 646 544 691 status,
564 640 785 681 flabellum
808 645 954 680 tenere
977 643 1018 679 te
1041 639 1211 679 asinum
1241 641 1427 678 tantum.
1544 637 1600 677 50

143 709 234 752 CH.
265 709 357 752 Vix
381 711 554 751 elocuta
571 708 623 750 'st
640 709 740 758 hoc,
761 707 880 749 foras
901 708 1035 749 simul
1055 719 1206 748 omnes
1226 709 1438 759 proruunt
1458 717 1529 745 se:

141 777 320 820 Abeunt
338 779 562 819 lavatum:
586 780 885 830 perstrepunt,
908 777 969 817 ita
992 779 1039 816 ut
1061 775 1125 824 fit,
1146 774 1312 815 domini
1335 774 1408 814 ubi
1426 774 1599 814 absunt.

143 845 324 887 Interea
344 857 527 887 somnus
548 845 759 897 virginem
782 845 1020 898 opprimit:
1043 856 1123 894 ego
1144 842 1263 883 limis
1287 846 1456 895 specto,

144 913 221 954 Sic
244 927 323 967 pei·
341 914 560 955 flabellum
586 913 861 964 clanculum3
885 912 1017 953 simul
1040 911 1131 952 alia
1152 910 1490 962 circumspecto,

145 980 281 1022 Satin’
302 982 537 1035 explorata
556 981 655 1022 sint.
696 980 843 1021 Video
862 993 984 1021 esse:
1006 978 1234 1033 pessulum
1254 977 1372 1019 ostio
1394 977 1529 1018 obdu.
1548 978 1603 1018 55

144 1047 240 1090 AN.
273 1048 396 1100 Quid
417 1049 542 1090 tum?
604 1047 694 1089 CH.
727 1047 882 1098 Quid?
912 1047 1017 1102 quid
1041 1047 1164 1087 tum?
1196 1045 1331 1087 fatue.
1391 1045 1485 1087 AN.
1520 1045 1604 1086 Fa-

316 1122 425 1158 teor.
483 1116 572 1159 CH.
605 1115 678 1157 An
696 1129 777 1170 ego
795 1117 1081 1157 occasionem

145 1247 244 1286 Dore,
258 1256 342 1278 sume
355 1247 410 1278 hoc
417 1247 592 1288 flabellum,
609 1251 639 1279 et
654 1248 702 1278 sic
718 1248 875 1278 ventulum
890 1246 958 1277 haic
975 1247 1123 1284 excitato,
1138 1247 1211 1277 dum
1226 1246 1381 1276 lavamus:
1406 1243 1457 1274 ubi
1468 1253 1487 1273 a
1503 1242 1606 1272 balneo

145 1290 340 1329 redierimus,
358 1290 387 1321 si
402 1291 494 1328 voles,
509 1291 622 1322 lavato.
669 1290 795 1330 Accipio
811 1291 842 1320 in
859 1300 968 1320 vuinus
986 1289 1157 1329 flabellum,
1172 1289 1318 1319 simulans
1333 1297 1380 1318 me
1397 1286 1518 1317 tristem
1535 1294 1607 1315 esse.

146 1331 218 1364 AN.
243 1333 328 1364 Tunc
348 1333 484 1374 profecto
499 1333 593 1364 istam
609 1333 729 1372 faciem
754 1337 839 1363 tuam
856 1334 1061 1373 impudentem
1085 1342 1223 1373 cuperem
1238 1341 1284 1361 me
1300 1332 1423 1365 vidisse,
1446 1329 1515 1369 quis
1530 1332 1608 1359 esset

145 1375 269 1407 habitus
284 1375 331 1406 tui
346 1376 490 1417 corporis,
504 1377 623 1416 quando
638 1377 756 1417 flatum
770 1375 890 1415 virgini
906 1380 939 1406 tu
957 1379 1021 1406 tam
1043 1385 1175 1414 magnus
1191 1376 1296 1406 asinus
1313 1373 1441 1415 flabello
1456 1371 1607 1410 faciebas.

148 1418 219 1450 Cn.
245 1418 306 1449 Vix
320 1419 431 1450 ancilla
447 1419 511 1450 haec
534 1419 611 1450 mihi
626 1419 763 1457 dixerat,
779 1429 848 1452 cum
863 1428 965 1449 omnes
975 1419 1068 1456 foras
1091 1421 1306 1459 prorumpunt,
1332 1416 1441 1448 abeunt
1459 1416 1609 1452 lai-alum,

146 1461 305 1501 ingentem
317 1462 481 1503 strepitum
491 1463 597 1502 edunt,
613 1466 646 1493 ut
662 1464 761 1493 solent
774 1462 856 1494 servi
865 1462 984 1500 facere,
999 1461 1175 1492 absentibus
1190 1461 1332 1492 dominis.
1366 1460 1491 1491 Interea
1505 1467 1608 1489 somno

145 1505 235 1546 virgo
249 1505 389 1546 sopitur;
420 1515 476 1544 ego
502 1505 690 1537 transversis
711 1509 741 1537 et
763 1505 892 1545 obliquis
914 1505 1008 1536 oculis
1028 1504 1251 1545 perflabellam
1271 1503 1407 1535 studiose
1423 1503 1555 1536 intueor,
1579 1506 1609 1531 et

144 1548 239 1579 simul
253 1548 355 1579 omnia
369 1548 592 1590 circumspicio,
607 1549 724 1580 satisne
739 1552 808 1579 tuta
821 1549 906 1579 sint:
929 1548 1015 1578 video
1032 1551 1099 1578 tuta
1115 1557 1192 1578 esse.
1214 1548 1378 1578 Pessulnm
1392 1547 1470 1577 ostio
1486 1554 1611 1586 oppono.

147 1589 218 1622 ΑΝ.
244 1591 331 1627 Quid
345 1591 543 1630 tumfactum
558 1595 623 1623 est?
669 1591 738 1623 Cu.
766 1592 850 1628 Quid
866 1595 932 1622 lum
945 1591 1069 1629 factum
1091 1590 1220 1630 quaeris,
1241 1591 1355 1621 stulte?
1402 1589 1470 1619 ΑΝ.
1497 1589 1610 1619 Fateor

148 1643 196 1665 me
209 1635 341 1666 stultum
355 1644 419 1666 esse
434 1635 487 1675 qui
502 1635 568 1666 haec
583 1634 770 1676 quaesierim.
816 1636 886 1666 CH.
909 1633 962 1665 An
978 1643 1033 1673 ego
1049 1637 1169 1665 amator
1184 1634 1370 1665 occasionem
1386 1632 1463 1663 mihi
1477 1631 1610 1662 oblatam

758 1733 999 1746 eeeeeeeeeeee

153 1803 338 1835 West.—4⁷
362 1803 540 1835 Donatum
557 1802 682 1844 legisse
698 1803 849 1838 lavamur,
865 1801 975 1833 discas
992 1811 1035 1833 ex
1052 1803 1123 1843 ejus
1143 1800 1268 1833 verbis.
1298 1800 1344 1832 Et
1360 1801 1407 1832 ita
1422 1801 1474 1833 St.
1491 1801 1612 1834 edidit.

147 1846 295 1878 Variant
309 1846 396 1878 Mss.
420 1846 462 1878 Iu
481 1847 549 1877 Ms.
565 1846 659 1886 Lips.
683 1845 722 1876 τὸ
743 1856 758 1876 s
782 1850 949 1876 mutatum
968 1846 1000 1876 in
1017 1855 1045 1877 r.
1091 1845 1130 1876 In
1154 1846 1204 1876 M.
1223 1844 1346 1875 absunt
1362 1854 1477 1883 voceS‚
1492 1845 1549 1881 sic,
1564 1849 1611 1885 et,

148 1889 298 1922 lavamus.
320 1889 430 1921 Idem.
477 1890 522 1919 Et
535 1899 601 1920 non
619 1894 669 1920 est
685 1889 719 1919 in
740 1889 837 1919 Beni.
852 1892 888 1919 et
902 1888 955 1918 Vi.
974 1898 1050 1929 quae
1063 1893 1098 1919 et
1118 1889 1246 1929 majore
1263 1887 1376 1927 gratia
1392 1887 1500 1920 abest.
1525 1889 1612 1919 Dum

150 1932 290 1963 lavamur
302 1933 366 1964 Do.
383 1938 420 1964 et
442 1931 543 1963 iidem
560 1932 650 1963 libri.
675 1932 733 1963 Fa.
772 1932 880 1963 Immo
897 1932 1006 1962 retine
1023 1935 1052 1964 et
1069 1941 1145 1962 cum
1163 1930 1285 1962 nostris
1301 1931 1455 1962 omuibus
1471 1936 1505 1962 et
1522 1931 1612 1962 Edd.

150 1979 237 2006 vett.
249 1976 345 2007 Bent.
370 1976 414 2006 Et
429 1975 559 2006 omittit
568 1976 607 2007 Z.
630 1975 788 2006 Lat-amur
802 1975 902 2005 Both.
918 1975 1097 2006 Perl.—49
1112 1975 1190 2005 Tum
1203 1974 1326 2014 quidem
1339 1974 1424 2004 bene
1438 1973 1517 2005 Hel.
1532 1975 1614 2005 Vul-

151 2027 194 2057 go
207 2018 357 2058 equidem,
374 2018 460 2049 male
481 2018 566 2049 eliso
582 2017 756 2049 adverbio.
773 2018 960 2049 Rom—50
985 2017 1074 2058 Guy.
1087 2017 1394 2058 jubetflabellalum
1410 2026 1470 2048 nos
1488 2017 1614 2058 legere.

150 2060 220 2091 Sed
234 2066 270 2093 et
290 2062 339 2092 ita
356 2061 440 2102 legit
456 2060 724 2101 Antesignanus.
754 2060 854 2092 West.
901 2060 980 2096 Quis
1000 2064 1078 2091 esset
1089 2060 1390 2101 status‚flabellum]
1414 2060 1481 2091 Hic
1496 2070 1612 2091 versus

152 2104 245 2148 nulla
260 2104 394 2136 ratione
411 2108 504 2135 stare
521 2108 650 2144 potest,
670 2103 733 2134 nisi
749 2102 1056 2144 legasflabellulum.
1102 2104 1193 2135 Saue
1210 2104 1307 2135 Bem.
1324 2108 1360 2134 et
1376 2104 1455 2135 Bas.
1471 2104 1614 2144 habent,

154 2147 218 2183 Qui
230 2151 319 2180 esset.
343 2147 404 2178 Fa.
448 2147 620 2178 Flabellum
636 2146 731 2177 dedit
756 2145 923 2185 Faernus,
940 2145 1057 2186 credo,
1080 2146 1282 2187 typographi
1299 2146 1452 2178 incuria:
1478 2147 1542 2178 etsi
1559 2156 1613 2178 co-

153 2190 250 2221 dices
271 2189 576 2230 nostri‚flabellum.
623 2189 713 2229 Guy.
731 2189 765 2219 in
782 2188 912 2229 scripto
935 2189 1283 2231 invenitflabellulum‚
1299 2194 1336 2220 ut
1354 2190 1460 2229 exigit
1484 2199 1615 2222 versus,

152 2233 250 2265 Bent.
275 2233 478 2265 flabellulum
489 2233 601 2274 poscit
619 2237 777 2263 metrum.
792 2232 871 2271 Bip.
895 2232 1015 2264 Nostri
1033 2233 1155 2273 scripti
1170 2233 1264 2271 Quis,
1280 2232 1389 2263 minus
1408 2233 1613 2265 bene-Both.

153 2275 212 2317 qui
239 2275 299 2308 dat
317 2277 380 2312 Qui
403 2279 504 2307 status
533 2278 614 2314 erat,
637 2280 673 2306 et
689 2274 898 2316 flabellalum,
926 2275 1016 2316 qnod
1045 2275 1129 2306 dant
1160 2275 1252 2306 Perl.
1270 2275 1374 2306 Both.
1400 2276 1612 2316 Deum—51

153 2319 204 2350 M.
219 2318 295 2351 ἠως.
312 2319 378 2350 Ms.
398 2319 488 2360 Lips.
512 2321 679 2360 proruunt,
693 2318 740 2349 ita
765 2321 799 2347 ut
817 2317 873 2359 fit,
888 2317 940 2349 ubi
962 2319 1078 2349 domini
1093 2318 1215 2357 absunt,
1239 2319 1371 2349 omissis
1389 2318 1614 2350 intermediis.

158 2361 345 2394 West.—-53
362 2362 497 2402 Aspecto
513 2362 562 2393 M.
579 2361 623 2394 G.
645 2361 714 2392 ET.
730 2361 811 2392 ΕΜ.
829 2361 879 2391 Id.
926 2361 977 2392 Ex
992 2361 1087 2392 Bem.
1106 2369 1140 2392 et
1160 2361 1234 2392 aliis
1250 2362 1409 2401 antiquis,
1427 2371 1467 2392 ac
1485 2363 1616 2393 ratione

153 2412 283 2441 versus,
301 2409 403 2446 specto
419 2404 612 2445 legendum.
631 2404 690 2436 Fa.
735 2403 854 2435 Media
871 2402 944 2434 fere
957 2414 1035 2444 pars
1052 2409 1257 2442 nostrornm,
1272 2409 1386 2444 specto.
1409 2405 1510 2436 Bent.
1554 2406 1616 2436 As-

149 2450 240 2488 pecto
257 2449 314 2480 ΒΓ.
361 2449 399 2480 L.
424 2457 450 2478 ε.
471 2447 567 2479 oculis
592 2446 709 2479 Guelf.
735 2449 851 2478 1.-54
878 2447 920 2477 Et
936 2447 1042 2487 simul]
1071 2448 1112 2478 Et
1129 2457 1195 2478 non
1212 2451 1264 2478 est
1286 2447 1318 2477 in
1335 2448 1433 2479 Bem.
1453 2457 1516 2479 nec
1533 2449 1615 2480 Bas.

154 2500 230 2531 quae
243 2491 328 2523 adeo
340 2500 407 2522 non
423 2490 616 2522 necessaria
635 2494 699 2529 est,
716 2493 798 2520 utet
814 2499 890 2520 cum
904 2491 1014 2529 gratia
1029 2490 1125 2522 absit.
1151 2490 1210 2522 Fa.
1229 2490 1297 2521 Vix
1314 2500 1397 2521 unus
1416 2496 1451 2522 et
1469 2492 1556 2522 alter
1573 2501 1616 2522 ex

155 2535 281 2565 nostris
295 2537 324 2565 et
336 2533 471 2565 habent.
494 2534 592 2564 Bent.
637 2533 712 2564 Alia
725 2534 789 2563 loca
811 2532 928 2563 Guelf.
947 2535 1067 2564 2.-56
1093 2534 1204 2569 Quid?
1227 2534 1301 2574 quid
1323 2534 1536 2574 tum?fatue]
1560 2534 1617 2565 Ita

153 2575 252 2609 Junt.
276 2577 336 2608 Fa.
360 2576 426 2608 alii.
471 2575 717 2607 Melanchthon
743 2574 862 2613 edidit,
882 2575 968 2611 Quid
992 2573 1085 2607 tum?
1105 2576 1210 2613 satae.
1257 2576 1325 2607 Sed
1350 2582 1385 2608 et
1404 2577 1511 2608 Aldus
1539 2587 1615 2608 cuin

157 2620 211 2652 St.
258 2620 303 2651 Et
319 2625 397 2651 sunt
415 2620 562 2660 plusculi
579 2619 662 2650 Mss.
686 2623 722 2649 et
738 2617 824 2649 editi
842 2618 1076 2659 vetustissimi,
1092 2618 1125 2649 iu
1144 2619 1266 2660 quibus
1282 2618 1321 2650 τὸ
1343 2621 1416 2661 quid
1433 2630 1497 2651 non
1514 2621 1618 2661 gemi-

816 2704 960 2737 NOTAE

157 2773 197 2801 55
215 2770 377 2802 Pessulum
388 2768 467 2800 ostio
479 2767 569 2811 abdo]
578 2769 738 2800 Pessulus
752 2774 803 2800 est
817 2768 918 2810 obex,
929 2773 987 2801 aut
1000 2778 1077 2801 sera
1090 2767 1289 2813 ferrea,qua
1301 2770 1469 2802 clauditur
1483 2769 1617 2803 ostium.
