1903 3306
301 235 386 276 300
798 243 838 271 P.
869 240 1113 271 TERENTH
1148 239 1265 270 ΛΡΜ

304 338 395 380 Abi
418 339 610 380 domum.
672 336 725 378 Id
759 336 864 377 mihi
886 335 1009 377 visus
1048 341 1118 375 est
1138 334 1313 375 dicere:
1349 331 1439 373 Abi
1461 331 1565 383 cito,
1602 335 1647 374 et
1667 318 1773 373 sus?

507 405 616 446 ende
637 408 694 445 te.
1705 399 1763 439 20

304 419 546 526 Obstupldi.
609 469 792 513 Censen'
813 470 949 510 ullum
970 481 1039 509 me
1059 469 1238 509 verbum
1261 466 1463 519 potuisse
1483 465 1688 520 proloqui
1705 466 1724 506 ‘i

306 539 402 582 Aut
421 540 557 581 ullam
592 550 787 587 causam,
818 537 1016 590 ineptam
1038 535 1206 583 saltem,
1236 533 1407 583 falsam,
1431 533 1657 587 iniquam?
1689 533 1766 574 ob-

472 606 625 651 mutui.

304 672 439 724 Quod
461 674 500 714 si
521 686 600 726 ego
620 672 853 712 rescissem
869 668 915 709 id
929 667 1052 722 prius
1072 681 1083 719 ;
1116 666 1222 721 quid
1243 666 1450 716 facerem,
1471 665 1510 707 si
1530 666 1632 720 quis
1648 679 1762 707 nunc

472 752 543 780 me
561 742 685 791 roget
701 738 719 777 Ῥ

302 807 485 861 Aliquid
507 807 712 854 facerem,
732 807 780 846 ut
798 804 882 845 hoc
905 815 957 843 ne
976 803 1180 843 facerem.
1210 800 1299 842 Sed
1315 813 1428 841 nunc
1445 799 1553 854 quid
1574 799 1762 854 primum

473 874 699 926 exequar?
733 866 740 870 ’
940 876 946 877 ’
1730 891 1883 918 f„-

302 941 390 983 Tot
409 955 479 982 me
510 931 760 994 impediunt
789 951 919 988 curae,
940 950 1041 991 quae
1074 949 1217 977 meum
1241 934 1434 976 animum
1463 934 1638 976 divorse
1677 938 1763 975 tra-

474 1010 605 1050 hunt:
1393 1030 1402 1038 ·
1705 1001 1763 1042 25

299 1076 452 1127 Amor,
473 1073 777 1117 misericordia
796 1072 941 1127 hujus,
961 1071 1213 1125 nuptiarum
1234 1067 1480 1111 solicitudo
1501 1081 1511 1110 ε

301 1235 406 1265 quens,
431 1224 463 1255 id
480 1224 557 1255 mihi
572 1223 655 1254 visus
670 1224 829 1261 mandare,
845 1221 911 1252 Abi
927 1222 1000 1260 cito,
1015 1224 1046 1251 et
1061 1221 1208 1260 suspende
1222 1223 1261 1250 te.
1305 1218 1359 1250 Ad
1374 1219 1439 1250 haec
1462 1217 1555 1250 verba
1571 1217 1762 1257 obstupefuc-

303 1272 351 1298 tus
371 1277 448 1298 sum.
495 1268 632 1297 Putasne
656 1276 702 1296 me
724 1266 820 1296 ullum
847 1264 970 1295 verbum
988 1263 1130 1303 proferre
1151 1264 1299 1302 potuisse,
1320 1265 1375 1292 aut
1400 1262 1496 1292 iillum
1521 1261 1764 1298 excusationem,

301 1312 372 1341 licet
400 1311 548 1350 ineptum,
564 1309 730 1350 fictitium,
752 1311 781 1339 et
803 1306 977 1345 injustam?
999 1306 1111 1336 Mutus
1133 1308 1257 1345 repente
1275 1303 1385 1342 fuctus
1406 1313 1485 1334 sum.
1532 1304 1622 1338 Quod
1644 1303 1672 1333 si
1693 1303 1762 1343 quis

301 1363 382 1383 nuuc
408 1363 426 1382 a
448 1363 494 1383 me
516 1355 647 1392 quaerat,
673 1352 747 1390 quid
764 1350 914 1387 facerem,
940 1349 968 1380 si
995 1359 1049 1387 ego
1074 1349 1107 1379 id
1128 1345 1382 1388 praesensz'ssem?
1406 1346 1609 1386 respondebo:
1631 1345 1763 1385 Aliquid

294 1396 447 1433 facerem,
484 1405 521 1425 ue
547 1395 580 1425 id
609 1394 747 1432 facerem
760 1404 770 1423 .-
800 1394 940 1424 ‹lucerem
977 1401 1115 1429 uxorem,
1153 1390 1334 1430 vidererque
1369 1389 1540 1420 consentire
1568 1388 1673 1427 jussui
1705 1397 1762 1428 pa-

302 1439 370 1469 tris.
415 1438 476 1468 Sed
502 1447 582 1467 minc
604 1437 677 1477 quid
698 1436 833 1476 primum
861 1434 971 1474 exequi
1000 1432 1120 1466 debeo?
1147 1433 1203 1464 Tot
1226 1443 1273 1463 me
1288 1432 1460 1472 impediunt
1487 1441 1581 1470 curae,
1605 1440 1674 1471 quae
1695 1430 1764 1460 aui·

301 1491 382 1512 mum
407 1491 504 1511 meum
527 1480 704 1511 distrahunt
728 1479 761 1509 in
781 1482 887 1519 partes
902 1477 1030 1513 varias;
1052 1486 1150 1516 amor,
1174 1475 1387 1507 misericordia
1405 1473 1558 1515 Glycerh}
1583 1473 1764 1513 solicitatio,

922 1594 1001 1605 oce-t
1005 1593 1082 1605 ‘Ne
1086 1593 1123 1605 φφ
1127 1593 1166 1605 te

302 1678 367 1708 vim
385 1678 479 1717 hujus
495 1677 585 1708 vocis
600 1677 690 1716 Guy.
709 1676 908 1715 expungens
926 1674 962 1704 τὸ
979 1675 1052 1713 cito,
1068 1674 1158 1714 quod
1174 1677 1228 1705 est
1244 1673 1276 1704 in
1295 1682 1394 1703 versu
1411 1681 1482 1712 seq.
1499 1674 1534 1702 et
1550 1669 1762 1701 rescribens:

302 1721 366 1751 Abi
381 1723 512 1751 donnum.
560 1720 599 1750 Id
627 1719 703 1750 milii
725 1719 809 1749 visus
833 1722 878 1748 est
894 1719 1013 1749 dicere:
1037 1718 1088 1747 ubi
1103 1719 1226 1747 domum
1244 1719 1274 1747 et
1291 1715 1440 1755 suspende
1454 1713 1595 1745 tel-20
1617 1714 1664 1744 Ac
1679 1723 1762 1752 susp.

302 1764 359 1794 lta
375 1763 441 1794 duo
458 1763 524 1794 Gu.
549 1762 649 1801 Vulg.
666 1765 705 1792 et.
724 1761 827 1791 Both.
866 1761 913 1791 Ac
940 1761 997 1790 ΒΓ.
1013 1765 1047 1790 et
1065 1758 1179 1790 Guelf.
1196 1761 1226 1790 3.
1271 1759 1316 1789 Et
1332 1758 1394 1788 hoc
1413 1762 1448 1787 et
1464 1755 1547 1787 illud
1563 1755 1656 1786 delet
1672 1755 1763 1786 Gov.

301 1808 380 1836 -21
410 1804 579 1836 Adrianus
598 1803 790 1834 Barlandus
810 1803 962 1842 legebat,
989 1802 1146 1842 Obstipui.
1193 1801 1308 1841 Atque
1334 1801 1383 1831 ita
1410 1804 1462 1830 est
1486 1799 1521 1829 in
1550 1807 1616 1828 uno
1640 1796 1763 1829 Leidd.

301 1849 495 1889 Utrumque
513 1848 601 1877 enim
618 1847 757 1885 dicitur,
780 1846 790 1863 ‘
804 1846 1011 1884 obstupesco
1025 1844 1032 1857 ’
1049 1850 1084 1876 et
1098 1848 1107 1862 ‘
1124 1842 1344 1884 obstipesco.'
1389 1842 1454 1873 Sed
1481 1845 1517 1871 et
1545 1841 1628 1871 Par.
1655 1839 1766 1871 obsti-

299 1891 356 1930 pui
383 1891 491 1921 edidit
519 1900 560 1920 ex
588 1890 655 1920 Ms.
688 1889 786 1921 IVest.
834 1888 994 1928 Obstipui.
1030 1887 1086 1918 Al.
1126 1886 1279 1926 obstupui.
1305 1885 1402 1916 Lind.
1453 1883 1598 1924 Obstipui
1625 1882 1764 1921 habent,

303 1939 444 1964 auctore
464 1933 605 1970 Fabi-no,
621 1932 821 1969 Vaticanus,
839 1931 1067 1967 Decurtatus‚
1093 1930 1172 1960 alibi
1190 1928 1390 1966 Bembfflus,
1412 1931 1448 1958 et
1471 1926 1561 1966 apud
1578 1925 1764 1966 Virgilium

302 1976 556 2017 antiquissimus
581 1974 666 2005 liber
691 1974 873 2004 Romanus.
899 1974 996 2004 Bent.
1045 1972 1169 2012 Obstip.
1194 1972 1253 2003 Br.
1280 1971 1317 2002 Ζ.
1347 1976 1383 2002 et
1409 1969 1513 2000 Both.
1560 1967 1688 1999 Censen’
1715 1977 1764 1998 me

301 2019 384 2050 verb.
404 2022 468 2058 pot.
492 2019 549 2050 ull.
572 2028 620 2057 pr.
646 2017 705 2047 ssr.
734 2016 827 2047 Pei-l.
850 2016 913 2046 Ull.
935 2015 1017 2046 verb.
1044 2025 1091 2046 me
1114 2014 1217 2045 Both.
1277 2013 1344 2044 Sed
1367 2013 1451 2044 tales
1467 2011 1545 2043 VV.
1564 2011 1642 2048 DD.
1660 2010 1761 2042 variae

301 2061 546 2092 collocationes
565 2059 650 2090 adeo
667 2060 865 2098 densantur,
891 2064 927 2089 ut
955 2068 1012 2089 eas
1036 2067 1152 2088 onmes
1181 2066 1245 2087 nec
1262 2056 1403 2087 velimus
1431 2064 1494 2085 nec
1511 2053 1678 2094 possimus
1695 2062 1764 2083 rne-

300 2106 534 2135 morare.—-22
559 2102 791 2133 Rotundiores
818 2100 928 2132 fluunt
953 2101 1096 2138 numeri,
1114 2100 1180 2130 fide
1197 2100 1277 2131 Pet.
1293 2099 1351 2129 ubi
1375 2099 1384 2115 ⁴
1403 2096 1481 2128 aut’
1499 2097 1652 2127 annectis
1669 2101 1765 2126 ante-

301 2147 441 2178 cedenti
479 2146 603 2181 versui,
637 2151 673 2174 et
707 2145 716 2160 ‘
734 2145 853 2175 saltem
867 2143 874 2156 ’
909 2144 1005 2184 ponis
1039 2148 1119 2174 ante
1144 2144 1153 2159 ‘
1167 2141 1341 2183 ineptam)
1364 2141 1459 2172 Bent.
1486 2148 1586 2181 quem
1612 2137 1764 2179 sequitur

304 2189 499 2220 Peri—23.
516 2191 557 2219 24
582 2186 727 2218 Exhibui
752 2188 923 2227 vulgatam
940 2186 1215 2223 distinctionem3
1241 2184 1300 2215 sed
1327 2192 1460 2222 moneo,
1486 2181 1623 2212 omnino
1649 2181 1764 2221 legen-

303 2232 383 2263 dum
401 2237 436 2262 et
453 2230 732 2270 distinguendum
750 2240 839 2260 esse:
869 2230 959 2264 Quod
974 2229 1002 2259 si
1017 2239 1073 2268 ego
1089 2229 1245 2259 rescissem
1265 2228 1299 2258 id
1315 2227 1402 2267 prius
1414 2236 1424 2256 .·
1447 2221 1711 2267 (quidfacerem?
1733 2222 1762 2253 si

301 2275 368 2315 quis
384 2284 461 2304 nunc
477 2284 522 2304 me
538 2276 646 2311 rog-eu
667 2272 797 2312 Aliquid
813 2272 965 2311 facerem,
990 2274 1023 2302 ut
1037 2272 1092 2302 hoc
1116 2281 1152 2302 ne
1169 2269 1339 2310 facerem.)
1362 2270 1470 2300 West.
1515 2268 1572 2298 Fr.
1591 2266 1686 2298 Hare
1703 2274 1762 2296 ex-

301 2317 427 2358 pungit
439 2315 476 2346 τὸ
491 2326 591 2347 nuuc.-
615 2315 708 2345 nulla
730 2315 793 2345 nisi
811 2315 909 2346 metri
927 2314 1059 2345 ratione
1077 2315 1211 2345 ductus.
1257 2313 1308 2344 Id.
1332 2312 1366 2342 in
1392 2312 1476 2342 Add.
1523 2310 1614 2345 Quod
1639 2311 1667 2339 si
1691 2317 1760 2348 ego,

300 2362 354 2398 δῖε.
401 2359 457 2390 Sic
485 2358 592 2389 edidit
618 2357 780 2395 Faernus,
810 2356 1104 2388 consentientibus
1129 2355 1231 2387 codd.
1259 2353 1415 2385 vetustis.
1460 2352 1522 2391 At,
1542 2361 1584 2382 ne
1606 2351 1710 2382 Arses
1725 2356 1763 2381 et

301 2404 425 2433 'rheses
443 2411 478 2431 se
496 2400 697 2431 incnoeinne
714 2400 875 2438 habeant,
891 2409 1031 2439 repone,
1057 2400 1146 2434 Quod
1160 2400 1186 2429 si
1203 2408 1257 2436 ego
1272 2398 1396 2428 scissem
1413 2396 1447 2426 ia
1468 2396 1568 2436 prius,
1582 2395 1656 2434 quid
1672 2393 1761 2430 face-

302 2454 379 2481 rem,
402 2445 430 2474 si
446 2443 514 2484 quis
530 2453 610 2473 nunc
624 2453 672 2473 me
695 2443 876 2481 interrog-et.
902 2443 1006 2473 Bent.
1049 2443 1150 2482 Vulg.
1166 2444 1276 2480 roget,·
1299 2440 1358 2470 sed
1377 2440 1463 2478 Eug.
1479 2438 1665 2476 interroget,
1683 2436 1764 2467 asti-

304 2488 444 2527 pulante
460 2490 578 2516 metro.
596 2485 692 2515 Both.
718 2486 773 2526 qui
790 2486 837 2515 sie
855 2485 980 2515 edidit:
1001 2485 1119 2519 Quodsi
1134 2494 1161 2515 e.
1176 2493 1205 2513 r.
1219 2483 1254 2513 id
1267 2483 1364 2522 prius,
1380 2492 1409 2522 q.
1420 2481 1572 2520 facerem,
1585 2481 1614 2511 si
1628 2489 1657 2519 q.
1670 2488 1702 2509 u.
1719 2488 1761 2509 m.

300 2531 486 2567 interroget,
502 2529 552 2559 Al.
562 2527 712 2565 facerem,
726 2532 759 2558 ut
772 2528 802 2558 h.
812 2527 1104 2565 n.fiicerem.—Set
1116 2536 1206 2557 nuuc.
1230 2525 1286 2556 Sic
1300 2525 1440 2555 Perlet:
1460 2524 1551 2558 Quod
1563 2523 1627 2553 sie.
1639 2521 1763 2552 scissem

302 2573 336 2602 id
348 2572 504 2610 prius...q.
520 2570 673 2607 facerem,
694 2571 720 2600 si
736 2581 766 2610 q.
783 2581 813 2601 η.
826 2581 866 2601 m.
882 2570 1053 2609 interroget
1063 2580 1073 2606 ,·
1090 2570 1143 2600 Al.
1159 2568 1312 2606 facerem,
1327 2570 1361 2597 ut
1376 2567 1407 2598 Ιι.
1423 2576 1453 2597 n.
1461 2565 1612 2603 facerem,
1627 2565 1693 2601 sed,
1707 2565 1761 2604 &a

303 2614 497 2652 Interrogat
516 2614 570 2643 Br.
589 2619 664 2652 post
679 2614 687 2629 ‘
705 2614 796 2651 prius
809 2611 815 2623 ’
829 2618 863 2642 et
881 2612 1024 2652 ‘roget.’
1061 2613 1181 2643 Monet
1196 2611 1314 2641 Pet-let
1327 2610 1393 2649 legi
1409 2608 1528 2639 resciss.
1546 2608 1579 2637 in
1596 2604 1713 2638 Gnelf.
1732 2609 1762 2638 l.

304 2659 336 2688 3.
357 2656 451 2687 Vult.
470 2656 558 2686 Gov.
577 2655 666 2689 Quod
681 2655 708 2685 si
724 2665 779 2694 ego
793 2656 879 2694 prius
894 2655 926 2685 id
942 2655 1108 2694 rescissem,
1122 2655 1175 2693 ὅγε.
1203 2653 1361 2684 Ceterum
1375 2659 1508 2690 exequor
1520 2651 1578 2680 ΒΥ.
1591 2647 1656 2679 nisi
1671 2647 1762 2679 fallit

306 2699 515 2730 Bruns.——25
541 2698 644 2728 Meme
661 2697 695 2727 F.
712 2698 748 2728 F.
771 2697 869 2729 IVest.
885 2698 930 2728 in.
946 2698 1033 2728 Add.
1070 2696 1207 2727 Adi-erse
1223 2694 1337 2726 Guelf.
1357 2695 1471 2724 1.-26
1488 2691 1669 2723 solicitudo.
1704 2691 1761 2721 lta

306 2745 449 2781 praestat
467 2741 576 2780 legere
594 2749 668 2770 cum
686 2739 855 2780 plerisque
883 2740 966 2770 Mss.
989 2749 1086 2780 quam
1103 2737 1283 2769 solicitatio.
1329 2736 1374 2767 Et
1398 2735 1533 2765 videtur
1559 2734 1607 2764 ita
1634 2733 1761 2773 legisse

304 2785 475 2823 Donatus,
501 2782 579 2824 quia
595 2783 695 2823 prius,
719 2782 799 2822 quid
815 2782 977 2812 solicitudo
995 2782 1048 2823 sit,
1074 2780 1249 2821 describit,
1270 2784 1353 2819 tum,
1380 2777 1460 2819 quid
1476 2775 1644 2808 solicitatio
1660 2775 1703 2808 ab
1719 2784 1761 2807 ea.
