1945 3296
340 242 395 283 50
787 253 965 284 V1c'ron
1002 254 1029 282 1)
1041 253 1063 281 r:
1097 252 1348 283 coMOEnrA.

344 350 394 388 ob
415 348 615 388 avaritiam
636 348 782 386 luteum
805 348 931 385 datur.
989 348 1168 398 Syrmata
1195 346 1300 384 dicta
1320 352 1410 384 sunt
1431 346 1478 383 ab
1497 358 1559 392 eo,
1588 342 1693 396 quod
1715 351 1792 384 tra-

342 415 509 453 huntur:
540 425 627 464 quae
647 425 707 450 res
729 413 777 449 ab
798 413 951 449 scenica
978 411 1129 448 luxuria
1159 410 1337 448 instituta
1354 416 1426 448 est.
1484 409 1630 448 Eadem
1650 409 1689 447 in
1710 409 1794 447 luc·

342 478 465 517 tuosis
485 476 661 529 personis
682 476 868 513 incuriam
890 475 948 512 sui
970 488 1036 525 per
1065 474 1342 524 negligentiam
1364 473 1597 524 significant.
1654 473 1794 510 Aulaea

343 555 498 594 quoque
519 542 556 578 in
579 552 696 578 scena
715 539 859 576 intexta
879 545 1128 580 sternuntur3
1160 537 1267 587 quod
1301 537 1426 586 pictus
1447 547 1607 573 ornatus
1629 545 1723 582 erat,
1744 549 1793 574 ex

341 605 555 644 Attaliea¹⁹
587 604 693 654 regia
712 604 876 640 Romam
896 615 1021 652 usque
1055 600 1227 652 perlatus
1246 613 1255 638 :
1284 612 1354 651 pro
1376 600 1516 651 quibus
1537 600 1678 651 siparia
1697 606 1794 637 aetas

340 669 530 720 posterior
567 667 730 718 accepit.
803 667 874 703 Est
906 671 1032 702 autem
1067 663 1262 702 mImicum
1293 661 1472 710 velum,²0
1509 663 1615 714 quod
1648 663 1794 715 populo

341 732 508 778 obsistit,
529 731 620 769 dum
643 731 875 768 Fabul-arum
894 735 1005 767 actus
1026 734 1326 766 commutantur.
1385 728 1570 765 Diverbia
1586 727 1794 766 histriones

341 795 661 848 pronuntiabant.
718 794 883 831 Cantica
903 806 992 831 vero
1013 792 1331 843 temperabantur
1364 788 1490 829 modis
1513 804 1592 828 non
1624 803 1647 828 a
1664 792 1794 841 po'eta,

343 859 413 898 sed
435 872 457 897 a
477 858 599 910 perito
622 858 714 895 artis
734 857 894 895 musicae
915 857 1042 894 factis.
1085 856 1224 906 Neque
1246 856 1348 893 enim
1368 855 1498 894 omnia
1513 854 1649 893 iisdem
1669 854 1796 892 modis

340 924 381 961 in
401 936 479 960 uno
496 922 649 961 cantico
670 921 899 972 agebantur,
932 920 1002 958 sed
1037 933 1143 971 saepe
1163 919 1337 958 mutatis.
1395 918 1450 956 Ut
1483 917 1704 969 significant
1730 919 1797 969 qui

340 994 418 1025 tres
439 998 620 1023 numeros
639 986 677 1022 in
698 985 895 1023 comoediis
916 991 1081 1034 ponunt,
1115 985 1181 1035 qui
1208 995 1286 1022 tres
1307 983 1508 1021 continent
1524 988 1694 1020 mutatos
1715 994 1797 1020 mo·

342 1051 414 1088 dos
449 1049 589 1087 cantici
623 1048 739 1087 illius.
795 1048 871 1091 Qui
902 1047 1127 1098 hujusmodi
1160 1047 1299 1085 modos
1336 1047 1545 1092 faciebant,
1580 1058 1722 1083 nomen
1756 1046 1796 1082 in

340 1113 528 1165 principio
543 1111 703 1150 Fabulae
718 1119 758 1150 et
773 1110 970 1161 scriptoris
987 1116 1026 1149 et
1040 1110 1182 1148 actoris
1203 1110 1531 1161 superponebant.
1562 1107 1797 1160 Hujusmodi

342 1177 441 1215 adeo
461 1176 634 1215 carmina
653 1176 703 1214 ad
722 1174 836 1213 tibias
858 1175 1017 1221 fiebant,
1037 1181 1081 1212 ut
1099 1174 1160 1211 his
1182 1173 1325 1212 auditis
1343 1172 1454 1211 multi
1474 1185 1522 1211 ex
1542 1171 1687 1224 populo
1707 1178 1797 1210 ante

343 1241 551 1285 discerent,
587 1252 704 1290 quam
740 1238 931 1276 Fabulam
967 1238 1089 1277 acturi
1127 1238 1270 1277 scenici
1305 1244 1452 1283 essent,
1491 1249 1608 1288 quam
1639 1236 1798 1275 omnino

344 1304 626 1354 spectatoribus
646 1303 739 1354 ipsis
770 1302 1007 1341 antecedens
1029 1301 1164 1340 titulus
1186 1302 1514 1353 pronuntiaretur.
1571 1300 1798 1351 Agebantur

342 1375 471 1405 autem
490 1367 592 1405 tibiis
612 1365 770 1417 paribus
792 1372 858 1404 aut
878 1365 1103 1416 imparibus,
1124 1371 1164 1403 et
1184 1365 1329 1403 dextris
1346 1370 1412 1402 aut
1428 1362 1608 1401 sinistris.
1637 1363 1798 1401 Dextrae

343 1437 470 1469 autem
492 1438 531 1469 et
550 1430 683 1481 Lydiae
704 1442 775 1468 sua
794 1430 980 1480 gravitate
1002 1429 1142 1467 seriam
1162 1428 1377 1468 Comoediae
1398 1427 1605 1466 dictionem
1626 1439 1799 1478 pronun-

342 1495 506 1532 tiabant.
563 1493 737 1532 Sinistrae
753 1499 792 1531 et
810 1493 986 1530 Serranae
1004 1492 1194 1530 acuminis
1212 1492 1369 1530 levitate
1383 1491 1517 1542 jocum
1536 1491 1575 1528 in
1596 1490 1800 1528 Comoedia

342 1558 615 1596 ostendebant.
674 1557 747 1595 Ubi
776 1563 903 1594 autem
930 1556 1066 1594 dextra
1085 1562 1124 1594 et
1145 1556 1301 1594 sinistra
1319 1561 1408 1593 acta
1428 1553 1577 1593 Fabula
1607 1553 1798 1594 inscribe-

343 1624 468 1669 batur,
497 1621 641 1659 mistim
667 1620 747 1673 joci
773 1627 813 1659 et
835 1620 1044 1671 gravitates
1065 1620 1412 1659 denuntiabantur.

677 1900 727 1942 L.
768 1900 1143 1943 VICTORIS
1184 1900 1458 1944 FAUSTI

899 1991 965 2022 DE
996 1989 1236 2023 COMOEDIA

962 2079 1191 2105 LIBELLUS.

453 2160 534 2199 Sim
552 2161 679 2200 brevis
699 2175 823 2213 usque
843 2161 934 2201 licet
953 2169 1126 2201 veterum
1146 2161 1194 2200 de
1214 2174 1318 2200 more
1339 2161 1506 2210 libellus,

505 2224 648 2275 Meque
671 2238 782 2262 suum
803 2226 1010 2276 quisquam
1030 2232 1201 2277 nequeat
1224 2239 1397 2264 asserere
1415 2238 1424 2263 ε

453 2287 535 2325 Nec
555 2287 674 2326 triviis
694 2289 856 2340 vulgata
874 2290 1008 2336 seram,
1030 2290 1260 2341 decerptave
1281 2289 1441 2341 passim,

505 2351 588 2391 Nee
609 2352 770 2403 proinde
790 2352 895 2391 elata
914 2353 1039 2392 fronte
1061 2354 1250 2405 superbus
1273 2365 1385 2391 eam:

389 2468 429 2498 19
454 2467 506 2497 Ex
529 2467 671 2499 Attalica
692 2468 797 2509 regia]
821 2469 878 2500 Sil.
901 2470 1044 2502 Italicus
1097 2473 1130 2502 4.
1167 2469 1273 2501 ‘Cum
1300 2469 1374 2510 ejus
1403 2473 1582 2501 accusator
1612 2469 1647 2500 in
1678 2469 1801 2511 sipario

344 2516 400 2547 lib.
418 2526 490 2548 xw.
512 2517 521 2534 ‘
538 2518 695 2558 Quaeque
726 2518 886 2551 Attalicis
915 2520 1045 2551 variata
1098 2519 1252 2550 omnibus
1269 2519 1363 2556 locis,
1378 2523 1435 2550 ant
1446 2518 1571 2550 nudum
1585 2528 1660 2550 eum
1675 2519 1707 2550 in
1724 2529 1801 2550 nei·-

344 2576 407 2607 per
439 2572 548 2599 artem
579 2568 708 2600 Aulaeis
735 2570 931 2602 scribuntur
961 2571 1045 2602 acu.'
1099 2580 1152 2610 vo,
1176 2576 1234 2601 aut
1250 2570 1294 2600 ab
1311 2569 1428 2600 amicis
1444 2569 1635 2601 redemtum
1658 2580 1699 2601 ex
1728 2571 1801 2602 alea

344 2618 395 2649 Id.
1099 2619 1289 2662 pinxisset!
1346 2620 1433 2651 Haee
1465 2619 1582 2651 eadem
1612 2630 1676 2652 vox
1707 2622 1803 2653 resti-

387 2670 428 2697 20
452 2667 616 2698 Mimicum
639 2668 754 2708 velum]
778 2668 864 2700 Haec
891 2677 970 2700 vera
990 2673 1042 2701 est
1096 2670 1222 2701 tuenda
1247 2675 1299 2701 est
1321 2670 1440 2701 Servio
1467 2669 1500 2701 in
1528 2670 1655 2712 Georg.
1678 2672 1800 2713 Virgil.

345 2717 459 2748 lectio.
502 2715 605 2757 Apul.
642 2718 650 2732 ‘
666 2717 835 2757 Siparium
871 2718 1040 2750 mimicum
1094 2720 1175 2751 Vid.
1198 2721 1290 2752 Fest.
1305 2725 1340 2751 et
1365 2720 1525 2752 Juvenal.
1551 2721 1728 2755 Sclioliast.
1755 2724 1798 2755 ad

345 2766 537 2798 dimoveto!
583 2766 785 2800 Quintilian.
812 2767 870 2799 lib.
892 2776 942 2799 vr.
964 2777 1040 2808 cap.
1095 2769 1206 2810 Satyr.
1225 2779 1307 2804 vm.
1324 2774 1361 2803 et
1374 2770 1444 2804 alii.
1473 2771 1522 2805 Id.
