1903 3306
519 253 587 282 An
622 253 789 284 METRA
824 255 1082 286 TERENTH.
1434 252 1517 294 193

65 343 125 381 his
145 344 271 394 poetis
291 344 605 395 frequentissima
624 352 710 390 est;
741 359 787 384 ea
808 355 937 386 autem
956 349 1012 395 fit,
1042 361 1130 387 cum
1162 349 1251 389 duae
1283 353 1443 404 syllabae
1469 369 1514 393 ex

66 407 264 445 vocalibus
294 408 520 459 compositae
540 408 578 446 in
599 423 716 447 unam
735 411 975 458 coalescunt,
1003 413 1069 450 ubi
1089 413 1128 451 id
1148 427 1208 452 res
1229 415 1308 454 fieri
1330 419 1516 467 postulat.

62 470 251 521 Exempla
269 470 308 507 in
329 471 481 509 duabus
502 471 632 522 primis
659 473 801 511 fabulis
835 487 883 512 en
917 475 999 522 tibi,
1029 477 1098 515 sed
1134 477 1182 516 de
1212 480 1344 518 multis
1377 494 1516 532 pauca.

62 534 183 582 Deos,
195 534 520 586 monosyllabum,
538 542 645 582 utet,
659 549 744 575 suo.
777 538 935 581 Quiesci
951 539 1206 592 disyllabum3
1223 544 1516 594 grandiuscula,

61 599 368 652 tetrasyllabum,
388 599 512 637 Andr.
532 606 610 638 act.
633 613 694 638 IV.
716 615 771 640 sc.
793 604 832 640 5.
866 605 926 642 19.
954 605 1021 648 ait,
1051 607 1385 659 monosyllabum:
1419 609 1515 647 ibid.

61 671 138 702 act.
161 678 213 702 11.
233 677 289 702 sc.
313 665 352 702 6.
376 665 437 702 19.
457 669 498 702 et
516 663 622 702 alibi.
666 665 739 712 Ita,
760 665 847 713 fuit,
866 668 1190 719 monosyllabum,
1211 677 1255 709 ut
1274 671 1379 722 apud
1406 672 1519 710 Grae-

61 741 129 767 cos
158 729 197 780 yi
227 728 280 775 in,
305 727 492 779 harpyiae,
513 735 553 766 et
577 728 617 765 in
649 729 828 768 omnibus
847 733 1053 782 praeteritis
1074 734 1361 786 participiorum
1380 737 1516 774 activae

61 798 128 831 aut
161 791 340 831 medialis
368 791 515 838 fo1enae,
547 805 636 843 quae
667 793 745 831 sint
773 795 936 832 secundi
966 809 1097 835 sexus.
1156 798 1215 836 Ita
1240 805 1291 846 et,
1318 801 1404 846 siet,
1433 814 1515 838 mo-

60 856 328 909 nosyllabum3
357 855 519 907 possiet,
553 856 717 895 duarum
750 858 946 897 interdum
974 869 1034 898 est
1064 861 1313 912 syllabarum.
1370 865 1450 902 Sed
1479 872 1518 903 et

57 921 172 972 hujus
191 921 326 972 figurae
348 920 526 971 exempla
545 928 637 958 sunt
656 923 761 973 apud
780 923 982 974 Virgilium
1003 926 1097 963 satis
1117 926 1252 965 multa.

113 985 170 1022 M.
201 985 245 1021 In
265 983 394 1022 medio
413 983 592 1023 dictionis
612 985 797 1024 eliditur:
828 987 953 1026 Andr.
974 995 1049 1026 act.
1074 1003 1105 1028 1.
1126 1003 1182 1029 sc.
1207 993 1240 1028 1.
1259 992 1322 1029 64.

167 1053 177 1070 ‘
200 1048 418 1099 Quicquam
437 1048 636 1096 attine—re,
656 1050 757 1088 enim
777 1064 889 1089 ve-ro
910 1058 1129 1103 spectatum
1150 1055 1273 1093 satis!

113 1112 213 1151 Ibid.
236 1125 294 1151 sc.
314 1114 352 1151 3.
377 1113 412 1150 1.
444 1116 454 1133 ‘
476 1112 590 1149 Enim
611 1126 735 1161 ve-ro,
757 1114 895 1161 Dave‚'
913 1119 988 1155 &c.

62 1178 134 1215 Est
153 1181 399 1228 anapaestus:
427 1189 563 1215 versus
584 1184 714 1216 autem
730 1185 791 1218 est
810 1181 1048 1219 octonarius.

113 1240 212 1279 Ibid.
233 1246 310 1279 act.
331 1253 404 1280 111.
425 1253 480 1279 sc.
501 1242 538 1278 2.
568 1243 633 1280 23.
683 1243 786 1281 Ante
815 1252 1099 1283 consonantem
1129 1246 1168 1283 in
1199 1259 1293 1286 voce
1322 1251 1514 1300 sequenti,

57 1305 226 1344 eliditur.

165 1369 309 1407 ‘Certe
340 1368 442 1406 enim
475 1369 579 1407 scio:
609 1383 686 1408 non
722 1372 815 1408 satis
849 1385 910 1410 me
942 1373 1114 1423 pernosti
1146 1374 1263 1413 etiam
1282 1376 1408 1427 qualis
1431 1379 1515 1426 sim,

247 1433 383 1471 Simo.'

58 1497 128 1535 Est
148 1496 328 1548 dactylus
346 1497 384 1534 in
405 1497 528 1547 prima
549 1496 655 1534 sede.
704 1498 851 1536 Versus
872 1506 932 1537 est
951 1506 1172 1540 tetrameter
1192 1502 1400 1554 perfectus.

110 1560 209 1599 Ibid.
223 1567 298 1599 act.
317 1575 378 1598 1v.
393 1574 448 1599 sc.
465 1564 502 1599 5.
520 1562 557 1598 7.
579 1566 589 1583 ‘
605 1561 704 1599 Itan‘
720 1562 858 1614 Chrys'
874 1563 991 1602 hem?
1010 1578 1081 1603 nos
1097 1566 1256 1617 quidem
1271 1568 1337 1619 pol
1355 1570 1513 1608 miseras

161 1624 356 1676 perdidit!

104 1688 269 1726 Eliditur
282 1689 311 1726 L
321 1688 374 1735 in,
386 1687 575 1735 ille‚illos‚
588 1688 677 1734 illis,
690 1690 762 1727 διε.
794 1689 843 1727 Et
856 1690 939 1729 aliis
955 1692 1201 1742 quibusdam.
1232 1695 1399 1734 Eliditur
1410 1702 1450 1735 et
1464 1697 1513 1743 D,

55 1753 148 1790 utin
165 1752 266 1791 Eun.
281 1759 356 1791 act.
377 1765 428 1790 11.
445 1765 501 1790 sc.
516 1754 555 1791 2.
585 1752 751 1790 Eliditur
767 1767 924 1805 quoque
940 1756 990 1803 R,
1007 1763 1050 1795 ut
1063 1758 1162 1796 bene
1180 1772 1202 1796 a
1217 1759 1366 1798 Faerno
1383 1762 1516 1799 obser«

53 1823 187 1855 vatum
206 1817 291 1855 fuit.
320 1817 500 1855 Graviter
523 1818 654 1867 itaque
682 1817 817 1868 lapsus
836 1826 898 1857 est
917 1820 1110 1868 Muretus,
1131 1822 1196 1873 qui
1218 1836 1297 1860 non
1314 1823 1455 1862 viderit
1474 1825 1514 1862 in

56 1893 168 1919 versu
189 1880 378 1933 AEschyli,
408 1893 523 1931 quem
551 1881 635 1931 ipse
663 1881 821 1932 profert,
851 1883 1014 1934 primam
1043 1884 1097 1932 in,
1128 1886 1314 1937 morphen
1336 1887 1405 1925 Gr.
1427 1902 1513 1926 esse

52 1945 223 1991 brevem,
251 1951 408 1995 propter
437 1944 473 1981 R
500 1943 713 1994 liquidam:
745 1947 852 1996 atqui
877 1947 933 1985 sic
966 1955 1039 1986 est.
1096 1950 1210 1988 Unde
1231 1951 1334 2001 apud
1355 1953 1510 2002 poetam

55 2008 251 2055 Graecum,
271 2014 315 2046 ut
335 2007 488 2046 ostendi
507 2007 599 2046 olim
618 2007 668 2045 ad
685 2007 895 2047 Phaedrum
911 2024 920 2048 ε
941 2012 1085 2062 pherbe
1102 2013 1212 2059 boas,
1234 2014 1378 2063 pherbe
1396 2016 1511 2061 mela,

54 2074 126 2110 διο.
166 2073 238 2110 Est
256 2078 386 2110 autem
412 2072 694 2110 hexametrum.
752 2074 980 2112 Secundum
1004 2076 1117 2123 illud,
1150 2076 1308 2127 pherbe,
1334 2078 1511 2130 junctum

53 2148 141 2174 cum
162 2135 328 2188 syllaba,
359 2148 417 2183 as,
451 2135 622 2174 effecerit
651 2136 991 2186 palimbacchium,
1018 2139 1084 2190 qui
1110 2152 1179 2191 pes
1210 2139 1327 2191 plane
1354 2143 1403 2180 ab
1436 2143 1511 2181 hoc

53 2212 196 2250 genere
225 2199 376 2238 alienus
407 2206 479 2237 est.

107 2263 229 2301 Elisio
248 2263 445 2301 interdum
464 2262 573 2301 nulla
592 2269 667 2305 est.

52 2326 237 2365 Breviant
256 2327 450 2365 interdum
472 2328 619 2366 Comici
638 2342 727 2380 quae
749 2329 813 2366 alii
833 2329 1069 2381 producunt,
1096 2337 1139 2369 ut
1171 2332 1186 2368 Ι
1219 2332 1271 2380 in,
1293 2334 1367 2381 abi,
1388 2333 1510 2372 Andr.

52 2397 127 2429 act.
152 2404 180 2428 1.
204 2404 258 2429 sc.
281 2392 319 2429 5.
339 2392 402 2428 20.
424 2391 498 2437 bis,
530 2398 570 2430 et
589 2399 667 2431 act.
690 2406 727 2430 v.
748 2406 805 2431 se.
827 2394 863 2431 6.
889 2395 952 2433 14.
1006 2395 1067 2432 Ita
1100 2396 1303 2434 Terentius
1337 2396 1512 2436 ultimam

50 2454 209 2505 corripit
242 2454 296 2500 in,
325 2467 453 2502 mane,
483 2462 558 2493 act.
591 2468 654 2494 1v.
684 2469 739 2494 sc.
770 2459 809 2494 4.
839 2458 903 2495 21.
936 2456 988 2504 in,
1011 2458 1119 2508 jube,
1147 2466 1222 2498 act.
1247 2473 1286 2497 v.
1308 2473 1364 2499 sc.
1384 2463 1423 2499 4.
1446 2463 1510 2499 53.

50 2517 103 2564 in,
133 2523 233 2564 tace,
264 2518 366 2557 Eun.
395 2525 472 2557 act.
503 2532 577 2558 111.
600 2533 654 2558 sc.
675 2534 712 2558 v.
743 2523 808 2558 23.
840 2524 913 2559 διο.
944 2522 1050 2572 quia,
1084 2529 1126 2560 ut
1155 2524 1305 2575 opinor,
1325 2537 1372 2563 ea
1393 2525 1512 2564 verba

51 2589 162 2621 erant
180 2589 219 2621 et
239 2581 422 2620 secundae
443 2589 484 2622 et
501 2584 624 2622 tertiae
644 2583 874 2623 inflexionis.

597 2704 691 2742 ME.
748 2704 828 2743 TE.
887 2705 964 2744 SE.

103 2784 180 2823 Pro
203 2798 262 2823 ME
284 2786 467 2825 dicebant
489 2802 608 2826 iuno:
638 2796 680 2827 ut
703 2789 825 2827 Andr.
846 2797 922 2828 act.
947 2804 1007 2829 ιν.
1029 2804 1133 2830 scen.
1156 2795 1192 2829 4.
1216 2796 1251 2831 5.

213 2855 221 2870 ‘
247 2850 418 2901 Reliquit
437 2853 524 2891 med
543 2853 671 2899 homo,
701 2861 817 2904 atque
840 2855 956 2900 abiit,'
977 2859 1046 2893 διο.

143 2913 259 2955 Delph.
276 2918 305 2946 et
324 2915 397 2947 Vtar.
415 2917 497 2946 Clam
741 2918 863 2949 Tc›·‹.¹11÷‘.
1390 2920 1421 2951 N*
