1945 3296
325 234 381 275 88
630 243 871 274 nAmums
905 244 1097 275 HEiNsu
1133 244 1480 277 DISSERTATIO.

327 344 432 384 sunt,
466 335 533 388 qui
553 336 759 384 concinne,
790 344 829 375 et
855 335 1200 388 quemadmodum,
1229 343 1374 377 etcum
1397 347 1562 391 oportet,
1587 340 1806 393 jocantur.'

328 402 438 440 Sicut
456 402 557 439 enim
577 413 739 452 corpora
759 401 1006 452 distinguunt
1028 400 1086 438 sui
1105 407 1247 446 motus,
1281 410 1338 451 ut,
1375 404 1541 455 exempli
1561 405 1699 456 gratia,
1729 406 1789 457 ig-

327 478 416 503 nem
436 471 476 503 et
495 465 680 516 quicquid
702 465 787 503 leve
806 472 880 511 est,
900 472 1029 503 motus
1050 465 1115 515 qui
1137 464 1175 502 in
1198 465 1318 504 altum
1337 467 1472 516 fertur,
1500 481 1616 520 grave
1637 476 1787 517 contra,

327 537 455 568 motus
477 530 543 581 qui
560 528 610 567 ad
631 528 815 576 medium,
836 527 1050 579 eodemque
1069 528 1185 566 modo
1205 529 1243 566 in
1265 529 1372 575 aliis;
1394 531 1449 569 ita
1467 545 1515 570 ex
1533 532 1579 570 iis
1595 533 1660 584 qui
1679 541 1789 572 extra

328 600 433 640 sunt,
453 600 492 631 et
512 593 578 643 qui
599 593 636 630 in
658 593 793 630 oculos
814 592 1018 630 incurrunt
1039 593 1239 640 hominum
1256 594 1439 640 motibus,
1460 595 1615 634 habitus
1631 609 1787 648 quoque

327 663 516 708 apparent
536 656 675 694 animae
696 663 735 694 et
755 655 910 694 mores.'
965 656 1068 699 Quia
1101 664 1231 694 autem
1264 657 1364 695 risus
1396 658 1457 705 iis,
1489 665 1534 697 ut
1565 659 1787 710 plurimum,

327 722 393 772 qui
413 720 540 758 minus
560 726 652 758 sunt
669 720 839 765 honesti,
871 719 1008 769 quales
1028 720 1204 757 homines
1236 720 1376 770 plebeii
1410 728 1502 759 sunt
1532 728 1600 760 aut
1627 710 1787 769 scurrae,

328 791 461 835 gratus
482 797 568 823 esse
590 784 716 826 solet;
748 783 838 821 hinc
858 783 914 829 fit,
946 783 1071 833 inquit
1103 782 1206 821 idem
1226 783 1473 832 Aristoteles,
1506 791 1564 831 ut,
1593 786 1660 837 qui
1679 799 1789 825 scur-

327 847 418 886 riles
440 855 545 895 sunt,
579 847 715 885 urbani
752 847 868 885 etiam
890 846 1082 884 dicantur.
1140 847 1264 885 Addit
1296 854 1438 895 autem,
1471 848 1579 900 quod
1609 856 1788 901 spectare

328 910 404 949 huc
434 912 592 963 propius
623 911 796 949 videtur:
828 916 837 932 ‘
862 911 1083 949 Discrimen
1112 924 1203 950 vero
1235 925 1283 950 ex
1304 912 1478 963 Antiqua
1497 913 1702 952 Comoedia
1722 927 1791 965 ap-

328 983 437 1025 paret
458 983 497 1013 et
516 976 641 1013 Nova.
698 974 799 1012 Nam
829 975 867 1011 in
901 975 968 1012 illa
995 975 1034 1012 id
1065 975 1170 1026 quod
1204 976 1445 1023 obscoenum,
1476 976 1516 1013 in
1546 975 1622 1015 hac
1641 983 1790 1024 autem,

330 1039 435 1088 quod
457 1040 719 1090 suspicionem
740 1045 891 1077 tantum
909 1041 992 1090 ejus
1010 1047 1152 1087 movet,
1168 1039 1286 1077 risum
1305 1053 1462 1091 quoque
1479 1039 1679 1091 exprimit3
1701 1054 1789 1092 quae

330 1115 407 1140 non
429 1117 565 1154 parum
587 1103 771 1142 differunt
791 1104 841 1141 ad
863 1104 1134 1142 venustatem!
1183 1105 1291 1143 Idem
1310 1105 1359 1142 de
1379 1104 1527 1142 cavillis
1544 1117 1700 1156 quoque
1721 1104 1791 1142 ad-

331 1165 389 1204 dit
408 1174 447 1204 et
466 1167 666 1205 conviciis.
717 1167 866 1210 Quibus
885 1168 1121 1206 abstinuisse
1143 1168 1327 1206 Plautum
1349 1175 1517 1215 constat,
1535 1181 1624 1207 cum
1640 1168 1791 1206 obscoe-

332 1230 453 1268 nitate
485 1231 627 1268 nemini
657 1231 863 1269 concedat.
923 1231 1049 1282 Hujus
1081 1238 1210 1270 autem
1241 1231 1279 1269 in
1309 1239 1475 1283 utroque
1503 1245 1550 1270 ex
1571 1231 1791 1270 Aristotelis

326 1292 476 1343 judicio
495 1294 701 1332 discrimen
724 1295 940 1334 videamus.
999 1294 1162 1346 Byrrhia
1182 1295 1287 1346 apud
1308 1295 1532 1334 Terentium
1551 1294 1724 1333 Andria:

496 1391 580 1441 Ego
596 1391 702 1428 illam
724 1391 802 1429 vidi
820 1391 1030 1442 virginem:
1062 1391 1185 1429 forma
1204 1391 1308 1429 bona

496 1455 659 1493 Memini
679 1455 808 1494 videre
827 1470 835 1494 :
867 1470 945 1507 quo
966 1456 1113 1507 aequior
1133 1469 1218 1494 sum
1238 1455 1458 1507 Pamphilo,

498 1520 538 1556 Si
560 1533 601 1557 se
618 1519 723 1558 illam
743 1520 780 1557 in
803 1520 965 1566 somnis,
986 1532 1104 1570 quam
1124 1519 1247 1565 illum,
1269 1518 1449 1570 amplecti
1469 1517 1616 1557 maluit.

337 1615 457 1652 Vides
478 1614 516 1652 in
537 1614 612 1661 his,
636 1629 714 1653 non
735 1616 1042 1661 obscoenitatem,
1073 1615 1142 1653 sed
1173 1614 1433 1666 suspicionem
1454 1614 1507 1651 rei
1527 1626 1664 1665 parum
1685 1625 1793 1651 vere-

337 1679 493 1726 cundae,
514 1682 572 1716 καὶ
594 1681 785 1726 ὑπόνοιαν,
807 1694 895 1731 quae
917 1688 994 1718 tam
1018 1686 1078 1717 est
1097 1680 1275 1726 honesta,
1310 1686 1353 1717 ut
1373 1692 1395 1716 a
1412 1679 1548 1730 quavis
1568 1678 1718 1729 virgine
1737 1677 1794 1724 id,

337 1743 555 1781 urbanitate
577 1744 700 1789 salva,
721 1743 796 1782 dici
817 1744 955 1795 possit.
1014 1743 1119 1787 Quid
1140 1743 1243 1781 enim
1263 1742 1434 1788 suavius,
1455 1754 1571 1793 quam
1602 1745 1611 1762 ‘
1632 1741 1672 1779 in
1692 1754 1796 1779 som-

336 1807 396 1844 nis
428 1807 609 1858 amplecti
624 1807 650 1844 Υ
679 1814 718 1846 et
748 1808 919 1859 quidem,
957 1808 994 1846 si-
1019 1808 1066 1845 de
1086 1808 1165 1846 viro
1186 1815 1224 1845 et
1243 1808 1415 1845 formosa
1434 1806 1599 1857 conjuge
1619 1805 1770 1844 dicatur
1789 1808 1798 1842 !

339 1870 430 1907 Non
449 1872 551 1909 enim
573 1871 669 1910 dicit
687 1871 826 1918 βινεῖν,
847 1872 953 1923 quod
980 1873 1263 1923 Aristophanes
1285 1871 1463 1916 dixisset,
1495 1884 1568 1909 nec
1587 1883 1675 1921 quae
1695 1869 1735 1906 in
1755 1881 1796 1906 re

338 1935 406 1972 tali
431 1935 596 1973 Plautus
618 1948 805 1987 usurpare
834 1937 946 1983 solet,
977 1937 1043 1988 qui
1073 1949 1145 1974 nec
1166 1937 1328 1974 honeste
1349 1948 1397 1973 ea
1417 1935 1524 1981 dicit,
1555 1941 1595 1973 et
1613 1934 1797 1973 obscoene

343 1999 670 2050 circumloquitur.
730 2001 831 2038 Nam
853 2001 982 2051 qualia
1003 2008 1095 2038 sunt
1113 2001 1188 2038 ista
1209 2001 1379 2038 Casina!

449 2097 525 2134 OL.
551 2096 624 2134 Ubi
644 2095 754 2134 loeus
774 2104 925 2136 sumtus
945 2110 1059 2149 porro
1080 2105 1153 2144 est,
1172 2098 1356 2136 continuo
1373 2097 1507 2136 stricto
1524 2093 1674 2148 gladio:
1697 2096 1796 2132 atat!

607 2165 742 2212 papae!
771 2165 908 2213 papae!
967 2162 1042 2200 CL.
1072 2161 1176 2206 Quid
1196 2161 1236 2199 id
1254 2160 1400 2213 papae?

447 2226 523 2263 OL.
550 2225 760 2276 Flagitium
779 2226 830 2263 oh
849 2232 932 2265 erat
949 2227 1158 2264 maximum
1174 2239 1182 2264 ε
1214 2226 1386 2277 gladium
1408 2238 1456 2263 ne
1474 2224 1638 2262 haberet
1654 2214 1797 2261 metui:

608 2289 649 2327 id
668 2303 841 2340 quaerere
862 2291 1008 2342 occepi.

450 2354 554 2392 Dum
573 2354 748 2405 gladium
768 2368 817 2393 ne
837 2354 981 2393 habeat
1001 2368 1148 2407 quaero,
1169 2355 1308 2406 arripio
1329 2353 1526 2406 capulum.

344 2440 445 2477 Nam
467 2447 608 2487 cetera,
644 2441 682 2477 in
712 2440 851 2491 quibus
879 2440 995 2491 plane
1021 2440 1205 2492 loquitur,
1237 2439 1451 2491 praesertim
1472 2449 1560 2476 cum
1580 2435 1629 2474 de
1648 2436 1799 2474 Venere

343 2506 485 2554 ἀῤῥὴτῳ
511 2504 604 2555 agit,
637 2516 684 2542 ea
702 2517 793 2542 vero
814 2518 861 2543 ne
881 2517 1180 2544 comme-morare
1199 2504 1356 2556 quidem
1375 2502 1492 2540 malo.
1547 2500 1649 2539 Puto
1669 2507 1801 2538 autem

346 2568 440 2607 satis
462 2580 548 2605 esse
568 2566 832 2613 manifestum,
866 2569 980 2606 etiam
1000 2581 1089 2607 cum
1108 2567 1426 2618 circumloquitur
1445 2578 1533 2616 quae
1553 2577 1688 2616 parum
1709 2571 1801 2603 sunt

343 2632 524 2679 honesta,
556 2644 602 2669 ne
623 2631 787 2669 honeste
808 2632 979 2682 quidem,
1014 2640 1052 2671 et
1079 2646 1166 2671 cum
1188 2632 1440 2670 honestarum
1460 2628 1609 2667 aurium
1629 2627 1801 2669 fastidio,

345 2696 385 2733 id
404 2696 498 2733 fieri.
555 2694 676 2732 Vides
697 2708 790 2746 ergo
809 2696 957 2746 passim
977 2695 1130 2734 Veteris
1150 2695 1371 2746 imaginem,
1391 2693 1521 2740 etiam,
1542 2692 1591 2730 de
1612 2704 1690 2742 quo
1710 2704 1800 2730 mox

343 2761 461 2811 paulo
481 2765 584 2812 post,
606 2759 812 2797 dicacitate
833 2772 878 2798 ac
897 2759 1182 2800 maledicentia.
1223 2760 1321 2804 Quae
1337 2757 1503 2798 Athenis
1518 2755 1659 2810 partim
1677 2755 1800 2808 leges,
