1903 3306
502 250 569 280 An
603 249 774 279 METRA
808 248 1065 279 TERENTII.
1452 242 1534 284 189

83 340 201 380 modo
220 343 379 381 tollatur
398 341 509 389 illud,
531 349 604 389 est,
625 342 732 393 quod
751 355 798 381 ex
818 341 1054 393 glossemate
1086 340 1162 378 huc
1182 341 1347 392 irrepsit.
1403 343 1535 382 Possit

82 405 214 444 referri
235 411 275 444 et
293 406 342 444 ad
363 419 486 456 genus
504 405 818 444 choriambicum.
876 405 1080 443 Secundus
1110 411 1241 455 potest
1261 418 1348 442 esse
1368 406 1535 444 trochai-

83 481 155 506 cus
177 469 349 507 senarius
370 469 649 513 catalecticus;
694 469 764 507 sed
794 470 959 507 fortasse
990 468 1177 506 iambicus
1209 468 1378 507 trimeter
1398 469 1536 516 fuerat,

84 531 140 570 sic
160 532 210 569 ad
229 532 389 570 formam
409 545 518 570 suam
538 532 775 583 redigendus
792 545 801 569 :

243 615 384 653 Innata
402 615 583 667 cuiquam
601 622 710 654 tanta
729 622 773 654 ut
793 616 864 654 siet
883 615 1078 654 vecordia.

137 700 263 746 Tunc,
284 699 370 746 siet,
389 699 503 738 fuerit
526 700 852 750 monosyllabum.
897 700 1085 749 Exempla
1114 700 1264 737 infinita
1284 706 1389 738 sunt.
1445 701 1536 739 Ter-

83 765 160 802 tius
181 770 241 801 est
265 763 485 801 trochaicus
516 763 758 813 septenarius
793 763 1060 809 catalecticus,
1092 764 1313 815 cujusmodi
1345 777 1424 802 non
1459 778 1538 802 me-

83 828 177 866 mini
194 841 255 865 me
275 826 419 865 multos
439 827 567 878 legere
585 841 594 864 :

244 911 298 948 Ut
316 911 445 950 rna-lis
463 912 655 962 gau-deat
671 912 931 962 alien'-at-qu'
952 912 1330 952 ex-in-commo-dis.

138 997 298 1043 Tamen,
317 997 422 1048 quod
455 996 582 1034 minus
604 997 788 1034 credibile
808 996 999 1044 videatur,
1031 1011 1079 1034 ex
1112 998 1249 1048 regula
1279 1005 1318 1036 et
1350 1000 1534 1038 observa-

86 1061 204 1107 tione,
224 1074 312 1111 quae
341 1061 498 1099 inferius
531 1067 694 1112 ponetur
730 1061 778 1099 de
810 1060 991 1098 elidendo
1022 1062 1062 1106 S,
1089 1062 1230 1111 poterit
1260 1076 1345 1100 esse
1366 1064 1539 1101 senarius

85 1124 164 1163 sic:

248 1188 299 1225 Ut
319 1188 616 1239 mali'-gaudeat
637 1189 794 1226 a-lienis
817 1188 923 1238 atqu’
944 1188 1299 1226 ex-incom-modis.

141 1274 223 1312 Erit
242 1273 428 1324 synizesis
446 1275 485 1312 in
506 1275 680 1313 secundo
699 1275 813 1326 pede,
835 1281 878 1312 ut
898 1281 936 1312 et
956 1274 994 1311 in
1016 1274 1142 1320 tertio,
1163 1274 1218 1311 nil
1241 1275 1496 1325 frequentius.

193 1337 366 1381 Quartus
385 1344 445 1376 est
460 1351 469 1376 :

248 1400 419 1438 Alterius
441 1414 511 1439 sua
532 1408 574 1439 ut
593 1408 792 1451 comparet
810 1400 1039 1438 commoda!
1068 1401 1129 1438 ab.

142 1464 245 1502 Puto
261 1463 506 1502 scribendum
522 1477 622 1509 esse,
639 1464 818 1502 Alterius
832 1469 876 1501 ut
906 1477 976 1501 sua
992 1463 1187 1502 commoda
1204 1471 1396 1515 comparet
1408 1466 1541 1504 !—alt.

143 1549 222 1588 Erit
242 1550 456 1602 dactylicus
476 1551 759 1603 quaternarius.
816 1550 919 1587 Illud
941 1558 1069 1587 autem
1090 1550 1140 1587 αΙι
1162 1556 1270 1588 extra
1285 1564 1437 1589 versum
1458 1553 1541 1599 erit,

88 1619 132 1651 ut
152 1615 280 1652 solent
298 1628 385 1653 esse
405 1616 723 1661 exclamationes,
742 1615 1043 1665 interjectioneS,
1070 1614 1108 1650 in
1129 1614 1204 1651 fine
1225 1621 1264 1651 et
1283 1615 1407 1661 initio,
1438 1616 1543 1666 apud

91 1677 338 1728 Sophoclem,
360 1679 596 1729 Euripidem,
618 1679 929 1729 Aristophanem.
989 1677 1092 1720 Quin
1114 1683 1154 1715 et
1184 1678 1289 1729 apud
1320 1678 1542 1717 Terentium

89 1740 216 1792 ipsum
235 1743 412 1794 exempla
431 1742 611 1792 reperies.

464 1815 525 1853 De
549 1815 719 1860 Cretico,
741 1828 809 1852 seu
830 1814 1117 1865 Amphimacro.

88 1889 315 1928 Joachimus
338 1890 598 1937 Camerarius,
614 1891 669 1927 vir
693 1890 790 1927 inter
811 1889 1028 1926 Germanos
1050 1889 1241 1939 superiori
1258 1890 1402 1926 saeculo
1422 1890 1543 1941 iusig-

90 1953 166 2000 nis,
186 1953 523 2000 honoratissimus,
554 1960 593 1991 et
611 1954 729 2003 longe
757 1953 940 2003 optimus,
959 1959 1085 2003 putat,
1106 1952 1298 1990 Creticum
1320 1953 1356 1989 in
1380 1953 1541 1991 iambico

91 2023 130 2054 et
148 2017 346 2055 trochaico
366 2030 507 2067 genere
526 2017 655 2054 locum
675 2017 818 2054 habere
849 2030 927 2053 non
955 2029 1070 2066 posse
1088 2029 1097 2058 ;
1128 2016 1239 2053 multi
1259 2024 1394 2053 contra
1415 2017 1544 2054 nitun-

89 2087 164 2119 tur.
221 2081 300 2119 Sed
320 2081 532 2120 videamus.
590 2081 634 2118 In
658 2081 757 2119 And.
781 2087 856 2119 act.
876 2094 907 2118 1.
930 2094 985 2118 sc.
1007 2082 1041 2117 1.
1063 2081 1128 2117 25.
1149 2079 1316 2130 legitur:

197 2169 368 2206 Liberius
388 2167 543 2206 vivendi
562 2167 634 2205 fuit
653 2173 851 2218 potestas:
881 2179 970 2203 narn
991 2171 1119 2203 antea.

148 2253 277 2290 Debet
297 2258 425 2290 autem
445 2265 531 2290 esse
551 2264 685 2289 versus
707 2251 880 2288 senarius
895 2250 1094 2289 iambicus.
1151 2250 1288 2300 Itaque
1319 2254 1328 2271 ‘
1347 2250 1517 2289 Libe-rius
1535 2251 1543 2266 '

93 2317 165 2356 erit
185 2317 362 2355 Creticus
396 2316 535 2354 extrito
568 2317 614 2362 E,
644 2315 750 2366 quod
771 2316 886 2353 breve
919 2322 994 2361 est,
1025 2314 1137 2365 quasi
1164 2315 1449 2364 pronuntiares‚
1484 2315 1546 2351 Li-

93 2381 214 2419 brius.
273 2381 459 2431 Exempla
489 2380 571 2431 ejus
591 2380 645 2417 rei
666 2387 757 2417 sunt
777 2379 1071 2417 innumerabilia
1091 2379 1128 2416 in
1151 2378 1307 2416 comicis
1328 2384 1367 2415 et
1387 2378 1544 2429 tragicis

94 2445 276 2495 antiquis.
345 2444 449 2488 Quin
481 2450 519 2482 et
556 2444 660 2495 apud
693 2443 896 2495 Virgilium
931 2442 1269 2494 diligentissimum
1305 2443 1543 2493 scriptorem,

94 2509 222 2559 legas,
248 2509 386 2559 aspris,
420 2521 504 2559 pro,
525 2508 694 2559 asperis3
737 2514 963 2553 semustum,
995 2520 1078 2557 pro,
1112 2506 1362 2549 semiustum
1392 2506 1543 2551 vinclis,

93 2585 178 2623 pro,
198 2571 383 2614 vineulis;
415 2571 601 2616 oraclum,
634 2584 718 2622 pro,
746 2571 970 2613 oraculum3
1003 2569 1252 2620 gubernacIO,
1287 2582 1370 2620 pro,
1407 2571 1545 2620 guber-

95 2635 262 2678 naculo;
293 2634 445 2680 circlos,
466 2647 549 2686 pm,
583 2634 771 2677 circulos3
801 2640 840 2671 et
868 2633 1064 2684 maniplis,
1095 2645 1178 2683 pro,
1209 2633 1431 2683 manipulis.
1486 2634 1543 2671 Ac

96 2700 129 2738 si
147 2699 312 2737 elidatur
331 2699 357 2736 S
384 2699 437 2745 in,
467 2698 636 2744 liberius,
672 2698 778 2748 quod
805 2699 893 2736 olim
913 2698 1043 2744 fiebat,
1078 2696 1149 2735 erit
1180 2703 1330 2734 tantum
1351 2696 1545 2749 dactylus,

96 2761 233 2800 libriu’.
290 2763 341 2799 At
367 2761 476 2807 illud,
509 2761 595 2808 fuit,
626 2761 697 2798 erit
716 2760 1050 2811 monosyllabum3
1092 2760 1199 2810 quod
1229 2766 1267 2798 et
1293 2773 1424 2797 verum
1458 2773 1543 2797 esse

97 2824 289 2863 interdum
322 2824 416 2863 scio.
478 2824 589 2862 Tunc
621 2824 799 2863 Creticus
833 2824 1015 2863 exclusus
1044 2824 1168 2861 fuerit.
1227 2823 1330 2873 Ergo
1350 2830 1545 2872 quaeratur
