<?xml version="1.0" encoding="UTF-8"?>
<!DOCTYPE html PUBLIC "-//W3C//DTD XHTML 1.0 Transitional//EN"
    "http://www.w3.org/TR/xhtml1/DTD/xhtml1-transitional.dtd">
<html xmlns="http://www.w3.org/1999/xhtml" xml:lang="en" lang="en">
 <head>
  <title>
</title>
<meta http-equiv="Content-Type" content="text/html;charset=utf-8" />
  <meta name='ocr-system' content='tesseract 3.04.00' />
  <meta name='ocr-capabilities' content='ocr_page ocr_carea ocr_par ocr_line ocrx_word'/>
</head>
<body>
  <div class='ocr_page' id='page_1' title='image "./pubterentiiafric01tereuoft/pubterentiiafric01tereuoft_0371.png"; bbox 0 0 1903 3306; ppageno 0'>
   <div class='ocr_carea' id='block_1_1' title="bbox 505 238 1554 282">
    <p class='ocr_par' dir='ltr' id='par_1_1' title="bbox 505 238 1554 282">
     <span class='ocr_line' id='line_1_1' title="bbox 505 238 1554 282; baseline -0.002 0"><span class='ocrx_word' id='word_1_1' title='bbox 505 249 711 282; x_wconf 76' lang='lat' dir='ltr'><strong><em>ANDmAE</em></strong></span> <span class='ocrx_word' id='word_1_2' title='bbox 745 249 853 280; x_wconf 70' lang='lat' dir='ltr'><strong><em>Aer.</em></strong></span> <span class='ocrx_word' id='word_1_3' title='bbox 887 249 954 281; x_wconf 81' lang='lat' dir='ltr'><strong><em>iv.</em></strong></span> <span class='ocrx_word' id='word_1_4' title='bbox 986 249 1053 279; x_wconf 79' lang='lat' dir='ltr'><strong><em>sc.</em></strong></span> <span class='ocrx_word' id='word_1_5' title='bbox 1087 249 1152 280; x_wconf 79' lang='lat' dir='ltr'><strong><em>iv.</em></strong></span> <span class='ocrx_word' id='word_1_6' title='bbox 1468 238 1554 280; x_wconf 75' lang='lat'><strong><em>361</em></strong></span> 
     </span>
    </p>
   </div>
   <div class='ocr_carea' id='block_1_2' title="bbox 107 341 1565 1270">
    <p class='ocr_par' dir='ltr' id='par_1_2' title="bbox 108 341 1407 397">
     <span class='ocr_line' id='line_1_2' title="bbox 108 341 1407 397; baseline -0.005 -9"><span class='ocrx_word' id='word_1_7' title='bbox 108 347 211 388; x_wconf 87' lang='lat' dir='ltr'><strong><em>MY.</em></strong></span> <span class='ocrx_word' id='word_1_8' title='bbox 243 345 457 387; x_wconf 72' lang='lat' dir='ltr'><strong><em>Deliras?</em></strong></span> <span class='ocrx_word' id='word_1_9' title='bbox 489 358 577 386; x_wconf 90' lang='lat' dir='ltr'><strong><em>non</em></strong></span> <span class='ocrx_word' id='word_1_10' title='bbox 600 349 693 386; x_wconf 85' lang='lat' dir='ltr'><strong><em>tute</em></strong></span> <span class='ocrx_word' id='word_1_11' title='bbox 713 343 846 397; x_wconf 80' lang='lat' dir='ltr'><strong><em>ipse‘l</em></strong></span> <span class='ocrx_word' id='word_1_12' title='bbox 907 342 999 384; x_wconf 87' lang='lat' dir='ltr'><strong><em>DA.</em></strong></span> <span class='ocrx_word' id='word_1_13' title='bbox 1020 341 1219 382; x_wconf 82' lang='lat' dir='ltr'><strong>Verbum</strong></span> <span class='ocrx_word' id='word_1_14' title='bbox 1241 341 1280 382; x_wconf 85' lang='lat' dir='ltr'><strong><em>si</em></strong></span> <span class='ocrx_word' id='word_1_15' title='bbox 1299 342 1407 382; x_wconf 86' lang='lat' dir='ltr'><strong><em>mihi</em></strong></span> 
     </span>
    </p>

    <p class='ocr_par' dir='ltr' id='par_1_3' title="bbox 107 399 1227 473">
     <span class='ocr_line' id='line_1_3' title="bbox 107 399 1227 473; baseline -0.004 -20"><span class='ocrx_word' id='word_1_16' title='bbox 107 411 268 461; x_wconf 88' lang='lat' dir='ltr'><strong><em>Unum,</em></strong></span> <span class='ocrx_word' id='word_1_17' title='bbox 281 399 581 465; x_wconf 58' lang='lat' dir='ltr'><strong><em>ffaeterquam</em></strong></span> <span class='ocrx_word' id='word_1_18' title='bbox 602 412 717 465; x_wconf 89' lang='lat' dir='ltr'><strong><em>quod</em></strong></span> <span class='ocrx_word' id='word_1_19' title='bbox 740 417 780 452; x_wconf 86' lang='lat' dir='ltr'><strong><em>te</em></strong></span> <span class='ocrx_word' id='word_1_20' title='bbox 801 423 922 462; x_wconf 82' lang='lat' dir='ltr'><strong><em>rogo,</em></strong></span> <span class='ocrx_word' id='word_1_21' title='bbox 941 409 1077 458; x_wconf 80' lang='lat' dir='ltr'><strong><em>faxis,</em></strong></span> <span class='ocrx_word' id='word_1_22' title='bbox 1101 421 1227 473; x_wconf 51' lang='lat' dir='ltr'><strong><em>ejve.</em></strong></span> 
     </span>
    </p>

    <p class='ocr_par' dir='ltr' id='par_1_4' title="bbox 110 475 1559 595">
     <span class='ocr_line' id='line_1_4' title="bbox 110 475 1557 521; baseline -0.003 -1"><span class='ocrx_word' id='word_1_23' title='bbox 110 479 210 521; x_wconf 81' lang='lat' dir='ltr'><strong><em>MY.</em></strong></span> <span class='ocrx_word' id='word_1_24' title='bbox 233 479 356 519; x_wconf 80' lang='lat' dir='ltr'><strong><em>Male</em></strong></span> <span class='ocrx_word' id='word_1_25' title='bbox 378 479 522 519; x_wconf 72' lang='lat' dir='ltr'><strong><em>dicis‘?</em></strong></span> <span class='ocrx_word' id='word_1_26' title='bbox 575 479 670 518; x_wconf 85' lang='lat' dir='ltr'><strong><em>DA.</em></strong></span> <span class='ocrx_word' id='word_1_27' title='bbox 692 478 820 518; x_wconf 83' lang='lat' dir='ltr'>Unde</span> <span class='ocrx_word' id='word_1_28' title='bbox 842 476 924 518; x_wconf 63' lang='lat' dir='ltr'><strong><em>&#39;sti</em></strong></span> <span class='ocrx_word' id='word_1_29' title='bbox 947 476 1018 516; x_wconf 83' lang='lat' dir='ltr'><strong><em>dic</em></strong></span> <span class='ocrx_word' id='word_1_30' title='bbox 1039 476 1170 516; x_wconf 83' lang='lat' dir='ltr'><strong><em>clare.</em></strong></span> <span class='ocrx_word' id='word_1_31' title='bbox 1223 475 1329 517; x_wconf 74' lang='lat' dir='ltr'><strong><em>MY.</em></strong></span> <span class='ocrx_word' id='word_1_32' title='bbox 1350 475 1394 518; x_wconf 92' lang='lat' dir='ltr'>A</span> <span class='ocrx_word' id='word_1_33' title='bbox 1414 477 1557 518; x_wconf 77' lang='lat' dir='ltr'><strong><em>vobis.</em></strong></span> 
     </span>
     <span class='ocr_line' id='line_1_5' title="bbox 279 544 1559 595; baseline -0.002 -9"><span class='ocrx_word' id='word_1_34' title='bbox 279 546 370 586; x_wconf 83' lang='lat' dir='ltr'><strong><em>DA.</em></strong></span> <span class='ocrx_word' id='word_1_35' title='bbox 404 546 497 595; x_wconf 85' lang='lat' dir='ltr'><strong><em>Ha,</em></strong></span> <span class='ocrx_word' id='word_1_36' title='bbox 516 546 588 595; x_wconf 83' lang='lat' dir='ltr'><strong><em>ha,</em></strong></span> <span class='ocrx_word' id='word_1_37' title='bbox 607 546 674 585; x_wconf 86' lang='lat' dir='ltr'><strong><em>he.</em></strong></span> <span class='ocrx_word' id='word_1_38' title='bbox 1504 544 1559 585; x_wconf 76' lang='lat'><strong><em>15</em></strong></span> 
     </span>
    </p>

    <p class='ocr_par' dir='ltr' id='par_1_5' title="bbox 109 610 1323 670">
     <span class='ocr_line' id='line_1_6' title="bbox 109 610 1323 670; baseline -0.002 -18"><span class='ocrx_word' id='word_1_39' title='bbox 109 612 270 653; x_wconf 85' lang='lat' dir='ltr'><strong>Mirum</strong></span> <span class='ocrx_word' id='word_1_40' title='bbox 292 625 411 663; x_wconf 87' lang='lat' dir='ltr'><strong><em>vero,</em></strong></span> <span class='ocrx_word' id='word_1_41' title='bbox 433 613 703 666; x_wconf 83' lang='lat' dir='ltr'><strong><em>impudenter</em></strong></span> <span class='ocrx_word' id='word_1_42' title='bbox 723 611 876 652; x_wconf 84' lang='lat' dir='ltr'><strong><em>mulier</em></strong></span> <span class='ocrx_word' id='word_1_43' title='bbox 898 611 937 652; x_wconf 88' lang='lat' dir='ltr'><strong><em>si</em></strong></span> <span class='ocrx_word' id='word_1_44' title='bbox 958 610 1066 651; x_wconf 82' lang='lat' dir='ltr'><strong><em>facit</em></strong></span> <span class='ocrx_word' id='word_1_45' title='bbox 1085 610 1323 670; x_wconf 68' lang='lat' dir='ltr'><strong><em>meretrix?</em></strong></span> 
     </span>
    </p>

    <p class='ocr_par' dir='ltr' id='par_1_6' title="bbox 109 666 1331 732">
     <span class='ocr_line' id='line_1_7' title="bbox 109 666 1331 732; baseline -0.002 -12"><span class='ocrx_word' id='word_1_46' title='bbox 109 679 197 720; x_wconf 83' lang='lat' dir='ltr'><strong><em>CH.</em></strong></span> <span class='ocrx_word' id='word_1_47' title='bbox 219 679 292 721; x_wconf 93' lang='lat' dir='ltr'><strong><em>Ab</em></strong></span> <span class='ocrx_word' id='word_1_48' title='bbox 312 679 484 720; x_wconf 83' lang='lat' dir='ltr'>Andria</span> <span class='ocrx_word' id='word_1_49' title='bbox 505 678 555 720; x_wconf 83' lang='lat' dir='ltr'><strong><em>&#39;st</em></strong></span> <span class='ocrx_word' id='word_1_50' title='bbox 575 680 734 720; x_wconf 84' lang='lat' dir='ltr'><strong><em>ancilla</em></strong></span> <span class='ocrx_word' id='word_1_51' title='bbox 752 679 866 727; x_wconf 86' lang='lat' dir='ltr'>haec,</span> <span class='ocrx_word' id='word_1_52' title='bbox 888 684 1103 732; x_wconf 83' lang='lat' dir='ltr'><strong><em>quantum</em></strong></span> <span class='ocrx_word' id='word_1_53' title='bbox 1123 666 1331 730; x_wconf 55' lang='lat' dir='ltr'><strong><em>infelligo.</em></strong></span> 
     </span>
    </p>

    <p class='ocr_par' dir='ltr' id='par_1_7' title="bbox 110 745 1077 805">
     <span class='ocr_line' id='line_1_8' title="bbox 110 745 1077 805; baseline -0.002 -18"><span class='ocrx_word' id='word_1_54' title='bbox 110 747 205 787; x_wconf 91' lang='lat' dir='ltr'><strong><em>DA.</em></strong></span> <span class='ocrx_word' id='word_1_55' title='bbox 229 745 402 805; x_wconf 46' lang='lat' dir='ltr'><strong><em>A-‹j‘eon&#39;</em></strong></span> <span class='ocrx_word' id='word_1_56' title='bbox 424 746 623 787; x_wconf 83' lang='lat' dir='ltr'><strong><em>videmur</em></strong></span> <span class='ocrx_word' id='word_1_57' title='bbox 642 746 772 786; x_wconf 86' lang='lat' dir='ltr'><strong><em>vobis</em></strong></span> <span class='ocrx_word' id='word_1_58' title='bbox 794 758 892 786; x_wconf 85' lang='lat' dir='ltr'><strong><em>esse</em></strong></span> <span class='ocrx_word' id='word_1_59' title='bbox 912 745 1077 794; x_wconf 90' lang='lat' dir='ltr'><strong><em>idonei,</em></strong></span> 
     </span>
    </p>

    <p class='ocr_par' dir='ltr' id='par_1_8' title="bbox 110 811 1257 867">
     <span class='ocr_line' id='line_1_9' title="bbox 110 811 1257 867; baseline -0.003 -13"><span class='ocrx_word' id='word_1_60' title='bbox 110 813 162 854; x_wconf 91' lang='lat' dir='ltr'><strong><em>In</em></strong></span> <span class='ocrx_word' id='word_1_61' title='bbox 179 814 342 867; x_wconf 88' lang='lat' dir='ltr'><strong><em>quibus</em></strong></span> <span class='ocrx_word' id='word_1_62' title='bbox 361 814 425 854; x_wconf 88' lang='lat' dir='ltr'><strong><em>sic</em></strong></span> <span class='ocrx_word' id='word_1_63' title='bbox 445 812 679 853; x_wconf 71' lang='lat' dir='ltr'><strong><em>illudatis?</em></strong></span> <span class='ocrx_word' id='word_1_64' title='bbox 740 812 829 853; x_wconf 80' lang='lat' dir='ltr'><strong><em>CH.</em></strong></span> <span class='ocrx_word' id='word_1_65' title='bbox 847 811 965 852; x_wconf 89' lang='lat' dir='ltr'><strong><em>Veni</em></strong></span> <span class='ocrx_word' id='word_1_66' title='bbox 985 812 1029 851; x_wconf 91' lang='lat' dir='ltr'><strong><em>in</em></strong></span> <span class='ocrx_word' id='word_1_67' title='bbox 1046 816 1257 865; x_wconf 80' lang='lat' dir='ltr'><strong><em>tempore.</em></strong></span> 
     </span>
    </p>

    <p class='ocr_par' dir='ltr' id='par_1_9' title="bbox 112 879 1563 934">
     <span class='ocr_line' id='line_1_10' title="bbox 112 879 1563 934; baseline -0.001 -13"><span class='ocrx_word' id='word_1_68' title='bbox 112 881 205 921; x_wconf 87' lang='lat' dir='ltr'><strong><em>DA.</em></strong></span> <span class='ocrx_word' id='word_1_69' title='bbox 237 880 438 934; x_wconf 85' lang='lat' dir='ltr'><strong><em>Propera</em></strong></span> <span class='ocrx_word' id='word_1_70' title='bbox 458 880 570 921; x_wconf 81' lang='lat' dir='ltr'><strong><em>adeo</em></strong></span> <span class='ocrx_word' id='word_1_71' title='bbox 591 893 776 934; x_wconf 87' lang='lat' dir='ltr'><strong><em>puerum</em></strong></span> <span class='ocrx_word' id='word_1_72' title='bbox 797 880 946 920; x_wconf 79' lang='lat' dir='ltr'><strong><em>tollere</em></strong></span> <span class='ocrx_word' id='word_1_73' title='bbox 967 879 1071 921; x_wconf 90' lang='lat' dir='ltr'><strong><em>hinc</em></strong></span> <span class='ocrx_word' id='word_1_74' title='bbox 1093 880 1149 920; x_wconf 83' lang='lat' dir='ltr'><strong><em>ab</em></strong></span> <span class='ocrx_word' id='word_1_75' title='bbox 1166 880 1316 933; x_wconf 81' lang='lat' dir='ltr'><strong><em>janua.</em></strong></span> <span class='ocrx_word' id='word_1_76' title='bbox 1505 879 1563 920; x_wconf 76' lang='lat'><strong><em>20</em></strong></span> 
     </span>
    </p>

    <p class='ocr_par' dir='ltr' id='par_1_10' title="bbox 112 947 1244 1001">
     <span class='ocr_line' id='line_1_11' title="bbox 112 947 1244 1001; baseline -0.001 -13"><span class='ocrx_word' id='word_1_77' title='bbox 112 947 274 999; x_wconf 81' lang='lat' dir='ltr'><strong><em>Mane3</em></strong></span> <span class='ocrx_word' id='word_1_78' title='bbox 305 960 414 988; x_wconf 83' lang='lat' dir='ltr'><strong><em>cave</em></strong></span> <span class='ocrx_word' id='word_1_79' title='bbox 436 960 661 1001; x_wconf 86' lang='lat' dir='ltr'><strong><em>quoquam</em></strong></span> <span class='ocrx_word' id='word_1_80' title='bbox 682 960 740 987; x_wconf 86' lang='lat' dir='ltr'><strong><em>ex</em></strong></span> <span class='ocrx_word' id='word_1_81' title='bbox 761 947 879 987; x_wconf 85' lang='lat' dir='ltr'><strong><em>istoc</em></strong></span> <span class='ocrx_word' id='word_1_82' title='bbox 902 947 1104 1000; x_wconf 58' lang='lat' dir='ltr'><strong><em>exegssis</em></strong></span> <span class='ocrx_word' id='word_1_83' title='bbox 1124 947 1244 987; x_wconf 86' lang='lat' dir='ltr'><strong><em>loco.</em></strong></span> 
     </span>
    </p>

    <p class='ocr_par' dir='ltr' id='par_1_11' title="bbox 112 1014 1250 1072">
     <span class='ocr_line' id='line_1_12' title="bbox 112 1014 1250 1072; baseline 0 -17"><span class='ocrx_word' id='word_1_84' title='bbox 112 1015 216 1056; x_wconf 86' lang='lat' dir='ltr'><strong><em>MY.</em></strong></span> <span class='ocrx_word' id='word_1_85' title='bbox 248 1015 309 1055; x_wconf 91' lang='lat' dir='ltr'><strong><em>Di</em></strong></span> <span class='ocrx_word' id='word_1_86' title='bbox 329 1019 374 1055; x_wconf 87' lang='lat' dir='ltr'><strong><em>te</em></strong></span> <span class='ocrx_word' id='word_1_87' title='bbox 395 1015 644 1072; x_wconf 63' lang='lat' dir='ltr'><strong><em>eradicent:</em></strong></span> <span class='ocrx_word' id='word_1_88' title='bbox 674 1015 735 1067; x_wconf 52' lang='lat' dir='ltr'><strong><em>iia</em></strong></span> <span class='ocrx_word' id='word_1_89' title='bbox 750 1027 818 1054; x_wconf 89' lang='lat' dir='ltr'><strong><em>me</em></strong></span> <span class='ocrx_word' id='word_1_90' title='bbox 838 1015 1044 1055; x_wconf 81' lang='lat' dir='ltr'><strong>miseram</strong></span> <span class='ocrx_word' id='word_1_91' title='bbox 1066 1014 1250 1068; x_wconf 55' lang='lat' dir='ltr'><strong><em>terrim&amp;</em></strong></span> 
     </span>
    </p>

    <p class='ocr_par' dir='ltr' id='par_1_12' title="bbox 113 1067 1565 1201">
     <span class='ocr_line' id='line_1_13' title="bbox 113 1067 1565 1134; baseline 0 -12"><span class='ocrx_word' id='word_1_92' title='bbox 113 1081 206 1123; x_wconf 78' lang='lat' dir='ltr'><strong><em>DA.</em></strong></span> <span class='ocrx_word' id='word_1_93' title='bbox 224 1081 329 1122; x_wconf 91' lang='lat' dir='ltr'>Tibi</span> <span class='ocrx_word' id='word_1_94' title='bbox 349 1094 430 1134; x_wconf 84' lang='lat' dir='ltr'><strong><em>ego</em></strong></span> <span class='ocrx_word' id='word_1_95' title='bbox 443 1067 570 1131; x_wconf 57' lang='lat' dir='ltr'><strong><em>ffico,</em></strong></span> <span class='ocrx_word' id='word_1_96' title='bbox 590 1094 644 1122; x_wconf 86' lang='lat' dir='ltr'><strong><em>an</em></strong></span> <span class='ocrx_word' id='word_1_97' title='bbox 664 1081 781 1121; x_wconf 69' lang='lat' dir='ltr'><strong><em>non?</em></strong></span> <span class='ocrx_word' id='word_1_98' title='bbox 828 1080 930 1121; x_wconf 75' lang='lat' dir='ltr'><strong><em>MY.</em></strong></span> <span class='ocrx_word' id='word_1_99' title='bbox 952 1081 1071 1132; x_wconf 83' lang='lat' dir='ltr'>Quid</span> <span class='ocrx_word' id='word_1_100' title='bbox 1090 1081 1190 1122; x_wconf 66' lang='lat' dir='ltr'><strong><em>vis?</em></strong></span> <span class='ocrx_word' id='word_1_101' title='bbox 1232 1081 1326 1122; x_wconf 87' lang='lat' dir='ltr'><strong><em>DA.</em></strong></span> <span class='ocrx_word' id='word_1_102' title='bbox 1342 1079 1414 1121; x_wconf 89' lang='lat' dir='ltr'><strong><em>An</em></strong></span> <span class='ocrx_word' id='word_1_103' title='bbox 1433 1080 1565 1123; x_wconf 83' lang='lat' dir='ltr'><strong><em>etiam</em></strong></span> 
     </span>
     <span class='ocr_line' id='line_1_14' title="bbox 284 1150 448 1201; baseline 0.006 -12"><span class='ocrx_word' id='word_1_104' title='bbox 284 1150 448 1201; x_wconf 59' lang='lat' dir='ltr'><strong><em>rogasi</em></strong></span> 
     </span>
    </p>

    <p class='ocr_par' dir='ltr' id='par_1_13' title="bbox 112 1214 1263 1270">
     <span class='ocr_line' id='line_1_15' title="bbox 112 1214 1263 1270; baseline -0.001 -14"><span class='ocrx_word' id='word_1_105' title='bbox 112 1214 246 1267; x_wconf 87' lang='lat' dir='ltr'>Cedo,</span> <span class='ocrx_word' id='word_1_106' title='bbox 268 1216 415 1270; x_wconf 83' lang='lat' dir='ltr'><strong><em>cujum</em></strong></span> <span class='ocrx_word' id='word_1_107' title='bbox 436 1229 617 1270; x_wconf 86' lang='lat' dir='ltr'><strong><em>puerum</em></strong></span> <span class='ocrx_word' id='word_1_108' title='bbox 636 1216 707 1257; x_wconf 77' lang='lat' dir='ltr'><strong><em>hic</em></strong></span> <span class='ocrx_word' id='word_1_109' title='bbox 730 1215 981 1270; x_wconf 82' lang='lat' dir='ltr'><strong><em>apposuisti</em></strong></span> <span class='ocrx_word' id='word_1_110' title='bbox 999 1215 1017 1255; x_wconf 69' lang='grc' dir='ltr'><strong><em>’ἒ</em></strong></span> <span class='ocrx_word' id='word_1_111' title='bbox 1049 1215 1120 1256; x_wconf 87' lang='lat' dir='ltr'><strong><em>dic</em></strong></span> <span class='ocrx_word' id='word_1_112' title='bbox 1142 1215 1263 1256; x_wconf 87' lang='lat' dir='ltr'><strong><em>mihi.</em></strong></span> 
     </span>
    </p>
   </div>
   <div class='ocr_carea' id='block_1_3' title="bbox 111 1328 1573 1755">
    <p class='ocr_par' dir='ltr' id='par_1_14' title="bbox 111 1328 1573 1755">
     <span class='ocr_line' id='line_1_16' title="bbox 112 1328 1566 1370; baseline -0.001 -9"><span class='ocrx_word' id='word_1_113' title='bbox 112 1329 167 1361; x_wconf 81' lang='lat' dir='ltr'><strong><em>An</em></strong></span> <span class='ocrx_word' id='word_1_114' title='bbox 181 1340 242 1361; x_wconf 81' lang='lat' dir='ltr'><strong><em>non</em></strong></span> <span class='ocrx_word' id='word_1_115' title='bbox 256 1333 291 1361; x_wconf 85' lang='lat' dir='ltr'><strong><em>tu</em></strong></span> <span class='ocrx_word' id='word_1_116' title='bbox 312 1330 439 1370; x_wconf 80' lang='lat' dir='ltr'><strong><em>ipsemet</em></strong></span> <span class='ocrx_word' id='word_1_117' title='bbox 457 1330 531 1361; x_wconf 74' lang='lat' dir='ltr'><strong><em>mihi</em></strong></span> <span class='ocrx_word' id='word_1_118' title='bbox 546 1331 661 1362; x_wconf 82' lang='lat' dir='ltr'><strong><em>eumin</em></strong></span> <span class='ocrx_word' id='word_1_119' title='bbox 682 1340 788 1361; x_wconf 82' lang='lat' dir='ltr'><strong><em>manus</em></strong></span> <span class='ocrx_word' id='word_1_120' title='bbox 802 1328 942 1361; x_wconf 75' lang='lat' dir='ltr'><strong><em>dedisti?</em></strong></span> <span class='ocrx_word' id='word_1_121' title='bbox 986 1331 1057 1362; x_wconf 78' lang='lat' dir='ltr'><strong><em>DA.</em></strong></span> <span class='ocrx_word' id='word_1_122' title='bbox 1081 1330 1117 1360; x_wconf 82' lang='lat' dir='ltr'><strong><em>Si</em></strong></span> <span class='ocrx_word' id='word_1_123' title='bbox 1134 1330 1210 1361; x_wconf 77' lang='lat' dir='ltr'><strong><em>mihi</em></strong></span> <span class='ocrx_word' id='word_1_124' title='bbox 1224 1330 1348 1360; x_wconf 82' lang='lat' dir='ltr'><strong><em>verbum</em></strong></span> <span class='ocrx_word' id='word_1_125' title='bbox 1368 1339 1473 1368; x_wconf 83' lang='lat' dir='ltr'><strong><em>unum,</em></strong></span> <span class='ocrx_word' id='word_1_126' title='bbox 1484 1338 1566 1369; x_wconf 81' lang='lat' dir='ltr'><strong><em>proe-</em></strong></span> 
     </span>
     <span class='ocr_line' id='line_1_17' title="bbox 114 1372 1568 1413; baseline 0.001 -11"><span class='ocrx_word' id='word_1_127' title='bbox 114 1375 163 1403; x_wconf 81' lang='lat' dir='ltr'><strong><em>ter</em></strong></span> <span class='ocrx_word' id='word_1_128' title='bbox 178 1374 212 1403; x_wconf 80' lang='lat' dir='ltr'><strong><em>id</em></strong></span> <span class='ocrx_word' id='word_1_129' title='bbox 227 1374 304 1412; x_wconf 84' lang='lat' dir='ltr'><strong><em>quod</em></strong></span> <span class='ocrx_word' id='word_1_130' title='bbox 319 1377 349 1403; x_wconf 86' lang='lat' dir='ltr'><strong><em>te</em></strong></span> <span class='ocrx_word' id='word_1_131' title='bbox 362 1383 450 1412; x_wconf 84' lang='lat' dir='ltr'><strong><em>rogo,</em></strong></span> <span class='ocrx_word' id='word_1_132' title='bbox 464 1374 595 1410; x_wconf 74' lang='lat' dir='ltr'><strong><em>dixeris,</em></strong></span> <span class='ocrx_word' id='word_1_133' title='bbox 611 1374 780 1413; x_wconf 79' lang='lat' dir='ltr'><em>vapulabis.</em></span> <span class='ocrx_word' id='word_1_134' title='bbox 826 1375 908 1404; x_wconf 72' lang='lat' dir='ltr'><strong><em>Care</em></strong></span> <span class='ocrx_word' id='word_1_135' title='bbox 923 1383 960 1404; x_wconf 79' lang='lat' dir='ltr'><strong><em>ne</em></strong></span> <span class='ocrx_word' id='word_1_136' title='bbox 975 1374 1008 1404; x_wconf 80' lang='lat' dir='ltr'><strong><em>icl</em></strong></span> <span class='ocrx_word' id='word_1_137' title='bbox 1016 1373 1133 1411; x_wconf 75' lang='lat' dir='ltr'><strong><em>facias.</em></strong></span> <span class='ocrx_word' id='word_1_138' title='bbox 1178 1373 1256 1403; x_wconf 75' lang='lat' dir='ltr'><strong><em>MY.</em></strong></span> <span class='ocrx_word' id='word_1_139' title='bbox 1281 1373 1367 1402; x_wconf 85' lang='lat' dir='ltr'><strong><em>Male</em></strong></span> <span class='ocrx_word' id='word_1_140' title='bbox 1385 1372 1462 1402; x_wconf 78' lang='lat' dir='ltr'><strong><em>mihi</em></strong></span> <span class='ocrx_word' id='word_1_141' title='bbox 1478 1373 1568 1403; x_wconf 68' lang='lat' dir='ltr'><strong><em>dicis.</em></strong></span> 
     </span>
     <span class='ocr_line' id='line_1_18' title="bbox 114 1414 1571 1455; baseline -0.001 -10"><span class='ocrx_word' id='word_1_142' title='bbox 114 1414 185 1445; x_wconf 80' lang='lat' dir='ltr'><strong><em>DA.</em></strong></span> <span class='ocrx_word' id='word_1_143' title='bbox 211 1415 299 1446; x_wconf 87' lang='lat' dir='ltr'><em>Unde</em></span> <span class='ocrx_word' id='word_1_144' title='bbox 314 1415 364 1446; x_wconf 84' lang='lat' dir='ltr'><strong><em>hic</em></strong></span> <span class='ocrx_word' id='word_1_145' title='bbox 377 1425 454 1455; x_wconf 83' lang='lat' dir='ltr'><strong><em>puer</em></strong></span> <span class='ocrx_word' id='word_1_146' title='bbox 466 1415 535 1449; x_wconf 77' lang='lat' dir='ltr'><strong><em>est?</em></strong></span> <span class='ocrx_word' id='word_1_147' title='bbox 557 1416 607 1446; x_wconf 84' lang='lat' dir='ltr'><strong><em>dic</em></strong></span> <span class='ocrx_word' id='word_1_148' title='bbox 622 1417 714 1447; x_wconf 86' lang='lat' dir='ltr'><strong><em>clare.</em></strong></span> <span class='ocrx_word' id='word_1_149' title='bbox 760 1416 837 1447; x_wconf 79' lang='lat' dir='ltr'><strong><em>MY.</em></strong></span> <span class='ocrx_word' id='word_1_150' title='bbox 859 1416 889 1447; x_wconf 90' lang='lat' dir='ltr'><strong><em>A</em></strong></span> <span class='ocrx_word' id='word_1_151' title='bbox 906 1416 1000 1446; x_wconf 71' lang='lat' dir='ltr'><strong><em>vobis.</em></strong></span> <span class='ocrx_word' id='word_1_152' title='bbox 1046 1416 1116 1446; x_wconf 79' lang='lat' dir='ltr'><strong><em>DA.</em></strong></span> <span class='ocrx_word' id='word_1_153' title='bbox 1142 1415 1210 1453; x_wconf 81' lang='lat' dir='ltr'><strong><em>Ha,</em></strong></span> <span class='ocrx_word' id='word_1_154' title='bbox 1226 1415 1285 1446; x_wconf 73' lang='lat' dir='ltr'><strong><em>lue.</em></strong></span> <span class='ocrx_word' id='word_1_155' title='bbox 1333 1415 1362 1444; x_wconf 93' lang='grc'>0</span> <span class='ocrx_word' id='word_1_156' title='bbox 1377 1424 1441 1445; x_wconf 83' lang='lat' dir='ltr'><strong><em>rem</em></strong></span> <span class='ocrx_word' id='word_1_157' title='bbox 1454 1414 1571 1444; x_wconf 81' lang='lat' dir='ltr'><strong><em>ridicu-</em></strong></span> 
     </span>
     <span class='ocr_line' id='line_1_19' title="bbox 113 1455 1571 1498; baseline 0.001 -11"><span class='ocrx_word' id='word_1_158' title='bbox 113 1458 174 1488; x_wconf 92' lang='lat' dir='ltr'><strong><em>lam</em></strong></span> <span class='ocrx_word' id='word_1_159' title='bbox 185 1455 201 1487; x_wconf 93' lang='lat'><em>!</em></span> <span class='ocrx_word' id='word_1_160' title='bbox 225 1457 310 1492; x_wconf 75' lang='lat' dir='ltr'><strong><em>Quid</em></strong></span> <span class='ocrx_word' id='word_1_161' title='bbox 326 1458 439 1489; x_wconf 79' lang='lat' dir='ltr'><strong><em>mirum</em></strong></span> <span class='ocrx_word' id='word_1_162' title='bbox 454 1462 511 1495; x_wconf 85' lang='lat' dir='ltr'><strong><em>est,</em></strong></span> <span class='ocrx_word' id='word_1_163' title='bbox 526 1459 554 1488; x_wconf 75' lang='lat' dir='ltr'><strong><em>si</em></strong></span> <span class='ocrx_word' id='word_1_164' title='bbox 576 1459 686 1489; x_wconf 85' lang='lat' dir='ltr'><strong><em>mulier</em></strong></span> <span class='ocrx_word' id='word_1_165' title='bbox 711 1459 862 1489; x_wconf 76' lang='lat' dir='ltr'><strong><em>meretrix</em></strong></span> <span class='ocrx_word' id='word_1_166' title='bbox 880 1459 1073 1498; x_wconf 82' lang='lat' dir='ltr'><strong><em>impudenter</em></strong></span> <span class='ocrx_word' id='word_1_167' title='bbox 1085 1455 1280 1488; x_wconf 78' lang='lat' dir='ltr'><strong><em>mentiatur?</em></strong></span> <span class='ocrx_word' id='word_1_168' title='bbox 1325 1457 1394 1489; x_wconf 81' lang='lat' dir='ltr'><strong><em>CH.</em></strong></span> <span class='ocrx_word' id='word_1_169' title='bbox 1421 1457 1500 1487; x_wconf 78' lang='lat' dir='ltr'><strong><em>Hoec</em></strong></span> <span class='ocrx_word' id='word_1_170' title='bbox 1515 1466 1571 1488; x_wconf 81' lang='lat' dir='ltr'><strong><em>an·</em></strong></span> 
     </span>
     <span class='ocr_line' id='line_1_20' title="bbox 112 1499 1572 1540; baseline 0.001 -11"><span class='ocrx_word' id='word_1_171' title='bbox 112 1499 186 1530; x_wconf 68' lang='lat' dir='ltr'><strong><em>oilla</em></strong></span> <span class='ocrx_word' id='word_1_172' title='bbox 200 1499 341 1540; x_wconf 81' lang='lat' dir='ltr'><strong><em>Glycerii</em></strong></span> <span class='ocrx_word' id='word_1_173' title='bbox 355 1503 412 1538; x_wconf 82' lang='lat' dir='ltr'><strong><em>est,</em></strong></span> <span class='ocrx_word' id='word_1_174' title='bbox 427 1504 578 1540; x_wconf 80' lang='lat' dir='ltr'><strong><em>quantum</em></strong></span> <span class='ocrx_word' id='word_1_175' title='bbox 597 1501 750 1540; x_wconf 74' lang='lat' dir='ltr'><strong><em>intelligo.</em></strong></span> <span class='ocrx_word' id='word_1_176' title='bbox 797 1502 864 1532; x_wconf 77' lang='lat' dir='ltr'><strong><em>DA.</em></strong></span> <span class='ocrx_word' id='word_1_177' title='bbox 894 1501 1024 1532; x_wconf 81' lang='lat' dir='ltr'><strong><em>Vobisne</em></strong></span> <span class='ocrx_word' id='word_1_178' title='bbox 1037 1501 1176 1531; x_wconf 81' lang='lat' dir='ltr'><strong><em>videmur</em></strong></span> <span class='ocrx_word' id='word_1_179' title='bbox 1190 1502 1265 1530; x_wconf 81' lang='lat' dir='ltr'><strong><em>adeo</em></strong></span> <span class='ocrx_word' id='word_1_180' title='bbox 1281 1500 1444 1539; x_wconf 85' lang='lat' dir='ltr'><strong><em>opportuni</em></strong></span> <span class='ocrx_word' id='word_1_181' title='bbox 1459 1500 1572 1530; x_wconf 79' lang='lat' dir='ltr'><strong><em>vestris</em></strong></span> 
     </span>
     <span class='ocr_line' id='line_1_21' title="bbox 113 1541 1572 1583; baseline 0 -11"><span class='ocrx_word' id='word_1_182' title='bbox 113 1541 375 1583; x_wconf 67' lang='lat' dir='ltr'><strong><em>ludificationibus</em></strong></span> <span class='ocrx_word' id='word_1_183' title='bbox 390 1546 420 1574; x_wconf 84' lang='lat' dir='ltr'><strong><em>et</em></strong></span> <span class='ocrx_word' id='word_1_184' title='bbox 435 1543 636 1583; x_wconf 81' lang='lat' dir='ltr'><strong><em>imposturis?</em></strong></span> <span class='ocrx_word' id='word_1_185' title='bbox 681 1544 751 1576; x_wconf 82' lang='lat' dir='ltr'><strong><em>CH.</em></strong></span> <span class='ocrx_word' id='word_1_186' title='bbox 772 1543 851 1575; x_wconf 82' lang='lat' dir='ltr'><strong><em>Veni</em></strong></span> <span class='ocrx_word' id='word_1_187' title='bbox 862 1544 895 1574; x_wconf 84' lang='lat' dir='ltr'><strong><em>in</em></strong></span> <span class='ocrx_word' id='word_1_188' title='bbox 912 1547 1058 1583; x_wconf 85' lang='lat' dir='ltr'><strong><em>tempore.</em></strong></span> <span class='ocrx_word' id='word_1_189' title='bbox 1102 1543 1173 1573; x_wconf 79' lang='lat' dir='ltr'><strong><em>DA.</em></strong></span> <span class='ocrx_word' id='word_1_190' title='bbox 1198 1542 1327 1573; x_wconf 78' lang='lat' dir='ltr'><strong><em>Festina</em></strong></span> <span class='ocrx_word' id='word_1_191' title='bbox 1341 1542 1482 1573; x_wconf 83' lang='lat' dir='ltr'><strong><em>celeriter</em></strong></span> <span class='ocrx_word' id='word_1_192' title='bbox 1492 1542 1572 1572; x_wconf 79' lang='lat' dir='ltr'><strong><em>hunc</em></strong></span> 
     </span>
     <span class='ocr_line' id='line_1_22' title="bbox 111 1584 1573 1627; baseline -0.001 -12"><span class='ocrx_word' id='word_1_193' title='bbox 111 1594 239 1624; x_wconf 75' lang='lat' dir='ltr'><strong><em>puerum</em></strong></span> <span class='ocrx_word' id='word_1_194' title='bbox 254 1584 378 1623; x_wconf 84' lang='lat' dir='ltr'><strong><em>auferre</em></strong></span> <span class='ocrx_word' id='word_1_195' title='bbox 390 1597 409 1616; x_wconf 88' lang='lat' dir='ltr'><strong><em>a</em></strong></span> <span class='ocrx_word' id='word_1_196' title='bbox 416 1585 529 1624; x_wconf 81' lang='lat' dir='ltr'><strong><em>janua.</em></strong></span> <span class='ocrx_word' id='word_1_197' title='bbox 574 1586 613 1617; x_wconf 92' lang='lat' dir='ltr'><em>H</em></span> <span class='ocrx_word' id='word_1_198' title='bbox 615 1587 642 1616; x_wconf 84' lang='lat' dir='ltr'><strong><em>ic</em></strong></span> <span class='ocrx_word' id='word_1_199' title='bbox 656 1597 755 1618; x_wconf 84' lang='lat' dir='ltr'><strong><em>mane.</em></strong></span> <span class='ocrx_word' id='word_1_200' title='bbox 801 1587 884 1617; x_wconf 75' lang='lat' dir='ltr'><strong><em>Cave</em></strong></span> <span class='ocrx_word' id='word_1_201' title='bbox 899 1596 936 1616; x_wconf 84' lang='lat' dir='ltr'><strong><em>ne</em></strong></span> <span class='ocrx_word' id='word_1_202' title='bbox 958 1595 1106 1627; x_wconf 84' lang='lat' dir='ltr'><strong><em>quoquam</em></strong></span> <span class='ocrx_word' id='word_1_203' title='bbox 1120 1586 1183 1616; x_wconf 83' lang='lat' dir='ltr'><strong><em>alio</em></strong></span> <span class='ocrx_word' id='word_1_204' title='bbox 1196 1587 1302 1624; x_wconf 80' lang='lat' dir='ltr'><strong><em>pedem</em></strong></span> <span class='ocrx_word' id='word_1_205' title='bbox 1318 1585 1448 1615; x_wconf 79' lang='lat' dir='ltr'><strong><em>moveris</em></strong></span> <span class='ocrx_word' id='word_1_206' title='bbox 1463 1594 1502 1614; x_wconf 67' lang='lat' dir='ltr'><strong><em>esc</em></strong></span> <span class='ocrx_word' id='word_1_207' title='bbox 1518 1585 1573 1615; x_wconf 86' lang='lat' dir='ltr'><strong><em>hoc</em></strong></span> 
     </span>
     <span class='ocr_line' id='line_1_23' title="bbox 116 1626 1572 1669; baseline 0.001 -12"><span class='ocrx_word' id='word_1_208' title='bbox 116 1628 190 1657; x_wconf 79' lang='lat' dir='ltr'><strong><em>loco.</em></strong></span> <span class='ocrx_word' id='word_1_209' title='bbox 233 1627 311 1658; x_wconf 79' lang='lat' dir='ltr'><strong><em>MY.</em></strong></span> <span class='ocrx_word' id='word_1_210' title='bbox 333 1628 393 1658; x_wconf 85' lang='lat' dir='ltr'><strong><em>Dii</em></strong></span> <span class='ocrx_word' id='word_1_211' title='bbox 406 1631 437 1659; x_wconf 87' lang='lat' dir='ltr'><strong><em>te</em></strong></span> <span class='ocrx_word' id='word_1_212' title='bbox 453 1627 600 1668; x_wconf 82' lang='lat' dir='ltr'><strong><em>funditus</em></strong></span> <span class='ocrx_word' id='word_1_213' title='bbox 612 1630 757 1669; x_wconf 79' lang='lat' dir='ltr'><strong><em>perdunt,</em></strong></span> <span class='ocrx_word' id='word_1_214' title='bbox 773 1629 826 1669; x_wconf 83' lang='lat' dir='ltr'><strong><em>qui</em></strong></span> <span class='ocrx_word' id='word_1_215' title='bbox 842 1638 888 1661; x_wconf 85' lang='lat' dir='ltr'><strong><em>me</em></strong></span> <span class='ocrx_word' id='word_1_216' title='bbox 904 1629 1045 1659; x_wconf 78' lang='lat' dir='ltr'><strong><em>miseram</em></strong></span> <span class='ocrx_word' id='word_1_217' title='bbox 1059 1630 1132 1659; x_wconf 81' lang='lat' dir='ltr'><strong><em>adeo</em></strong></span> <span class='ocrx_word' id='word_1_218' title='bbox 1149 1627 1321 1666; x_wconf 71' lang='lat' dir='ltr'><strong><em>terrefaciS.</em></strong></span> <span class='ocrx_word' id='word_1_219' title='bbox 1369 1627 1436 1658; x_wconf 76' lang='lat' dir='ltr'><strong><em>DA.</em></strong></span> <span class='ocrx_word' id='word_1_220' title='bbox 1463 1626 1572 1658; x_wconf 73' lang='lat' dir='ltr'><strong><em>Tibine</em></strong></span> 
     </span>
     <span class='ocr_line' id='line_1_24' title="bbox 115 1668 1573 1710; baseline 0 -11"><span class='ocrx_word' id='word_1_221' title='bbox 115 1678 171 1708; x_wconf 82' lang='lat' dir='ltr'><strong><em>ego</em></strong></span> <span class='ocrx_word' id='word_1_222' title='bbox 185 1670 267 1707; x_wconf 80' lang='lat' dir='ltr'><strong><em>dico,</em></strong></span> <span class='ocrx_word' id='word_1_223' title='bbox 278 1680 318 1700; x_wconf 82' lang='lat' dir='ltr'><strong><em>au</em></strong></span> <span class='ocrx_word' id='word_1_224' title='bbox 333 1668 421 1702; x_wconf 78' lang='lat' dir='ltr'><strong><em>non?</em></strong></span> <span class='ocrx_word' id='word_1_225' title='bbox 465 1672 544 1703; x_wconf 76' lang='lat' dir='ltr'><strong><em>MY.</em></strong></span> <span class='ocrx_word' id='word_1_226' title='bbox 569 1671 653 1706; x_wconf 76' lang='lat' dir='ltr'><strong><em>Quid</em></strong></span> <span class='ocrx_word' id='word_1_227' title='bbox 667 1670 740 1703; x_wconf 75' lang='lat' dir='ltr'><strong><em>vis?</em></strong></span> <span class='ocrx_word' id='word_1_228' title='bbox 784 1672 853 1703; x_wconf 81' lang='lat' dir='ltr'><strong><em>DA.</em></strong></span> <span class='ocrx_word' id='word_1_229' title='bbox 875 1671 920 1702; x_wconf 82' lang='lat' dir='ltr'><strong><em>At</em></strong></span> <span class='ocrx_word' id='word_1_230' title='bbox 936 1672 1030 1702; x_wconf 82' lang='lat' dir='ltr'><strong><em>etiam</em></strong></span> <span class='ocrx_word' id='word_1_231' title='bbox 1043 1670 1168 1710; x_wconf 83' lang='lat' dir='ltr'><strong><em>quoeris,</em></strong></span> <span class='ocrx_word' id='word_1_232' title='bbox 1185 1671 1259 1710; x_wconf 82' lang='lat' dir='ltr'><strong><em>quid</em></strong></span> <span class='ocrx_word' id='word_1_233' title='bbox 1274 1670 1388 1700; x_wconf 80' lang='lat' dir='ltr'><strong><em>velim?</em></strong></span> <span class='ocrx_word' id='word_1_234' title='bbox 1411 1670 1472 1709; x_wconf 82' lang='lat' dir='ltr'><strong><em>dic,</em></strong></span> <span class='ocrx_word' id='word_1_235' title='bbox 1487 1669 1573 1707; x_wconf 76' lang='lat' dir='ltr'><strong><em>cujus</em></strong></span> 
     </span>
     <span class='ocr_line' id='line_1_25' title="bbox 112 1711 1573 1755; baseline 0 -13"><span class='ocrx_word' id='word_1_236' title='bbox 112 1720 243 1751; x_wconf 81' lang='lat' dir='ltr'><strong><em>puerum</em></strong></span> <span class='ocrx_word' id='word_1_237' title='bbox 264 1716 337 1744; x_wconf 76' lang='lat' dir='ltr'><strong><em>ante</em></strong></span> <span class='ocrx_word' id='word_1_238' title='bbox 352 1714 408 1744; x_wconf 84' lang='lat' dir='ltr'><strong><em>hoc</em></strong></span> <span class='ocrx_word' id='word_1_239' title='bbox 421 1714 534 1744; x_wconf 83' lang='lat' dir='ltr'><strong><em>ostium</em></strong></span> <span class='ocrx_word' id='word_1_240' title='bbox 545 1712 703 1755; x_wconf 77' lang='lat' dir='ltr'><strong><em>posuisti?</em></strong></span> <span class='ocrx_word' id='word_1_241' title='bbox 724 1714 776 1745; x_wconf 81' lang='lat' dir='ltr'><strong><em>dic</em></strong></span> <span class='ocrx_word' id='word_1_242' title='bbox 789 1713 879 1745; x_wconf 80' lang='lat' dir='ltr'><strong><em>mihi.</em></strong></span> <span class='ocrx_word' id='word_1_243' title='bbox 924 1715 963 1745; x_wconf 88' lang='lat' dir='ltr'><strong>M</strong></span> <span class='ocrx_word' id='word_1_244' title='bbox 970 1721 1003 1746; x_wconf 75' lang='lat' dir='ltr'><strong><em>Y.</em></strong></span> <span class='ocrx_word' id='word_1_245' title='bbox 1029 1713 1176 1745; x_wconf 75' lang='lat' dir='ltr'><strong><em>Nescisne</em></strong></span> <span class='ocrx_word' id='word_1_246' title='bbox 1190 1714 1277 1752; x_wconf 77' lang='lat' dir='ltr'><strong><em>cujus</em></strong></span> <span class='ocrx_word' id='word_1_247' title='bbox 1291 1711 1358 1745; x_wconf 76' lang='lat' dir='ltr'><strong><em>sit?</em></strong></span> <span class='ocrx_word' id='word_1_248' title='bbox 1401 1713 1474 1744; x_wconf 69' lang='lat' dir='ltr'><strong><em>DA.</em></strong></span> <span class='ocrx_word' id='word_1_249' title='bbox 1495 1712 1573 1743; x_wconf 83' lang='lat' dir='ltr'><strong><em>Tace</em></strong></span> 
     </span>
    </p>
   </div>
   <div class='ocr_carea' id='block_1_4' title="bbox 726 1798 962 1810">
    <p class='ocr_par' dir='ltr' id='par_1_15' title="bbox 726 1798 962 1810">
     <span class='ocr_line' id='line_1_26' title="bbox 726 1798 962 1810; baseline 0 0"><span class='ocrx_word' id='word_1_250' title='bbox 726 1798 962 1810; x_wconf 57' lang='lat' dir='ltr'><strong><em>“W‘mm</em></strong></span> 
     </span>
    </p>
   </div>
   <div class='ocr_carea' id='block_1_5' title="bbox 117 1854 1584 2576">
    <p class='ocr_par' dir='ltr' id='par_1_16' title="bbox 117 1854 1584 2576">
     <span class='ocr_line' id='line_1_27' title="bbox 118 1854 1577 1897; baseline 0 -11"><span class='ocrx_word' id='word_1_251' title='bbox 118 1854 301 1892; x_wconf 80' lang='lat' dir='ltr'><strong><em>Dicturan,’</em></strong></span> <span class='ocrx_word' id='word_1_252' title='bbox 317 1855 440 1887; x_wconf 88' lang='lat' dir='ltr'><strong><em>omisso</em></strong></span> <span class='ocrx_word' id='word_1_253' title='bbox 453 1867 495 1888; x_wconf 84' lang='lat' dir='ltr'><strong><em>es.</em></strong></span> <span class='ocrx_word' id='word_1_254' title='bbox 513 1857 622 1888; x_wconf 89' lang='lat' dir='ltr'><strong><em>West.</em></strong></span> <span class='ocrx_word' id='word_1_255' title='bbox 651 1857 743 1897; x_wconf 84' lang='lat' dir='ltr'><strong><em>Lege</em></strong></span> <span class='ocrx_word' id='word_1_256' title='bbox 760 1858 899 1889; x_wconf 76' lang='lat' dir='ltr'><strong><em>Dictura</em></strong></span> <span class='ocrx_word' id='word_1_257' title='bbox 914 1867 957 1888; x_wconf 82' lang='lat' dir='ltr'><strong><em>es.</em></strong></span> <span class='ocrx_word' id='word_1_258' title='bbox 974 1858 1077 1888; x_wconf 89' lang='lat' dir='ltr'><strong><em>Bent.</em></strong></span> <span class='ocrx_word' id='word_1_259' title='bbox 1110 1857 1155 1887; x_wconf 87' lang='lat' dir='ltr'><strong><em>Es</em></strong></span> <span class='ocrx_word' id='word_1_260' title='bbox 1165 1856 1258 1887; x_wconf 79' lang='lat' dir='ltr'><strong><em>delet</em></strong></span> <span class='ocrx_word' id='word_1_261' title='bbox 1271 1855 1460 1888; x_wconf 50' lang='lat' dir='ltr'><strong><em>Bothe—13</em></strong></span> <span class='ocrx_word' id='word_1_262' title='bbox 1485 1855 1577 1887; x_wconf 81' lang='lat' dir='ltr'><strong><em>Deli-</em></strong></span> 
     </span>
     <span class='ocr_line' id='line_1_28' title="bbox 117 1896 1579 1941; baseline 0.001 -13"><span class='ocrx_word' id='word_1_263' title='bbox 117 1896 202 1929; x_wconf 79' lang='lat' dir='ltr'><strong><em>rus?</em></strong></span> <span class='ocrx_word' id='word_1_264' title='bbox 239 1898 325 1929; x_wconf 91' lang='lat' dir='ltr'><strong><em>Cum</em></strong></span> <span class='ocrx_word' id='word_1_265' title='bbox 352 1900 629 1938; x_wconf 75' lang='lat' dir='ltr'><strong><em>interrogationis</em></strong></span> <span class='ocrx_word' id='word_1_266' title='bbox 659 1906 739 1931; x_wconf 82' lang='lat' dir='ltr'><strong><em>nota</em></strong></span> <span class='ocrx_word' id='word_1_267' title='bbox 756 1901 921 1941; x_wconf 83' lang='lat' dir='ltr'><strong><em>expressi,</em></strong></span> <span class='ocrx_word' id='word_1_268' title='bbox 945 1899 1035 1940; x_wconf 80' lang='lat' dir='ltr'><strong><em>quod</em></strong></span> <span class='ocrx_word' id='word_1_269' title='bbox 1059 1900 1092 1930; x_wconf 90' lang='lat' dir='ltr'><strong><em>id</em></strong></span> <span class='ocrx_word' id='word_1_270' title='bbox 1119 1899 1362 1940; x_wconf 78' lang='grc' dir='ltr'>ἐμφατικώτερον</span> <span class='ocrx_word' id='word_1_271' title='bbox 1388 1899 1579 1929; x_wconf 85' lang='lat' dir='ltr'><strong><em>videbatur.</em></strong></span> 
     </span>
     <span class='ocr_line' id='line_1_29' title="bbox 123 1941 1576 1983; baseline 0 -12"><span class='ocrx_word' id='word_1_272' title='bbox 123 1941 222 1972; x_wconf 85' lang='lat' dir='ltr'><strong><em>West.</em></strong></span> <span class='ocrx_word' id='word_1_273' title='bbox 267 1941 357 1972; x_wconf 86' lang='lat' dir='ltr'><strong><em>Dele</em></strong></span> <span class='ocrx_word' id='word_1_274' title='bbox 372 1942 412 1981; x_wconf 80' lang='lat' dir='ltr'><strong><em>si,</em></strong></span> <span class='ocrx_word' id='word_1_275' title='bbox 435 1943 523 1981; x_wconf 87' lang='lat' dir='ltr'><strong><em>quod</em></strong></span> <span class='ocrx_word' id='word_1_276' title='bbox 541 1948 595 1973; x_wconf 86' lang='lat' dir='ltr'><strong><em>est</em></strong></span> <span class='ocrx_word' id='word_1_277' title='bbox 621 1947 743 1973; x_wconf 83' lang='lat' dir='ltr'><strong><em>contra</em></strong></span> <span class='ocrx_word' id='word_1_278' title='bbox 760 1944 854 1983; x_wconf 80' lang='lat' dir='ltr'><strong><em>leges</em></strong></span> <span class='ocrx_word' id='word_1_279' title='bbox 880 1943 1018 1982; x_wconf 81' lang='lat' dir='ltr'><strong><em>linguae,</em></strong></span> <span class='ocrx_word' id='word_1_280' title='bbox 1034 1948 1070 1972; x_wconf 89' lang='lat' dir='ltr'><strong><em>et</em></strong></span> <span class='ocrx_word' id='word_1_281' title='bbox 1094 1941 1242 1973; x_wconf 85' lang='lat' dir='ltr'><strong><em>transfer</em></strong></span> <span class='ocrx_word' id='word_1_282' title='bbox 1268 1952 1286 1973; x_wconf 90' lang='lat' dir='ltr'><strong><em>e</em></strong></span> <span class='ocrx_word' id='word_1_283' title='bbox 1304 1951 1402 1972; x_wconf 87' lang='lat' dir='ltr'><strong><em>versu</em></strong></span> <span class='ocrx_word' id='word_1_284' title='bbox 1417 1941 1576 1982; x_wconf 84' lang='lat' dir='ltr'><strong><em>sequenti</em></strong></span> 
     </span>
     <span class='ocr_line' id='line_1_30' title="bbox 119 1982 1575 2026; baseline 0.001 -13"><span class='ocrx_word' id='word_1_285' title='bbox 119 1983 264 2014; x_wconf 77' lang='lat' dir='ltr'><strong><em>nnumin</em></strong></span> <span class='ocrx_word' id='word_1_286' title='bbox 288 1984 399 2014; x_wconf 78' lang='lat' dir='ltr'><strong><em>locum</em></strong></span> <span class='ocrx_word' id='word_1_287' title='bbox 416 1984 518 2015; x_wconf 85' lang='lat' dir='ltr'><strong><em>illius.</em></strong></span> <span class='ocrx_word' id='word_1_288' title='bbox 542 1985 638 2015; x_wconf 80' lang='lat' dir='ltr'><strong><em>Bent.</em></strong></span> <span class='ocrx_word' id='word_1_289' title='bbox 683 1985 880 2026; x_wconf 84' lang='lat' dir='ltr'><strong><em>Sequuntur</em></strong></span> <span class='ocrx_word' id='word_1_290' title='bbox 897 1985 1000 2016; x_wconf 83' lang='lat' dir='ltr'><strong><em>Both.</em></strong></span> <span class='ocrx_word' id='word_1_291' title='bbox 1018 1985 1112 2015; x_wconf 87' lang='lat' dir='ltr'><strong><em>Perl.</em></strong></span> <span class='ocrx_word' id='word_1_292' title='bbox 1131 1985 1185 2025; x_wconf 89' lang='lat' dir='ltr'><strong><em>qui</em></strong></span> <span class='ocrx_word' id='word_1_293' title='bbox 1197 1989 1347 2015; x_wconf 85' lang='lat' dir='ltr'><strong><em>testatur</em></strong></span> <span class='ocrx_word' id='word_1_294' title='bbox 1365 1984 1397 2014; x_wconf 92' lang='lat' dir='ltr'><strong><em>in</em></strong></span> <span class='ocrx_word' id='word_1_295' title='bbox 1414 1982 1530 2015; x_wconf 86' lang='lat' dir='ltr'><strong><em>Guelf.</em></strong></span> <span class='ocrx_word' id='word_1_296' title='bbox 1543 1986 1575 2015; x_wconf 84' lang='lat'><strong><em>2.</em></strong></span> 
     </span>
     <span class='ocr_line' id='line_1_31' title="bbox 119 2025 1577 2067; baseline 0.001 -12"><span class='ocrx_word' id='word_1_297' title='bbox 119 2034 192 2055; x_wconf 84' lang='lat' dir='ltr'><strong><em>esse</em></strong></span> <span class='ocrx_word' id='word_1_298' title='bbox 207 2026 236 2057; x_wconf 84' lang='lat' dir='ltr'><strong><em>si</em></strong></span> <span class='ocrx_word' id='word_1_299' title='bbox 249 2025 339 2065; x_wconf 81' lang='lat' dir='ltr'><strong><em>mihi,</em></strong></span> <span class='ocrx_word' id='word_1_300' title='bbox 352 2031 388 2057; x_wconf 88' lang='lat' dir='ltr'><strong><em>et</em></strong></span> <span class='ocrx_word' id='word_1_301' title='bbox 404 2026 437 2057; x_wconf 88' lang='lat' dir='ltr'><strong><em>in</em></strong></span> <span class='ocrx_word' id='word_1_302' title='bbox 454 2029 485 2057; x_wconf 90' lang='lat'><strong><em>1.</em></strong></span> <span class='ocrx_word' id='word_1_303' title='bbox 507 2029 538 2059; x_wconf 87' lang='grc'><strong><em>3.</em></strong></span> <span class='ocrx_word' id='word_1_304' title='bbox 568 2027 662 2058; x_wconf 85' lang='lat' dir='ltr'><strong><em>Verb.</em></strong></span> <span class='ocrx_word' id='word_1_305' title='bbox 675 2028 704 2058; x_wconf 83' lang='lat' dir='ltr'><strong><em>si</em></strong></span> <span class='ocrx_word' id='word_1_306' title='bbox 720 2028 796 2058; x_wconf 72' lang='lat' dir='ltr'><strong><em>milti</em></strong></span> <span class='ocrx_word' id='word_1_307' title='bbox 812 2027 1006 2059; x_wconf 65' lang='lat' dir='ltr'><strong><em>ullum—14</em></strong></span> <span class='ocrx_word' id='word_1_308' title='bbox 1031 2028 1123 2067; x_wconf 87' lang='lat' dir='ltr'><strong><em>Lege</em></strong></span> <span class='ocrx_word' id='word_1_309' title='bbox 1149 2037 1227 2058; x_wconf 89' lang='lat' dir='ltr'><strong><em>cum</em></strong></span> <span class='ocrx_word' id='word_1_310' title='bbox 1243 2027 1336 2057; x_wconf 81' lang='lat' dir='ltr'><strong><em>libris</em></strong></span> <span class='ocrx_word' id='word_1_311' title='bbox 1353 2027 1480 2057; x_wconf 81' lang='lat' dir='ltr'><strong><em>nostris</em></strong></span> <span class='ocrx_word' id='word_1_312' title='bbox 1496 2036 1577 2066; x_wconf 78' lang='lat' dir='ltr'><strong><em>prce-</em></strong></span> 
     </span>
     <span class='ocr_line' id='line_1_32' title="bbox 118 2069 1577 2111; baseline 0.001 -13"><span class='ocrx_word' id='word_1_313' title='bbox 118 2070 203 2099; x_wconf 81' lang='lat' dir='ltr'><strong><em>terea</em></strong></span> <span class='ocrx_word' id='word_1_314' title='bbox 218 2078 321 2109; x_wconf 78' lang='lat' dir='ltr'><strong><em>quam,</em></strong></span> <span class='ocrx_word' id='word_1_315' title='bbox 333 2069 366 2099; x_wconf 86' lang='lat' dir='ltr'><strong><em>h.</em></strong></span> <span class='ocrx_word' id='word_1_316' title='bbox 382 2078 410 2100; x_wconf 82' lang='lat' dir='ltr'><strong><em>e.</em></strong></span> <span class='ocrx_word' id='word_1_317' title='bbox 427 2074 668 2110; x_wconf 84' lang='lat' dir='ltr'><strong><em>praeterquam,</em></strong></span> <span class='ocrx_word' id='word_1_318' title='bbox 683 2075 719 2100; x_wconf 86' lang='lat' dir='ltr'><strong><em>nt</em></strong></span> <span class='ocrx_word' id='word_1_319' title='bbox 735 2071 744 2087; x_wconf 78' lang='lat'><strong>⁴</strong></span> <span class='ocrx_word' id='word_1_320' title='bbox 759 2069 1004 2111; x_wconf 87' lang='lat' dir='ltr'><strong><em>posteaquam.&#39;</em></strong></span> <span class='ocrx_word' id='word_1_321' title='bbox 1026 2070 1123 2100; x_wconf 83' lang='lat' dir='ltr'><strong><em>Bent.</em></strong></span> <span class='ocrx_word' id='word_1_322' title='bbox 1168 2069 1350 2100; x_wconf 87' lang='lat' dir='ltr'><strong><em>Accedunt</em></strong></span> <span class='ocrx_word' id='word_1_323' title='bbox 1363 2069 1463 2100; x_wconf 82' lang='lat' dir='ltr'><strong><em>Both.</em></strong></span> <span class='ocrx_word' id='word_1_324' title='bbox 1481 2069 1577 2100; x_wconf 83' lang='lat' dir='ltr'><strong><em>Peri.</em></strong></span> 
     </span>
     <span class='ocr_line' id='line_1_33' title="bbox 120 2111 1580 2152; baseline 0.001 -11"><span class='ocrx_word' id='word_1_325' title='bbox 120 2113 203 2141; x_wconf 93' lang='lat'><strong><em>—15</em></strong></span> <span class='ocrx_word' id='word_1_326' title='bbox 227 2111 255 2142; x_wconf 79' lang='lat' dir='ltr'><strong><em>A</em></strong></span> <span class='ocrx_word' id='word_1_327' title='bbox 272 2111 359 2142; x_wconf 77' lang='lat' dir='ltr'><strong><em>vobis</em></strong></span> <span class='ocrx_word' id='word_1_328' title='bbox 374 2121 416 2142; x_wconf 86' lang='lat' dir='ltr'><strong><em>ex</em></strong></span> <span class='ocrx_word' id='word_1_329' title='bbox 433 2112 518 2144; x_wconf 88' lang='lat' dir='ltr'><strong><em>Mss.</em></strong></span> <span class='ocrx_word' id='word_1_330' title='bbox 534 2112 704 2143; x_wconf 83' lang='lat' dir='ltr'><strong><em>nonnullis</em></strong></span> <span class='ocrx_word' id='word_1_331' title='bbox 721 2112 799 2145; x_wconf 86' lang='lat' dir='ltr'><strong><em>edd.</em></strong></span> <span class='ocrx_word' id='word_1_332' title='bbox 826 2112 1065 2143; x_wconf 71' lang='lat' dir='ltr'><strong><em>vetustissimae</em></strong></span> <span class='ocrx_word' id='word_1_333' title='bbox 1082 2116 1118 2143; x_wconf 87' lang='lat' dir='ltr'><strong><em>et</em></strong></span> <span class='ocrx_word' id='word_1_334' title='bbox 1135 2112 1288 2150; x_wconf 81' lang='lat' dir='ltr'><strong><em>optimae.</em></strong></span> <span class='ocrx_word' id='word_1_335' title='bbox 1334 2111 1416 2149; x_wconf 89' lang='lat' dir='ltr'><strong><em>Alii,</em></strong></span> <span class='ocrx_word' id='word_1_336' title='bbox 1433 2113 1461 2142; x_wconf 88' lang='lat' dir='ltr'><em>A</em></span> <span class='ocrx_word' id='word_1_337' title='bbox 1478 2111 1580 2152; x_wconf 82' lang='lat' dir='ltr'><strong><em>nobis,</em></strong></span> 
     </span>
     <span class='ocr_line' id='line_1_34' title="bbox 120 2153 1578 2194; baseline 0.001 -11"><span class='ocrx_word' id='word_1_338' title='bbox 120 2153 210 2193; x_wconf 86' lang='lat' dir='ltr'><strong><em>quod</em></strong></span> <span class='ocrx_word' id='word_1_339' title='bbox 227 2157 263 2184; x_wconf 89' lang='lat' dir='ltr'><strong><em>et</em></strong></span> <span class='ocrx_word' id='word_1_340' title='bbox 280 2153 338 2184; x_wconf 86' lang='lat' dir='ltr'><strong><em>Fa.</em></strong></span> <span class='ocrx_word' id='word_1_341' title='bbox 355 2158 484 2185; x_wconf 90' lang='lat' dir='ltr'><strong><em>tuetur.</em></strong></span> <span class='ocrx_word' id='word_1_342' title='bbox 511 2155 613 2186; x_wconf 87' lang='lat' dir='ltr'><strong><em>West.</em></strong></span> <span class='ocrx_word' id='word_1_343' title='bbox 657 2155 705 2186; x_wconf 92' lang='lat' dir='ltr'><strong><em>Ut</em></strong></span> <span class='ocrx_word' id='word_1_344' title='bbox 729 2165 844 2186; x_wconf 87' lang='lat' dir='ltr'><strong><em>sensus</em></strong></span> <span class='ocrx_word' id='word_1_345' title='bbox 861 2160 896 2186; x_wconf 89' lang='lat' dir='ltr'><strong><em>et</em></strong></span> <span class='ocrx_word' id='word_1_346' title='bbox 914 2164 1031 2185; x_wconf 86' lang='lat' dir='ltr'><strong><em>versus</em></strong></span> <span class='ocrx_word' id='word_1_347' title='bbox 1047 2154 1093 2185; x_wconf 88' lang='lat' dir='ltr'><strong><em>sit</em></strong></span> <span class='ocrx_word' id='word_1_348' title='bbox 1120 2156 1243 2193; x_wconf 79' lang='lat' dir='ltr'><strong><em>salvus,</em></strong></span> <span class='ocrx_word' id='word_1_349' title='bbox 1259 2155 1348 2194; x_wconf 88' lang='lat' dir='ltr'><strong><em>lege,</em></strong></span> <span class='ocrx_word' id='word_1_350' title='bbox 1378 2154 1464 2189; x_wconf 83' lang='lat' dir='ltr'><strong><em>Quin</em></strong></span> <span class='ocrx_word' id='word_1_351' title='bbox 1487 2154 1578 2193; x_wconf 79' lang='lat' dir='ltr'><strong><em>dicis,</em></strong></span> 
     </span>
     <span class='ocr_line' id='line_1_35' title="bbox 119 2194 1579 2229; baseline 0.001 -4"><span class='ocrx_word' id='word_1_352' title='bbox 119 2196 229 2227; x_wconf 81' lang='lat' dir='ltr'><strong><em>undest</em></strong></span> <span class='ocrx_word' id='word_1_353' title='bbox 244 2194 353 2228; x_wconf 77' lang='lat' dir='ltr'><strong><em>clare?</em></strong></span> <span class='ocrx_word' id='word_1_354' title='bbox 377 2197 456 2227; x_wconf 80' lang='lat' dir='ltr'><strong><em>MY.</em></strong></span> <span class='ocrx_word' id='word_1_355' title='bbox 479 2196 509 2228; x_wconf 82' lang='lat' dir='ltr'><strong><em>A</em></strong></span> <span class='ocrx_word' id='word_1_356' title='bbox 525 2198 621 2228; x_wconf 82' lang='lat' dir='ltr'><strong><em>nobis.</em></strong></span> <span class='ocrx_word' id='word_1_357' title='bbox 648 2197 719 2229; x_wconf 80' lang='lat' dir='ltr'><strong><em>DA.</em></strong></span> <span class='ocrx_word' id='word_1_358' title='bbox 747 2198 870 2228; x_wconf 79' lang='lat' dir='ltr'><strong><em>Attate.</em></strong></span> <span class='ocrx_word' id='word_1_359' title='bbox 917 2197 1007 2228; x_wconf 87' lang='lat' dir='ltr'><strong><em>Nam</em></strong></span> <span class='ocrx_word' id='word_1_360' title='bbox 1029 2206 1097 2228; x_wconf 89' lang='lat' dir='ltr'><strong><em>non</em></strong></span> <span class='ocrx_word' id='word_1_361' title='bbox 1123 2196 1224 2229; x_wconf 88' lang='lat' dir='ltr'><strong><em>modo</em></strong></span> <span class='ocrx_word' id='word_1_362' title='bbox 1246 2196 1379 2227; x_wconf 85' lang='lat' dir='ltr'><strong><em>ridendi</em></strong></span> <span class='ocrx_word' id='word_1_363' title='bbox 1403 2197 1496 2228; x_wconf 88' lang='lat' dir='ltr'><strong><em>locus</em></strong></span> <span class='ocrx_word' id='word_1_364' title='bbox 1522 2196 1579 2227; x_wconf 87' lang='lat' dir='ltr'><strong><em>hie</em></strong></span> 
     </span>
     <span class='ocr_line' id='line_1_36' title="bbox 123 2238 1580 2281; baseline 0.001 -13"><span class='ocrx_word' id='word_1_365' title='bbox 123 2246 191 2268; x_wconf 89' lang='lat' dir='ltr'><strong><em>non</em></strong></span> <span class='ocrx_word' id='word_1_366' title='bbox 210 2242 276 2277; x_wconf 86' lang='lat' dir='ltr'><strong><em>est,</em></strong></span> <span class='ocrx_word' id='word_1_367' title='bbox 301 2238 362 2269; x_wconf 87' lang='lat' dir='ltr'><strong><em>sed</em></strong></span> <span class='ocrx_word' id='word_1_368' title='bbox 379 2239 479 2270; x_wconf 88' lang='lat' dir='ltr'><strong><em>codd.</em></strong></span> <span class='ocrx_word' id='word_1_369' title='bbox 495 2250 630 2281; x_wconf 89' lang='lat' dir='ltr'><strong><em>quoque</em></strong></span> <span class='ocrx_word' id='word_1_370' title='bbox 657 2240 797 2278; x_wconf 87' lang='lat' dir='ltr'><strong><em>habent,</em></strong></span> <span class='ocrx_word' id='word_1_371' title='bbox 811 2240 930 2271; x_wconf 84' lang='lat' dir='ltr'><strong><em>Ahahe.</em></strong></span> <span class='ocrx_word' id='word_1_372' title='bbox 975 2239 1135 2279; x_wconf 86' lang='lat' dir='ltr'><strong><em>Legimus</em></strong></span> <span class='ocrx_word' id='word_1_373' title='bbox 1152 2240 1256 2279; x_wconf 82' lang='lat' dir='ltr'><strong><em>igitur</em></strong></span> <span class='ocrx_word' id='word_1_374' title='bbox 1270 2240 1396 2278; x_wconf 80' lang='lat' dir='ltr'><strong><em>Attate,</em></strong></span> <span class='ocrx_word' id='word_1_375' title='bbox 1411 2238 1500 2279; x_wconf 89' lang='lat' dir='ltr'><strong><em>quod</em></strong></span> <span class='ocrx_word' id='word_1_376' title='bbox 1525 2243 1580 2270; x_wconf 88' lang='lat' dir='ltr'><strong><em>est</em></strong></span> 
     </span>
     <span class='ocr_line' id='line_1_37' title="bbox 123 2279 1580 2314; baseline 0.001 -3"><span class='ocrx_word' id='word_1_377' title='bbox 123 2279 322 2312; x_wconf 78' lang='lat' dir='ltr'><strong><em>admirantis</em></strong></span> <span class='ocrx_word' id='word_1_378' title='bbox 339 2285 374 2312; x_wconf 88' lang='lat' dir='ltr'><strong><em>et</em></strong></span> <span class='ocrx_word' id='word_1_379' title='bbox 391 2283 578 2312; x_wconf 78' lang='lat' dir='ltr'><strong><em>conterriti.</em></strong></span> <span class='ocrx_word' id='word_1_380' title='bbox 604 2282 701 2314; x_wconf 82' lang='lat' dir='ltr'><strong><em>Bent.</em></strong></span> <span class='ocrx_word' id='word_1_381' title='bbox 749 2283 812 2314; x_wconf 79' lang='lat' dir='ltr'><strong><em>Dic</em></strong></span> <span class='ocrx_word' id='word_1_382' title='bbox 836 2282 928 2313; x_wconf 86' lang='lat' dir='ltr'><strong><em>delet</em></strong></span> <span class='ocrx_word' id='word_1_383' title='bbox 944 2282 1047 2313; x_wconf 77' lang='lat' dir='ltr'><strong><em>Both.</em></strong></span> <span class='ocrx_word' id='word_1_384' title='bbox 1069 2287 1104 2313; x_wconf 90' lang='lat' dir='ltr'><strong><em>et</em></strong></span> <span class='ocrx_word' id='word_1_385' title='bbox 1121 2282 1180 2313; x_wconf 89' lang='lat' dir='ltr'><strong><em>dat</em></strong></span> <span class='ocrx_word' id='word_1_386' title='bbox 1203 2282 1291 2313; x_wconf 78' lang='lat' dir='ltr'><strong><em>nobis</em></strong></span> <span class='ocrx_word' id='word_1_387' title='bbox 1317 2291 1392 2312; x_wconf 92' lang='lat' dir='ltr'><strong><em>cum</em></strong></span> <span class='ocrx_word' id='word_1_388' title='bbox 1409 2282 1470 2312; x_wconf 75' lang='grc' dir='ltr'><strong><em>ΒΓ.</em></strong></span> <span class='ocrx_word' id='word_1_389' title='bbox 1488 2280 1525 2312; x_wconf 89' lang='grc' dir='ltr'><strong><em>Ζ.</em></strong></span> <span class='ocrx_word' id='word_1_390' title='bbox 1542 2285 1580 2312; x_wconf 86' lang='lat' dir='ltr'><strong><em>et</em></strong></span> 
     </span>
     <span class='ocr_line' id='line_1_38' title="bbox 123 2322 1581 2364; baseline 0.001 -11"><span class='ocrx_word' id='word_1_391' title='bbox 123 2322 219 2355; x_wconf 83' lang='lat' dir='ltr'><strong><em>Peri.</em></strong></span> <span class='ocrx_word' id='word_1_392' title='bbox 246 2324 304 2364; x_wconf 89' lang='lat' dir='ltr'><strong><em>qui</em></strong></span> <span class='ocrx_word' id='word_1_393' title='bbox 342 2324 425 2364; x_wconf 86' lang='lat' dir='ltr'><strong><em>legit</em></strong></span> <span class='ocrx_word' id='word_1_394' title='bbox 449 2324 545 2356; x_wconf 78' lang='lat' dir='ltr'><strong><em>Aha!</em></strong></span> <span class='ocrx_word' id='word_1_395' title='bbox 572 2324 638 2356; x_wconf 88' lang='lat' dir='ltr'><strong><em>he!</em></strong></span> <span class='ocrx_word' id='word_1_396' title='bbox 694 2325 844 2356; x_wconf 86' lang='lat' dir='ltr'><strong><em>Exhibet</em></strong></span> <span class='ocrx_word' id='word_1_397' title='bbox 872 2325 933 2355; x_wconf 82' lang='lat' dir='ltr'><strong><em>Br.</em></strong></span> <span class='ocrx_word' id='word_1_398' title='bbox 962 2324 1007 2363; x_wconf 80' lang='lat' dir='ltr'><strong><em>A,</em></strong></span> <span class='ocrx_word' id='word_1_399' title='bbox 1035 2324 1088 2363; x_wconf 79' lang='lat' dir='ltr'><strong><em>ha,</em></strong></span> <span class='ocrx_word' id='word_1_400' title='bbox 1119 2325 1258 2356; x_wconf 56' lang='lat' dir='ltr'><strong><em>lun—16</em></strong></span> <span class='ocrx_word' id='word_1_401' title='bbox 1297 2325 1351 2355; x_wconf 86' lang='lat' dir='ltr'><strong><em>Ne</em></strong></span> <span class='ocrx_word' id='word_1_402' title='bbox 1386 2333 1504 2355; x_wconf 82' lang='lat' dir='ltr'><strong><em>versus</em></strong></span> <span class='ocrx_word' id='word_1_403' title='bbox 1535 2324 1581 2355; x_wconf 88' lang='lat' dir='ltr'><strong><em>sit</em></strong></span> 
     </span>
     <span class='ocr_line' id='line_1_39' title="bbox 122 2364 1581 2409; baseline 0.002 -14"><span class='ocrx_word' id='word_1_404' title='bbox 122 2364 269 2405; x_wconf 82' lang='lat' dir='ltr'><strong><em>longior,</em></strong></span> <span class='ocrx_word' id='word_1_405' title='bbox 294 2367 446 2397; x_wconf 78' lang='lat' dir='ltr'><strong><em>meretrix</em></strong></span> <span class='ocrx_word' id='word_1_406' title='bbox 474 2377 637 2407; x_wconf 80' lang='lat' dir='ltr'><strong><em>praepone</em></strong></span> <span class='ocrx_word' id='word_1_407' title='bbox 662 2367 830 2409; x_wconf 84' lang='lat' dir='ltr'><strong><em>sequenti.</em></strong></span> <span class='ocrx_word' id='word_1_408' title='bbox 853 2368 949 2399; x_wconf 82' lang='lat' dir='ltr'><strong><em>Bent.</em></strong></span> <span class='ocrx_word' id='word_1_409' title='bbox 995 2368 1126 2398; x_wconf 88' lang='lat' dir='ltr'><strong><em>Parent</em></strong></span> <span class='ocrx_word' id='word_1_410' title='bbox 1152 2367 1254 2398; x_wconf 87' lang='lat' dir='ltr'><strong><em>Both.</em></strong></span> <span class='ocrx_word' id='word_1_411' title='bbox 1280 2367 1375 2398; x_wconf 79' lang='lat' dir='ltr'><strong><em>Peri,</em></strong></span> <span class='ocrx_word' id='word_1_412' title='bbox 1412 2367 1470 2397; x_wconf 85' lang='lat' dir='ltr'><strong><em>Est</em></strong></span> <span class='ocrx_word' id='word_1_413' title='bbox 1500 2370 1581 2406; x_wconf 83' lang='lat' dir='ltr'><strong><em>post</em></strong></span> 
     </span>
     <span class='ocr_line' id='line_1_40' title="bbox 125 2407 1580 2451; baseline 0.001 -13"><span class='ocrx_word' id='word_1_414' title='bbox 125 2407 286 2439; x_wconf 86' lang='lat' dir='ltr'><strong><em>‘Mirum&#39;</em></strong></span> <span class='ocrx_word' id='word_1_415' title='bbox 312 2407 429 2440; x_wconf 85' lang='lat' dir='ltr'><strong><em>Guelf.</em></strong></span> <span class='ocrx_word' id='word_1_416' title='bbox 451 2411 568 2441; x_wconf 85' lang='grc'><strong>2.-17</strong></span> <span class='ocrx_word' id='word_1_417' title='bbox 592 2411 678 2441; x_wconf 87' lang='lat' dir='ltr'><strong><em>Dele</em></strong></span> <span class='ocrx_word' id='word_1_418' title='bbox 706 2411 834 2450; x_wconf 79' lang='lat' dir='ltr'><strong><em>ancilla,</em></strong></span> <span class='ocrx_word' id='word_1_419' title='bbox 853 2420 928 2451; x_wconf 85' lang='lat' dir='ltr'><strong><em>quae</em></strong></span> <span class='ocrx_word' id='word_1_420' title='bbox 944 2414 1078 2450; x_wconf 83' lang='lat' dir='ltr'><strong><em>poterat</em></strong></span> <span class='ocrx_word' id='word_1_421' title='bbox 1094 2419 1113 2440; x_wconf 92' lang='lat' dir='ltr'><strong><em>e</em></strong></span> <span class='ocrx_word' id='word_1_422' title='bbox 1130 2411 1260 2441; x_wconf 86' lang='lat' dir='ltr'><strong><em>vestitu</em></strong></span> <span class='ocrx_word' id='word_1_423' title='bbox 1283 2409 1455 2449; x_wconf 83' lang='lat' dir='ltr'><strong><em>cognosci.</em></strong></span> <span class='ocrx_word' id='word_1_424' title='bbox 1482 2409 1580 2440; x_wconf 80' lang='lat' dir='ltr'><strong><em>Bent.</em></strong></span> 
     </span>
     <span class='ocr_line' id='line_1_41' title="bbox 126 2449 1578 2492; baseline 0.001 -12"><span class='ocrx_word' id='word_1_425' title='bbox 126 2449 259 2481; x_wconf 90' lang='lat' dir='ltr'><strong><em>Parent</em></strong></span> <span class='ocrx_word' id='word_1_426' title='bbox 287 2450 341 2481; x_wconf 81' lang='lat' dir='ltr'><strong><em>hic</em></strong></span> <span class='ocrx_word' id='word_1_427' title='bbox 373 2461 508 2492; x_wconf 88' lang='lat' dir='ltr'><strong><em>quoque</em></strong></span> <span class='ocrx_word' id='word_1_428' title='bbox 538 2453 728 2484; x_wconf 86' lang='lat' dir='ltr'><strong><em>idem.—-l9</em></strong></span> <span class='ocrx_word' id='word_1_429' title='bbox 752 2453 792 2483; x_wconf 86' lang='lat' dir='ltr'><strong><em>In</em></strong></span> <span class='ocrx_word' id='word_1_430' title='bbox 819 2457 897 2483; x_wconf 88' lang='lat' dir='ltr'><strong><em>ante</em></strong></span> <span class='ocrx_word' id='word_1_431' title='bbox 931 2452 940 2469; x_wconf 88' lang='lat'>‘</span> <span class='ocrx_word' id='word_1_432' title='bbox 959 2451 1124 2491; x_wconf 83' lang='lat' dir='ltr'><strong><em>tempore’</em></strong></span> <span class='ocrx_word' id='word_1_433' title='bbox 1156 2452 1249 2483; x_wconf 88' lang='lat' dir='ltr'><strong><em>delet</em></strong></span> <span class='ocrx_word' id='word_1_434' title='bbox 1285 2452 1476 2482; x_wconf 65' lang='lat' dir='ltr'><strong><em>Boin—20</em></strong></span> <span class='ocrx_word' id='word_1_435' title='bbox 1514 2450 1578 2482; x_wconf 89' lang='lat' dir='ltr'><strong><em>Ed.</em></strong></span> 
     </span>
     <span class='ocr_line' id='line_1_42' title="bbox 126 2493 1583 2534; baseline 0 -11"><span class='ocrx_word' id='word_1_436' title='bbox 126 2494 222 2524; x_wconf 74' lang='lat'>1469.</span> <span class='ocrx_word' id='word_1_437' title='bbox 247 2493 419 2532; x_wconf 80' lang='lat' dir='ltr'><strong><em>Propterea</em></strong></span> <span class='ocrx_word' id='word_1_438' title='bbox 442 2495 516 2525; x_wconf 76' lang='lat' dir='ltr'><strong><em>adeo</em></strong></span> <span class='ocrx_word' id='word_1_439' title='bbox 534 2505 663 2534; x_wconf 82' lang='lat' dir='ltr'><strong><em>puerum</em></strong></span> <span class='ocrx_word' id='word_1_440' title='bbox 692 2496 775 2526; x_wconf 81' lang='lat' dir='ltr'><strong><em>tolle.</em></strong></span> <span class='ocrx_word' id='word_1_441' title='bbox 799 2495 839 2525; x_wconf 85' lang='lat' dir='ltr'>W</span> <span class='ocrx_word' id='word_1_442' title='bbox 844 2497 989 2526; x_wconf 80' lang='lat' dir='ltr'><strong><em>est.-2l</em></strong></span> <span class='ocrx_word' id='word_1_443' title='bbox 1017 2495 1198 2525; x_wconf 70' lang='lat' dir='ltr'><strong><em>Excesseris</em></strong></span> <span class='ocrx_word' id='word_1_444' title='bbox 1222 2493 1339 2526; x_wconf 83' lang='lat' dir='ltr'><strong><em>Gueif.</em></strong></span> <span class='ocrx_word' id='word_1_445' title='bbox 1354 2497 1471 2525; x_wconf 83' lang='grc'><strong>2.-22</strong></span> <span class='ocrx_word' id='word_1_446' title='bbox 1497 2493 1583 2528; x_wconf 74' lang='lat' dir='ltr'><strong><em>Quid</em></strong></span> 
     </span>
     <span class='ocr_line' id='line_1_43' title="bbox 126 2534 1584 2576; baseline 0.001 -11"><span class='ocrx_word' id='word_1_447' title='bbox 126 2534 174 2565; x_wconf 80' lang='lat' dir='ltr'><strong><em>ita</em></strong></span> <span class='ocrx_word' id='word_1_448' title='bbox 198 2535 330 2567; x_wconf 79' lang='lat' dir='ltr'><strong><em>id.-23</em></strong></span> <span class='ocrx_word' id='word_1_449' title='bbox 356 2536 538 2568; x_wconf 82' lang='lat' dir='ltr'><strong><em>Venustius</em></strong></span> <span class='ocrx_word' id='word_1_450' title='bbox 555 2537 634 2568; x_wconf 85' lang='lat' dir='ltr'><strong><em>edd.</em></strong></span> <span class='ocrx_word' id='word_1_451' title='bbox 659 2543 743 2569; x_wconf 84' lang='lat' dir='ltr'><strong><em>vett.</em></strong></span> <span class='ocrx_word' id='word_1_452' title='bbox 768 2539 836 2569; x_wconf 82' lang='lat' dir='ltr'><strong><em>dico</em></strong></span> <span class='ocrx_word' id='word_1_453' title='bbox 860 2547 927 2576; x_wconf 82' lang='lat' dir='ltr'><strong><em>ego.</em></strong></span> <span class='ocrx_word' id='word_1_454' title='bbox 951 2537 1054 2568; x_wconf 88' lang='lat' dir='ltr'><strong><em>Bent.</em></strong></span> <span class='ocrx_word' id='word_1_455' title='bbox 1099 2537 1155 2568; x_wconf 90' lang='lat' dir='ltr'><strong><em>Sic</em></strong></span> <span class='ocrx_word' id='word_1_456' title='bbox 1187 2536 1247 2569; x_wconf 87' lang='lat' dir='ltr'><strong><em>dat</em></strong></span> <span class='ocrx_word' id='word_1_457' title='bbox 1273 2536 1375 2568; x_wconf 83' lang='lat' dir='ltr'><strong><em>Both.</em></strong></span> <span class='ocrx_word' id='word_1_458' title='bbox 1419 2536 1466 2568; x_wconf 82' lang='lat' dir='ltr'><strong><em>At</em></strong></span> <span class='ocrx_word' id='word_1_459' title='bbox 1489 2536 1584 2567; x_wconf 79' lang='lat' dir='ltr'><strong><em>etiam</em></strong></span> 
     </span>
    </p>
   </div>
   <div class='ocr_carea' id='block_1_6' title="bbox 129 2622 1580 2775">
    <p class='ocr_par' dir='ltr' id='par_1_17' title="bbox 129 2622 1580 2775">
     <span class='ocr_line' id='line_1_44' title="bbox 781 2622 925 2655; baseline 0 -1"><span class='ocrx_word' id='word_1_460' title='bbox 781 2622 925 2655; x_wconf 83' lang='lat' dir='ltr'><strong>NOTAE</strong></span> 
     </span>
     <span class='ocr_line' id='line_1_45' title="bbox 172 2684 1579 2729; baseline -0.002 -11"><span class='ocrx_word' id='word_1_461' title='bbox 172 2689 212 2718; x_wconf 77' lang='lat'><strong><em>13</em></strong></span> <span class='ocrx_word' id='word_1_462' title='bbox 242 2686 377 2718; x_wconf 82' lang='lat' dir='ltr'><strong><em>Verbum</em></strong></span> <span class='ocrx_word' id='word_1_463' title='bbox 397 2686 425 2717; x_wconf 84' lang='lat' dir='ltr'><strong><em>si</em></strong></span> <span class='ocrx_word' id='word_1_464' title='bbox 447 2686 524 2718; x_wconf 82' lang='lat' dir='ltr'><strong><em>mihi</em></strong></span> <span class='ocrx_word' id='word_1_465' title='bbox 542 2687 660 2729; x_wconf 83' lang='lat' dir='ltr'><strong><em>Unum]</em></strong></span> <span class='ocrx_word' id='word_1_466' title='bbox 682 2686 825 2718; x_wconf 88' lang='lat' dir='ltr'><strong><em>Commi·</em></strong></span> <span class='ocrx_word' id='word_1_467' title='bbox 881 2695 941 2716; x_wconf 85' lang='lat' dir='ltr'><strong><em>vus</em></strong></span> <span class='ocrx_word' id='word_1_468' title='bbox 957 2684 1132 2717; x_wconf 84' lang='lat' dir='ltr'><strong><em>summisse</em></strong></span> <span class='ocrx_word' id='word_1_469' title='bbox 1152 2685 1314 2726; x_wconf 86' lang='lat' dir='ltr'><strong><em>loquitur,</em></strong></span> <span class='ocrx_word' id='word_1_470' title='bbox 1334 2694 1401 2716; x_wconf 92' lang='lat' dir='ltr'><strong><em>non</em></strong></span> <span class='ocrx_word' id='word_1_471' title='bbox 1419 2684 1579 2716; x_wconf 85' lang='lat' dir='ltr'><strong><em>audiente</em></strong></span> 
     </span>
     <span class='ocr_line' id='line_1_46' title="bbox 129 2735 1580 2775; baseline -0.002 -8"><span class='ocrx_word' id='word_1_472' title='bbox 129 2741 230 2768; x_wconf 86' lang='lat' dir='ltr'><strong><em>natur</em></strong></span> <span class='ocrx_word' id='word_1_473' title='bbox 246 2736 420 2767; x_wconf 80' lang='lat' dir='ltr'><strong><em>summisse</em></strong></span> <span class='ocrx_word' id='word_1_474' title='bbox 440 2737 569 2768; x_wconf 86' lang='lat' dir='ltr'><strong><em>Davus.</em></strong></span> <span class='ocrx_word' id='word_1_475' title='bbox 881 2735 1084 2774; x_wconf 79' lang='lat' dir='ltr'><strong><em>Chremete3</em></strong></span> <span class='ocrx_word' id='word_1_476' title='bbox 1109 2739 1145 2766; x_wconf 82' lang='lat' dir='ltr'><strong><em>et</em></strong></span> <span class='ocrx_word' id='word_1_477' title='bbox 1169 2740 1224 2766; x_wconf 89' lang='lat' dir='ltr'><strong><em>est</em></strong></span> <span class='ocrx_word' id='word_1_478' title='bbox 1246 2735 1479 2766; x_wconf 76' lang='lat' dir='ltr'><strong><em>interminatio</em></strong></span> <span class='ocrx_word' id='word_1_479' title='bbox 1493 2744 1580 2775; x_wconf 84' lang='lat' dir='ltr'><strong><em>-pro-</em></strong></span> 
     </span>
    </p>
   </div>
   <div class='ocr_carea' id='block_1_7' title="bbox 172 2785 1505 2827">
    <p class='ocr_par' dir='ltr' id='par_1_18' title="bbox 172 2785 1505 2827">
     <span class='ocr_line' id='line_1_47' title="bbox 172 2785 1505 2827; baseline -0.002 -9"><span class='ocrx_word' id='word_1_480' title='bbox 172 2789 212 2818; x_wconf 82' lang='lat'><strong><em>21</em></strong></span> <span class='ocrx_word' id='word_1_481' title='bbox 238 2786 358 2825; x_wconf 83' lang='lat' dir='ltr'><strong><em>Mane;</em></strong></span> <span class='ocrx_word' id='word_1_482' title='bbox 379 2786 465 2827; x_wconf 80' lang='lat' dir='ltr'><strong><em>cave]</em></strong></span> <span class='ocrx_word' id='word_1_483' title='bbox 494 2787 639 2818; x_wconf 85' lang='lat' dir='ltr'><strong><em>Rursum</em></strong></span> <span class='ocrx_word' id='word_1_484' title='bbox 662 2786 735 2818; x_wconf 87' lang='lat' dir='ltr'><strong><em>haec</em></strong></span> <span class='ocrx_word' id='word_1_485' title='bbox 757 2786 826 2818; x_wconf 88' lang='lat' dir='ltr'><strong><em>Da·</em></strong></span> <span class='ocrx_word' id='word_1_486' title='bbox 880 2785 1042 2826; x_wconf 78' lang='lat' dir='ltr'><strong><em>bibentis,</em></strong></span> <span class='ocrx_word' id='word_1_487' title='bbox 1055 2794 1098 2817; x_wconf 86' lang='lat' dir='ltr'><strong><em>ne</em></strong></span> <span class='ocrx_word' id='word_1_488' title='bbox 1110 2785 1209 2817; x_wconf 85' lang='lat' dir='ltr'><strong><em>tollat</em></strong></span> <span class='ocrx_word' id='word_1_489' title='bbox 1225 2785 1333 2826; x_wconf 80' lang='lat' dir='ltr'><strong><em>Mysis</em></strong></span> <span class='ocrx_word' id='word_1_490' title='bbox 1351 2793 1505 2825; x_wconf 89' lang='lat' dir='ltr'><strong><em>puerum.</em></strong></span> 
     </span>
    </p>
   </div>
  </div>
 </body>
</html>
