1903 3306
512 195 716 225 ANDRJAE
751 195 857 225 Aer.
892 196 924 226 1.
956 195 1023 225 sc.
1060 195 1099 225 v.
1444 185 1528 226 303

81 288 184 330 MY.
216 287 361 329 Unum
382 288 465 328 hoc
489 289 600 339 scio,
639 289 750 330 lianc
779 289 976 330 meritam
997 302 1111 339 csse,
1144 294 1193 329 ut
1214 302 1381 330 memor
1409 302 1528 331 esses

248 355 329 395 sui.

78 423 167 464 PA.
199 422 373 464 Memor
393 425 565 464 essem?
598 437 624 464 o
647 424 807 477 Mysis,
831 422 987 478 Mysis,
1017 425 1148 464 etiam
1169 437 1285 465 nunc
1306 423 1412 466 mihi

78 489 258 543 Scripta
274 490 350 531 illa
371 490 488 532 dicta
510 496 613 531 sunt
633 491 676 531 in
699 492 844 531 animo
862 491 1089 545 Chrysidis

79 556 151 596 De
174 557 408 611 Glycerio:
433 558 528 612 jam
549 558 683 599 ferme
706 559 893 599 moriens
914 572 983 599 me
1007 563 1164 600 vocat:

79 623 291 675 Accessi3
325 637 405 666 vos
425 630 632 683 SPAEUPfftae²
664 638 744 665 nos
765 625 874 666 soli:
906 625 1087 678 incipit:
1474 626 1529 667 50

80 689 148 730 Mi
168 691 414 745 Pamphile,
433 692 560 746 hujus
581 691 763 732 formam
786 697 917 745 atque
941 697 1116 733 aetatem
1138 692 1281 733 vides.

80 757 179 798 Nec
200 759 314 799 clam
333 762 374 799 te
396 764 480 809 est,
504 772 633 813 quam
654 759 721 799 illi
742 765 939 813 utraeque
960 773 1031 799 res
1053 773 1166 819 HQIQ
1184 760 1326 817 utiles,

79 822 136 864 Et
156 824 211 864 ad
223 812 512 878 pudicitiam,
535 828 578 865 et
600 824 655 866 ad
677 838 768 866 rem
790 826 1019 866 tutandam
1044 827 1172 867 sient.

79 888 211 955 Quod
232 904 313 944 ego
334 896 378 933 te
399 905 475 945 per
494 892 607 934 hanc
629 891 828 949 dei-(tram
851 906 943 942 oro,
965 897 1007 934 et
1028 893 1249 947 ingenium
1268 899 1406 944 tuum,

78 1033 153 1062 erga
166 1021 278 1054 illam?
322 1023 401 1056 MY.
426 1023 513 1059 Quid
533 1024 576 1055 sis
583 1023 731 1063 facturus
746 1024 860 1065 nescio,
882 1026 934 1056 sed
951 1035 1006 1064 ego
1023 1025 1076 1056 hoc
1090 1036 1184 1057 unum
1198 1027 1271 1065 scio,
1293 1027 1372 1057 hanc
1387 1027 1531 1059 meritam

76 1076 152 1102 esse,
167 1069 203 1096 ut
218 1075 332 1096 »nemer
345 1075 424 1097 esses
437 1067 500 1097 sui.
546 1067 611 1098 ΡΑ.
641 1068 684 1097 Ut
707 1077 820 1097 memor
842 1071 957 1098 essem?
983 1069 1011 1098 Ο
1037 1069 1150 1109 Mysis,
1180 1070 1312 1110 Mysis!
1337 1069 1431 1100 etiam
1452 1081 1533 1101 nunc

78 1109 159 1138 milii
174 1109 259 1138 dicta
272 1108 325 1138 illa
344 1108 509 1150 Chrysidis
523 1109 671 1149 impressa
687 1113 758 1140 sunt
775 1111 807 1140 in
822 1110 923 1140 animo
939 1120 1004 1141 meo
1019 1111 1055 1141 (le
1072 1112 1229 1152 Glycerio.
1276 1113 1337 1143 Illa
1353 1112 1424 1150 jam
1439 1114 1534 1143 morli

75 1151 222 1190 proxima
250 1151 369 1181 vocavit
392 1161 439 1182 me
465 1153 506 1182 ad
531 1161 574 1181 se.
621 1152 691 1190 Ego
720 1153 833 1183 accessi
856 1154 895 1182 ad
919 1162 996 1184 earn.
1057 1153 1117 1184 Vos
1146 1154 1326 1186 secessistis.
1373 1156 1441 1185 Nos
1475 1156 1533 1185 soli

78 1193 290 1223 remansimus.
337 1194 388 1224 Ea
416 1194 600 1234 sierint-ipit
633 1194 736 1234 loqui:
760 1195 811 1224 Mi
836 1195 1012 1236 Pamphile,
1038 1196 1130 1234 hujus
1155 1197 1294 1234 formam
1318 1197 1466 1227 eximiam
1503 1202 1533 1229 et

78 1238 202 1265 oetaiem
217 1235 324 1272 videm
347 1246 401 1267 uec
416 1239 447 1268 ie
467 1237 542 1267 latet
558 1247 647 1277 quam
663 1237 709 1267 illi
725 1240 862 1277 utroeque
877 1247 927 1268 res
942 1239 1012 1268 istoe
1031 1239 1229 1269 inconmzodoe
1251 1240 1327 1278 sint,
1348 1244 1377 1270 et
1402 1241 1442 1270 acl
1462 1250 1532 1270 cou-

78 1279 260 1309 sercamlum
280 1279 465 1319 pudicitiam
480 1283 510 1310 et
526 1289 591 1311 rem
605 1279 819 1317 famliarem:
840 1284 967 1320 propter
980 1282 1070 1321 quod,
1086 1291 1137 1312 oro
1153 1284 1183 1312 te
1196 1291 1252 1322 per
1266 1282 1344 1313 lianc
1358 1286 1444 1314 tuam
1457 1284 1533 1314 dex·

680 1380 916 1392 eeeeeeeeeeee

76 1465 170 1496 neque
185 1466 260 1488 com.
284 1467 358 1498 quae
375 1458 409 1489 in
426 1458 492 1490 Ms.
508 1468 611 1499 supra
632 1458 755 1490 lineam
772 1459 848 1499 alia,
864 1464 901 1491 nt
918 1458 1065 1496 videtur,
1082 1458 1206 1490 manu.⁹
1253 1459 1449 1492 Commoneat
1464 1471 1531 1503 neq.

76 1509 222 1530 commov.
247 1499 360 1532 Guelf.
378 1504 497 1532 1.-46
519 1501 560 1532 In
582 1502 623 1533 R.
638 1501 676 1531 τὺ
691 1502 769 1532 hunc
787 1503 1015 1534 desideratur.
1038 1503 1132 1533 Lina.
1177 1502 1271 1533 Hanc
1294 1503 1391 1534 abest
1417 1513 1436 1535 a
1463 1515 1532 1535 nie·

76 1541 217 1572 lioribus
243 1542 343 1574 codd.
371 1552 436 1574 nec
463 1544 594 1574 ancillae
622 1544 665 1575 de
692 1545 827 1575 domina
851 1546 1003 1586 loquenti
1031 1545 1202 1576 convenit.
1249 1546 1384 1577 Deinde
1413 1547 1422 1563 ‘
1440 1548 1533 1578 esse’

77 1593 168 1624 pone
185 1589 264 1615 ante
281 1586 290 1602 ‘
307 1585 485 1622 meritam:
502 1588 559 1627 qui
577 1586 659 1617 ordo
674 1592 728 1618 est
745 1588 777 1618 in
793 1588 924 1618 Donati
943 1588 1046 1618 Msto.
1073 1588 1273 1626 Oxoniensi,
1289 1593 1326 1619 ut
1342 1589 1350 1605 ‘
1363 1590 1533 1620 meritam'

78 1627 169 1657 clare
185 1627 293 1668 possit
309 1628 430 1660 audiri.
455 1629 551 1660 Bent.
603 1630 704 1660 Unum
721 1631 750 1661 Ιι.
766 1630 829 1660 scio
845 1641 908 1661 esse
925 1632 1079 1668 meritam,
1104 1634 1137 1660 ut
1155 1631 1199 1661 sis
1223 1640 1336 1661 memor
1360 1632 1409 1662 sui
1429 1633 1533 1664 Both.

78 1668 135 1710 qui
157 1674 272 1700 notat:
297 1671 306 1687 ‘
324 1671 433 1710 Vulgo
459 1675 494 1702 nt
514 1682 557 1703 m.
582 1681 660 1703 esses
682 1673 744 1711 sui,
769 1673 933 1711 depresso
958 1674 1061 1703 verbo
1085 1674 1092 1687 ‘
1111 1673 1259 1703 memor!
1304 1674 1330 1704 C
1356 1674 1418 1705 sis:
1441 1675 1532 1715 quod

76 1713 213 1751 recepi:
238 1713 352 1753 itaque
381 1718 417 1744 et
445 1722 516 1754 seq.
547 1723 644 1744 versu
672 1715 752 1745 dedi
780 1712 904 1746 Memor
929 1715 988 1746 sim
1012 1725 1073 1755 pro
1099 1716 1189 1753 vulg.
1235 1716 1535 1747 Rhium-essem!—

75 1756 117 1784 48
143 1755 189 1785 Ut
205 1755 409 1795 ambiguitas
427 1756 571 1796 genitivi
593 1757 742 1795 tollatur,
764 1758 772 1774 ‘
787 1758 896 1789 dicta'
913 1768 1000 1798 pone
1017 1763 1093 1798 post
1109 1759 1117 1774 ‘
1131 1758 1265 1790 animo!
1287 1758 1385 1790 Beni.
1432 1760 1533 1790 Acci-

77 1797 127 1835 pit
151 1797 398 1828 Bothius.—50
423 1799 477 1829 Ad
504 1800 514 1816 ‘
533 1799 628 1830 Acc.¹
656 1801 686 1830 in
716 1801 842 1831 Glossis
868 1801 924 1831 τοῦ
951 1801 1010 1831 Br.
1043 1806 1095 1831 est
1118 1801 1127 1817 ⁶
1146 1800 1242 1840 egoz'
1273 1802 1314 1832 de
1341 1811 1407 1843 quo
1434 1807 1535 1834 notat

76 1839 211 1870 Bruns:
235 1843 244 1857 ‘
262 1839 432 1872 Inseritur
449 1846 608 1882 tanquan}
627 1852 703 1881 pars
721 1842 948 1874 textus.'-52
972 1844 1021 1873 M.
1039 1848 1074 1874 et
1089 1843 1145 1874 Tr.
1163 1843 1222 1874 sed
1240 1848 1274 1874 et
1290 1844 1535 1884 Lugdunenses

75 1890 206 1918 omnes,
232 1882 368 1914 inutiles.
415 1883 511 1914 Unus
529 1885 596 1914 ita:
621 1891 711 1924 quam
733 1885 781 1915 illi
807 1895 887 1916 minc
903 1889 1042 1925 utrmque
1059 1885 1195 1924 inutiles,
1220 1886 1341 1917 omisso
1357 1897 1419 1926 res,
1443 1888 1533 1928 quod

75 1924 183 1955 habet
200 1925 404 1956 Priscianus·
448 1926 517 1957 Sed
541 1932 646 1957 aetate
673 1928 801 1958 Donati
824 1928 926 1959 etiarn
943 1929 1036 1958 utiles
1051 1929 1190 1958 lectum.
1236 1929 1337 1960 Unde
1355 1939 1420 1960 non
1437 1931 1534 1961 dubi-

77 1967 147 1997 tavi
173 1967 290 2008 edere,
314 1968 365 1998 uti
391 1970 564 2000 recensuit
595 1969 717 2003 Heins.
745 1971 839 2001 ll'est.
887 1971 931 2002 G.
960 1969 1033 2001 EA.
1060 1971 1131 2002 ET.
1158 1971 1239 2001 EM.
1263 1981 1355 2011 quam
1379 1973 1427 2003 illi
1453 1983 1535 2003 nunc

76 2012 215 2050 utraeque
229 2019 278 2040 res
293 2010 433 2041 inutiles.
479 2011 533 2042 Id.
551 2013 582 2042 in
601 2011 691 2043 And.
738 2012 792 2043 Illi
816 2023 898 2044 nuuc
922 2016 1061 2053 ulroeque
1084 2013 1223 2044 inutiles.
1270 2014 1325 2044 Sic
1344 2024 1386 2045 ex
1405 2016 1445 2046 R.
1463 2016 1534 2046 edi-

76 2056 161 2091 tum,
184 2053 272 2093 quod
290 2053 487 2084 Priscianus
514 2054 548 2084 in
574 2059 673 2094 parte
700 2057 866 2095 agnoscit,
887 2055 977 2095 apud
993 2065 1092 2096 quem
1109 2056 1251 2096 legimus
1269 2056 1327 2086 lib.
1344 2065 1420 2089 xlv.
1445 2067 1535 2098 quam

76 2094 126 2125 illi
140 2104 220 2125 nunc
236 2099 372 2136 utraeque
388 2105 438 2126 res
452 2097 590 2127 inutiles.
617 2097 716 2127 Lind.
761 2098 801 2128 R.
817 2098 880 2129 hoc
898 2097 1016 2128 ordine
1034 2099 1143 2138 ponit,
1165 2108 1255 2138 quam
1271 2099 1320 2129 illi
1335 2103 1471 2141 uti-seque
1486 2110 1535 2131 res

76 2146 157 2168 nunc
171 2137 311 2169 inutiles.
357 2138 498 2178 Repone
515 2140 617 2177 utiles,
638 2145 673 2170 et
694 2147 811 2170 versus
832 2145 885 2171 est
902 2141 1025 2171 salvus.
1055 2141 1148 2171 Beni.
1197 2141 1298 2176 Quam
1315 2142 1417 2173 utiles.
1457 2142 1487 2174 I.
1505 2152 1535 2174 e.

76 2188 194 2220 parum
213 2180 322 2211 utiles.
368 2181 470 2220 Saepe
484 2181 656 2222 adjectiva
672 2180 886 2221 affirmantia,
903 2182 931 2213 si
956 2183 964 2199 ‘
976 2182 1091 2222 qnam'
1107 2183 1171 2213 illis
1189 2190 1422 2224 praeponatur,
1438 2187 1534 2225 quasi

77 2223 312 2263 interrogandi
329 2223 442 2261 modo,
465 2223 612 2264 negandi
630 2224 696 2254 vini
713 2224 860 2263 habent3
885 2225 973 2266 quod
996 2234 1072 2256 cum
1096 2226 1158 2256 viri
1186 2225 1280 2257 docti
1307 2227 1442 2267 quidam
1466 2238 1534 2259 non

75 2265 159 2295 satis
176 2270 355 2307 caperent,
378 2266 486 2296 locum
512 2267 764 2306 interpolarunt
779 2268 980 2307 scribendo:
1007 2277 1095 2308 quam
1111 2269 1159 2298 illi
1175 2278 1254 2299 nuuc
1269 2272 1408 2310 utroeque
1422 2280 1472 2301 res
1487 2271 1534 2300 in-

77 2307 181 2338 utiles.
228 2308 268 2338 R.
285 2308 331 2339 D.
367 2308 468 2342 Quam
484 2308 532 2340 illi
547 2311 687 2349 utrmque
701 2319 751 2340 res
768 2306 894 2341 inutiles
908 2310 1010 2342 Both.
1023 2310 1080 2351 qui
1097 2316 1213 2342 notat:
1232 2314 1240 2328 ‘
1254 2312 1364 2352 Vulgo
1381 2323 1471 2353 quum
1485 2314 1535 2343 illi

75 2358 156 2381 nunc
171 2353 235 2380 uir.
251 2350 332 2382 inut.
354 2350 489 2381 insolite
507 2352 655 2392 quidem,
672 2356 708 2382 et
725 2352 829 2383 verbo
845 2356 908 2384 uir.
926 2353 1019 2383 ,male
1038 2353 1160 2392 posito.
1206 2354 1386 2394 Sequimur
1400 2354 1432 2385 A
1449 2360 1484 2387 ct
1507 2357 1534 2386 C

78 2395 113 2422 et
128 2396 211 2423 vett.
225 2392 303 2423 edd.
338 2393 441 2424 Bent.
459 2403 525 2425 non
542 2394 614 2424 sine
631 2395 834 2425 auctoritate
850 2395 1011 2426 librorum
1029 2405 1079 2426 res
1092 2405 1172 2426 nunc
1187 2396 1280 2427 utiles
1296 2397 1425 2428 ironice
1441 2409 1447 2426 :
1473 2399 1533 2428 sed

76 2435 185 2466 nativi
202 2439 280 2466 sunt
294 2436 506 2468 morientes?
550 2437 560 2453 ‘
582 2437 681 2468 Utiles
707 2437 774 2468 Do.
799 2438 940 2468 ironice.
987 2438 1074 2469 Pall.
1092 2438 1236 2469 inutiles.-
1256 2438 1330 2470 itid.
1362 2440 1535 2471 Romanus

79 2477 167 2508 cod.’
180 2478 268 2509 Peri.
303 2478 405 2513 Quam
419 2478 467 2509 ilii
482 2488 562 2509 nunc
576 2482 640 2510 uir.
656 2488 706 2510 res
719 2479 847 2510 inutiles
863 2481 922 2512 ΒΥ.
942 2480 982 2516 Q.
997 2480 1021 2511 i.
1037 2490 1065 2510 n.
1079 2484 1143 2511 πιέν.
1159 2481 1285 2512 inutiles
1298 2482 1425 2513 Z.—53
1443 2483 1533 2515 Gov.

78 2524 115 2550 et
131 2519 224 2552 Glar.
242 2520 364 2551 tollunt
378 2522 438 2552 ad.-
462 2522 551 2562 qnod
569 2526 604 2553 et
621 2521 720 2552 abest
735 2522 777 2552 ab
796 2523 878 2553 EM.
902 2522 960 2553 sed
979 2523 1024 2553 nil
1040 2522 1155 2553 obstat
1183 2524 1304 2563 versui,
1330 2525 1428 2555 modo
1445 2526 1536 2566 lega-

79 2567 136 2592 tur
150 2564 313 2594 tutandam
327 2565 368 2594 ad
382 2573 458 2594 rem.
482 2563 589 2595 West.
633 2565 743 2595 Recte
757 2565 767 2581 ‘
781 2564 869 2595 rem’
896 2570 975 2595 ante
1004 2567 1012 2582 ⁵
1032 2565 1228 2596 tutandam’
1253 2566 1362 2598 locum
1390 2568 1535 2601 obtinet.

78 2604 176 2636 Bent.
220 2606 273 2636 Ad
288 2615 352 2637 rem
368 2607 529 2637 tutandam
544 2610 574 2637 et
591 2607 631 2636 ad
645 2606 829 2646 pudicitiam
851 2607 928 2638 sieut
956 2607 1145 2638 Boin—54
1169 2606 1224 2639 Al.
1240 2612 1271 2639 et
1292 2610 1418 2648 genium
1433 2614 1534 2644 tuum.

78 2647 180 2679 Lind.
225 2648 330 2688 Lege,
344 2649 434 2683 Quod
450 2652 480 2679 ie
495 2658 551 2687 ego
565 2658 621 2689 per
637 2650 780 2679 dextram
796 2650 874 2680 lianc
889 2660 952 2690 oro,
967 2654 995 2680 et
1010 2660 1065 2689 per
1077 2651 1204 2688 genium
1219 2654 1317 2682 tuum.
1356 2653 1432 2683 Duo
1446 2653 1534 2685 Pan.

78 2689 206 2722 habent
219 2691 360 2729 genium,
375 2691 464 2731 quod
482 2696 518 2723 et
532 2691 704 2722 sententia
719 2691 792 2731 ipsa
807 2690 951 2733 flagitat.
1000 2693 1134 2723 Deinde
1161 2703 1217 2732 per
1241 2694 1464 2733 repetendum
1482 2701 1534 2726 est

80 2737 160 2765 ante
174 2733 310 2774 genium,
326 2739 363 2765 ut
379 2734 556 2775 aequalitas
571 2738 718 2766 constet.
744 2734 840 2766 Beni.
889 2736 980 2771 Quini
1007 2746 1062 2775 ego
1085 2745 1140 2776 per
1163 2736 1241 2767 hanc
1265 2740 1296 2769 te
1318 2738 1478 2769 dexteram
1502 2742 1531 2769 et
