1903 3306
435 252 498 282 DE
531 252 731 282 commis
768 252 1182 286 nrmnusmuissus.
1452 249 1536 289 145

82 347 174 385 sede
203 347 278 385 hoc
307 346 473 392 eveniat,
505 345 644 384 eadem
675 346 936 385 validissimus
972 348 1147 386 ratione:
1181 348 1308 398 qualis
1343 351 1457 387 etiam
1485 366 1532 390 ex

82 410 545 449 Heautontimorumeno:
577 414 586 431 ‘
604 411 713 448 Itane
744 417 1009 461 comparatam
1029 424 1114 449 esse
1134 411 1335 450 hominum
1356 420 1532 451 naturam

79 473 277 511 omnium.‘
332 473 455 517 Quem
489 486 640 511 versum
674 474 738 524 qui
773 474 1010 512 trochaicum
1045 482 1196 526 putent,
1226 490 1350 526 nugas
1382 485 1503 527 agant
1522 493 1529 516 :

80 537 164 574 haec
186 537 287 574 enim
307 537 402 587 suga
420 550 546 588 neque
567 538 788 576 necessaria
808 546 880 583 est,
913 546 952 576 et
973 546 1032 576 est
1052 539 1207 577 frustra.
1264 540 1364 578 Nam
1386 540 1423 577 in
1445 555 1532 591 pro-

78 599 171 650 logo
190 599 469 650 Adelphorum,
488 614 576 651 quae
598 613 686 651 pars
707 614 793 638 esse
813 600 930 639 debet
950 601 1205 652 politissima:
1228 607 1237 624 ‘
1256 603 1404 641 Indicio
1424 603 1471 641 de
1493 619 1532 643 se

78 663 162 714 ipse
180 663 276 701 erit:
308 676 376 701 vos
398 664 500 701 eritis
526 664 707 715 jndices?
764 665 808 700 In
837 663 973 702 eadem
1004 664 1176 703 Fabula:
1208 670 1217 686 ⁴
1237 665 1363 708 Quam
1385 674 1452 704 aut
1471 667 1532 705 'nic

79 739 183 764 nunc
215 739 370 764 manere
401 727 576 766 tamdiu:
608 734 675 765 aut
705 741 807 764 nunc
836 728 1045 778 persequi.'
1100 728 1234 779 Inepte
1266 728 1462 767 divertunt
1481 731 1531 767 ad

78 790 308 828 trochaicos.
366 791 468 834 Quid
504 793 605 830 enim
641 792 679 829 in
713 792 781 830 illo
816 791 974 829 dicent?
1010 796 1021 812 ‘
1043 792 1111 831 Ille
1146 792 1278 838 futilis,
1311 794 1503 831 somnium
1523 809 1530 832 :

78 853 224 891 sineres
245 866 333 892 vero
354 854 461 893 illurn
481 862 588 893 tuum
604 855 631 893 2’
673 855 827 894 Etenim
858 855 1050 893 trochaeos
1079 863 1306 907 extorquere
1338 867 1533 907 nequeant

77 930 125 954 ex
145 929 204 956 eo,
254 918 304 955 Et
322 918 360 956 in
382 919 594 958 Eunucho:
623 924 632 941 ‘
650 919 728 957 Sed
749 919 943 956 neminem
965 920 1159 958 curiosum
1178 920 1407 958 intervenire
1428 934 1532 959 nunc

77 979 199 1018 mihi)
251 981 377 1025 Quem
408 982 590 1020 Erasmus
610 995 763 1020 versum
793 995 862 1033 pro
889 983 1041 1020 senario
1061 983 1326 1034 imprudenter
1345 996 1430 1022 sese
1453 997 1531 1022 me-

77 1044 189 1081 titum
219 1057 306 1082 esse
337 1053 462 1096 putat.
520 1047 569 1084 Et
600 1046 639 1084 in
673 1047 854 1097 Hecyra:
886 1047 941 1084 ‘A
979 1047 1181 1099 Myrrhina
1206 1047 1291 1086 haec
1325 1057 1417 1086 sunt
1446 1062 1531 1086 mea

78 1120 196 1145 uxore
217 1115 351 1147 exorta
369 1109 525 1148 omnia.'
574 1110 624 1147 Et
643 1110 681 1147 in
703 1109 868 1148 Poenulo
887 1123 895 1147 :
927 1117 938 1132 ‘
957 1111 1108 1161 Perque
1129 1124 1236 1149 meos
1258 1124 1422 1158 amores,
1445 1125 1531 1162 per-

76 1184 151 1222 que
171 1173 451 1224 Adelphasium
469 1174 623 1212 meam.’
662 1174 712 1211 Et
731 1174 767 1211 in
790 1174 1094 1226 Amphitryone:
1123 1181 1133 1197 ‘
1152 1176 1333 1213 Inimicos
1356 1189 1425 1213 osa
1446 1189 1529 1213 sum

76 1247 226 1285 semper
245 1237 468 1275 obtuerier.’
523 1238 620 1276 Item
639 1238 677 1276 in
698 1236 903 1276 Asinaria:
936 1243 945 1259 ‘
964 1239 1087 1276 Deam
1110 1239 1181 1277 sibi
1213 1239 1382 1285 invocet,
1415 1253 1531 1290 quam

75 1297 234 1344 lubebit,
264 1300 496 1351 propitiam.’
550 1301 600 1339 Et
630 1301 666 1338 iu
700 1301 926 1340 Aulularia:
957 1306 966 1324 ‘
989 1303 1139 1354 Nempe
1171 1303 1274 1342 sicut
1307 1304 1416 1342 dicis.
1438 1305 1531 1355 quid

73 1361 168 1399 hic?
196 1375 274 1400 non
307 1371 460 1415 poterat
491 1364 540 1403 de
571 1378 641 1403 suo
657 1365 686 1402 2’
742 1366 800 1403 Ex
835 1366 1002 1404 Casina:
1034 1367 1140 1404 ‘Aut
1170 1368 1280 1418 quasi
1317 1367 1530 1406 lumbricus

73 1431 212 1463 terram
233 1427 390 1477 quidem
409 1435 447 1466 te
468 1429 669 1479 postules.’
708 1429 819 1468 Sicut
833 1443 880 1467 ex
899 1430 1073 1481 Captivis
1089 1443 1097 1468 :
1121 1436 1131 1452 ‘
1150 1431 1247 1469 Inde
1266 1444 1326 1469 me
1346 1431 1531 1470 continuo

73 1488 255 1540 recipiam
290 1504 440 1529 rursum
476 1492 664 1531 domum.’
719 1494 776 1530 Ex
809 1493 956 1532 Casina
989 1494 1176 1533 alterum:
1213 1498 1222 1515 ‘
1246 1495 1348 1539 Quid
1383 1495 1532 1533 facies?

72 1552 306 1591 concludere
335 1555 375 1592 in
408 1555 617 1594 fenestram
646 1556 833 1595 firmiter.’
887 1557 1004 1601 Quod
1036 1557 1068 1595 si
1098 1557 1230 1595 dicant
1248 1558 1340 1596 elidi
1362 1557 1530 1605 sibilum,

73 1617 401 1665 quemadmodum
434 1619 471 1656 in
505 1619 714 1658 Rudente:
747 1625 757 1640 ‘
775 1620 1009 1658 Illustriores
1029 1620 1122 1658 fecit
1141 1620 1412 1672 fenestrasque
1432 1621 1530 1658 indi-

73 1679 167 1718 dit?
192 1682 354 1733 objicies
376 1682 470 1720 illud
492 1697 540 1721 ex
561 1683 786 1722 Aulularia:
810 1687 820 1704 ‘
835 1683 999 1734 AEdepol
1019 1683 1221 1722 mortalem
1239 1696 1354 1734 parce
1373 1697 1530 1735 parcum

71 1743 294 1794 praedicas.'
330 1745 419 1789 Quo
440 1747 526 1784 loco
548 1747 578 1784 si
592 1746 751 1797 jurandi
772 1746 995 1784 adverbium
1018 1747 1310 1797 pronuntiatum
1330 1755 1531 1786 autument

75 1808 124 1845 ab
157 1809 326 1859 antiquis
366 1823 434 1861 per
466 1810 605 1848 mediae
640 1810 803 1862 syllabae
838 1810 1108 1856 exemdonem,
1148 1811 1264 1849 alium
1299 1825 1474 1863 opponas
1509 1827 1530 1851 e

72 1870 302 1910 Pseudulo:
334 1874 476 1911 ‘Nunc
497 1880 563 1910 tuo
593 1886 680 1911 cum
714 1873 794 1910 filio
826 1873 921 1910 liber
952 1875 1142 1912 accubat:
1175 1874 1331 1912 omnia.'
1388 1875 1462 1913 Ubi
1499 1879 1531 1914 si

70 1934 218 1982 dicant,
248 1936 312 1982 ad,
338 1937 648 1987 praepositionem
669 1937 705 1973 in
727 1937 1008 1987 compositione
1030 1938 1143 1975 etiam
1166 1945 1384 1989 correptam
1404 1952 1529 1977 enun-

71 1998 154 2036 tiari
174 2001 424 2038 consuevisse
444 2013 454 2038 ε
483 2013 703 2051 quaeramus
725 2013 811 2047 nos,
843 2014 961 2051 quare
980 2001 1018 2038 in
1040 2002 1122 2039 aliis
1144 2002 1357 2040 carminum
1378 2005 1529 2054 generi-

71 2062 143 2099 bus
164 2063 281 2100 nullis
302 2063 452 2102 licuerit
471 2064 560 2101 hoc.
609 2064 726 2107 Quod
747 2064 779 2101 si
800 2064 1065 2114 respondeant
1083 2065 1123 2101 in
1144 2077 1265 2103 causa
1284 2079 1370 2104 esse
1390 2066 1528 2117 pedes-

70 2132 167 2163 trem
188 2138 232 2163 ac
253 2126 452 2178 vulgarem
473 2127 686 2165 orationem
705 2140 714 2165 :
741 2127 832 2164 hinc
853 2128 1042 2165 instemus
1063 2141 1149 2175 nos,
1180 2142 1258 2166 non
1281 2130 1394 2167 valde
1416 2132 1528 2168 meri-

68 2195 147 2227 tam
167 2202 254 2228 esse
271 2189 374 2228 illius
393 2190 598 2237 vilitatem,
618 2197 662 2227 ut
680 2197 760 2227 tam
776 2190 966 2228 accuratis
984 2192 1143 2229 astricta
1158 2192 1327 2230 numeris
1343 2193 1526 2231 creticum

70 2260 354 2303 aspernaretur.
395 2254 531 2303 Itaque
552 2254 710 2292 verbum
731 2254 1016 2292 substantivum
1033 2255 1244 2306 aliquando
1261 2256 1366 2293 miris
1383 2263 1527 2294 torsere

69 2316 222 2354 modis:
251 2322 294 2353 ut
313 2317 350 2354 in
373 2316 498 2354 Milite
518 2316 708 2354 Plautus:
739 2321 748 2337 ‘
769 2316 938 2354 Censen’
957 2330 1046 2356 vero
1067 2319 1166 2357 adeo
1187 2332 1274 2356 esse
1295 2332 1468 2370 parcum,
1489 2327 1528 2356 et

70 2381 208 2418 misere
227 2379 384 2417 vivere?
414 2380 535 2418 Dicas
554 2393 714 2418 uxorem
733 2380 801 2418 tibi
821 2393 907 2419 esse
924 2394 1129 2419 necessum
1148 2382 1317 2421 ducere.'
1347 2383 1526 2433 Apertius

66 2455 158 2481 vero
177 2443 216 2481 in
253 2442 496 2495 Gurgulione
529 2444 694 2495 simplici
715 2444 827 2482 sibilo
858 2445 1155 2495 pronuntiatur:
1185 2449 1194 2467 ‘
1214 2446 1314 2484 Huic
1335 2446 1426 2483 anui
1446 2458 1524 2483 non

68 2507 162 2544 satis
181 2513 243 2544 est
262 2507 336 2545 soli
353 2521 362 2546 :
397 2520 534 2546 canem
553 2521 641 2546 esse
673 2508 773 2546 hanc
794 2508 978 2559 quidem!
1034 2509 1214 2547 Ceterum
1235 2510 1322 2560 quis
1342 2509 1485 2547 eximet
1504 2522 1526 2546 a

66 2570 208 2609 cretico
238 2584 391 2609 versum
411 2571 520 2609 illum
552 2584 599 2609 ex
629 2571 852 2609 Trinummo
874 2584 882 2608 :
926 2576 935 2592 ‘
961 2571 1020 2609 Sit
1041 2572 1294 2610 taciturnitati
1313 2573 1415 2610 clam
1435 2573 1525 2610 fidei

67 2645 113 2672 ac
131 2633 327 2673 fiduciae:'
355 2634 427 2671 nisi
454 2635 520 2685 qui
551 2634 602 2672 ad
636 2634 869 2672 trochaicam
902 2647 1006 2672 aram
1039 2635 1145 2675 illam
1179 2636 1317 2674 misere
1338 2636 1526 2687 confuge-

66 2696 145 2734 rit?
172 2697 301 2741 Quare
321 2696 390 2735 illo
410 2698 623 2735 obruantur
647 2710 693 2734 ex
714 2696 972 2747 Gurgulione,
993 2711 1106 2748 quem
1137 2699 1340 2745 iambicus,
1374 2706 1416 2736 ut
1437 2712 1523 2736 sese

66 2757 106 2798 in
125 2761 253 2799 omnia
266 2767 429 2808 vertant,
445 2762 538 2812 quin
554 2762 617 2809 sit,
633 2761 786 2800 efficere
807 2768 1026 2811 nequeant:
1049 2767 1058 2783 ‘
1076 2762 1197 2800 Liberi
1220 2762 1343 2813 lepos,
1361 2769 1404 2799 ut
1422 2770 1524 2799 vete-

150 2834 266 2875 Delph.
278 2839 308 2866 ee
323 2835 399 2867 ναν.
417 2835 504 2868 Clas.
736 2834 860 2866 Terent.
1402 2836 1433 2865 K
