1945 3296
669 214 730 242 nn
763 214 826 242 'rii
840 213 1012 242 EATRO.
1516 204 1571 244 71

105 319 144 349 et
163 317 318 360 repente
337 308 593 354 circumactis,
626 314 666 344 ut
702 314 837 345 contra
869 313 1042 348 starent;
1075 312 1271 355 postremo
1300 306 1381 356 jam
1415 307 1477 344 die
1500 307 1569 345 de-

106 374 383 413 scendentibus
402 372 556 417 tabulis,
576 379 615 409 et
635 372 813 409 omuibus
837 373 935 408 inter
958 384 997 408 se
1019 369 1269 415 coeuntibus,
1291 370 1457 408 faciebat
1478 372 1571 408 Am—

104 439 379 489 phitheatrum,
404 443 443 474 et
463 436 723 487 gladiatorum
746 435 973 486 spectacula
996 434 1152 478 edebat,
1184 434 1309 484 ipsum
1334 434 1457 484 magis
1479 448 1572 473 auc-

106 510 273 540 toratum
294 501 480 552 populum
499 501 721 538 Romanum
739 500 1027 538 circumferens.
1079 499 1216 547 Itaque
1239 497 1364 542 vides,
1387 499 1572 547 quemad-

106 566 265 603 modum
283 565 435 604 Scenici
455 563 567 609 Ludi,
600 563 692 601 dum
714 570 935 613 agerentur,
971 563 1117 599 aversis
1141 561 1319 598 Theatris
1342 563 1572 612 agebantur,

105 643 153 667 ne
186 630 300 667 turba
329 629 461 681 fieret:
492 627 586 665 dum
620 635 748 664 autem
783 627 1114 677 proponebantur,
1151 633 1217 662 aut
1250 625 1569 675 producebantur

105 692 355 743 gladiatores,
375 692 414 728 in
433 690 718 741 Amphitheatri
740 690 1028 728 reducebantur
1046 689 1222 734 formam,
1241 697 1279 726 et
1300 690 1337 725 in
1357 702 1474 727 unum
1493 690 1571 727 duo

106 756 275 794 Theatra
294 756 463 794 coibant.
522 754 601 792 Sed
635 761 674 792 et
709 755 920 792 novissimo
953 754 1015 791 die
1036 754 1107 802 (ait
1126 752 1246 798 idern)
1267 752 1399 791 divisis
1420 753 1572 792 duabus

104 833 174 871 per
191 819 360 858 medium
380 819 522 864 scenis,
546 818 715 856 athletas
735 818 859 856 edidit
881 818 1013 863 Curio,
1041 817 1239 867 raptisque
1261 826 1418 867 repente
1439 831 1460 854 e
1480 830 1574 855 con-

106 885 221 922 trario
249 884 421 934 pulpitis,
455 882 593 921 eodem
625 882 702 927 die,
735 882 900 920 victores
923 896 943 920 e
965 882 1251 932 gladiatoribus
1274 882 1355 918 suis
1376 881 1572 931 produxit.

106 948 227 987 Vides
248 946 577 998 quemadmodum
598 946 792 997 pulpitum
815 946 932 983 etiam
962 945 1220 991 auferebatur,
1254 945 1346 982 dum
1379 945 1573 996 gladiato·

106 1025 167 1051 res
199 1012 425 1064 prodirent;
457 1024 547 1048 nam
581 1010 705 1061 ipsam
737 1022 866 1047 aream
901 1010 1147 1060 occupabat:
1178 1009 1253 1046 hoe
1276 1016 1406 1046 autem
1427 1008 1572 1047 factum

107 1076 192 1123 fuit,
225 1075 341 1113 fessis
375 1074 618 1124 turbatisque
642 1073 866 1111 volubilium
888 1072 1143 1111 Theatrorum
1177 1072 1412 1110 cardinibus.
1471 1072 1571 1110 Nam

107 1146 198 1177 ante
218 1152 296 1176 non
317 1145 400 1176 erat
420 1150 518 1188 opus
539 1137 704 1175 eximere
739 1136 948 1187 pulpitum,
983 1150 1071 1174 cum
1104 1145 1240 1175 contra
1262 1144 1409 1174 starent
1430 1150 1572 1182 scenae,

106 1211 146 1242 et
176 1203 302 1241 locum
325 1203 546 1253 praeberent
564 1201 813 1239 circumactis
833 1200 1009 1239 The-atris
1031 1202 1068 1238 in
1092 1200 1376 1252 Amphitheatri
1397 1200 1572 1247 formam,

104 1274 195 1318 post
216 1267 347 1305 Ludos
369 1266 558 1304 Scenicos
580 1265 798 1304 absolutos.

225 1417 461 1456 THEATRI
492 1415 909 1461 CONFORMATIO,
955 1413 1195 1457 EJUSQUE
1226 1414 1448 1452 PARTES.

159 1526 253 1573 Sed,
283 1539 359 1576 quo
391 1524 550 1563 tandem
583 1523 759 1569 artificio,
799 1535 925 1573 quave
960 1520 1152 1558 industria
1184 1519 1422 1558 aedifieatum
1458 1519 1572 1557 fuerit

105 1590 209 1641 apud
229 1591 409 1642 antiquos
430 1590 655 1633 Theatrum,
690 1586 977 1639 prospiciendis
1010 1587 1183 1623 Scenicis
1221 1585 1341 1623 Ludis
1373 1584 1570 1630 idoneum,

104 1656 241 1706 paucis
262 1655 323 1693 hic
343 1655 452 1693 vobis
475 1666 689 1705 proponere
711 1652 817 1698 libet,
848 1665 896 1689 ne
928 1651 1022 1702 quid
1058 1663 1191 1689 earum
1211 1663 1337 1688 rerum
1358 1650 1571 1700 praetermi-

106 1720 204 1757 sisse
222 1719 432 1762 videamur,
449 1731 538 1768 quae
555 1716 604 1754 ad
621 1716 724 1754 hunc
743 1728 959 1753 sermonem
979 1714 1422 1766 pertinerejudicentur.
1453 1713 1566 1756 Quod

106 1792 236 1822 tamen
259 1798 335 1822 non
358 1785 412 1822 ita
434 1781 705 1834 accipiendum
727 1782 813 1828 erit,
842 1782 954 1831 quasi
975 1780 1024 1817 ad
1048 1792 1216 1830 unguem
1238 1791 1479 1829 expressum,
1501 1777 1571 1815 sed

106 1848 245 1898 partim
268 1847 495 1898 conjectura
516 1852 555 1884 et
574 1846 724 1883 ratione
744 1852 893 1891 natum,
914 1847 1054 1896 partim
1074 1857 1120 1882 ex
1143 1844 1187 1881 iis
1209 1842 1460 1892 descriptum,
1482 1855 1570 1892 quae

107 1921 186 1950 tum
207 1913 245 1949 in
267 1912 438 1962 antiquis
459 1911 578 1948 ruinis
600 1909 811 1961 aliquando
831 1909 1012 1954 vidimus,
1034 1915 1115 1946 tum
1136 1908 1251 1945 etiam
1268 1919 1315 1944 ex
1334 1906 1571 1951 auctoribus,

107 1976 173 2026 qui
193 1975 242 2013 de
261 1976 335 2014 hac
355 1989 394 2013 re
416 1975 668 2026 scripserunt,
703 1972 1083 2024 comprehendimus.
1144 1972 1280 2021 Itaque
1313 1970 1478 2021 primum
1513 1970 1571 2006 in-

104 2039 358 2090 telligendum
381 2046 442 2077 est
459 2038 807 2089 (quemadmodum
831 2038 949 2090 paulo
970 2045 1059 2075 ante
1081 2036 1337 2082 docebamus)
1356 2033 1566 2071 Theatrum

105 2104 227 2142 fuisse
247 2105 285 2141 in
315 2102 548 2141 semicirculi
569 2103 733 2153 figuram
754 2102 1029 2152 compositum,
1062 2107 1178 2150 atque
1200 2100 1251 2136 ita
1271 2097 1570 2141 conformatum,

107 2176 151 2207 ut
178 2182 289 2219 aeque
324 2174 458 2219 gestus
489 2168 767 2218 prospicerent,
802 2179 846 2204 ac
868 2178 983 2202 voces
1006 2164 1184 2202 audirent
1202 2162 1302 2214 (sine
1323 2162 1492 2200 tumultu
1513 2169 1571 2199 ta-

105 2235 226 2279 men),
255 2234 320 2283 qui
339 2231 389 2269 ad
408 2231 532 2269 latera
551 2231 644 2269 etin
667 2230 828 2268 summis
851 2230 1032 2267 sederent
1052 2228 1252 2279 gradibus,
1283 2233 1400 2276 atque
1434 2226 1471 2271 ii,
1504 2225 1570 2275 qui

105 2298 142 2335 in
174 2297 260 2334 imis
287 2296 402 2347 juxta
436 2308 608 2333 scenam.
665 2295 834 2332 Caveam
866 2307 1004 2332 vocare
1034 2293 1187 2331 videtur
1207 2292 1359 2330 Plinius
1381 2291 1509 2327 locum
1530 2290 1568 2326 in

104 2360 286 2406 Theatr0‚
322 2359 507 2411 gradibus
529 2373 573 2397 ac
597 2360 755 2398 sedibus
776 2360 1046 2397 constructum
1067 2364 1184 2407 atque
1217 2355 1491 2405 compositum,
1530 2354 1568 2389 in

107 2438 186 2476 quo
205 2425 358 2464 sederet
377 2424 560 2476 populus„
619 2425 749 2462 Cavea
770 2425 855 2474 ipsa
875 2422 1016 2473 (inquit
1037 2421 1086 2459 de
1105 2421 1276 2458 Theatro
1297 2418 1450 2466 Scauri)
1471 2418 1573 2467 cepit

106 2489 309 2527 hominum
330 2488 534 2539 octoginta
555 2488 674 2525 millia
692 2501 701 2525 :
734 2501 820 2526 cum
844 2486 1018 2536 Pompeii
1047 2485 1202 2531 theatri,
1221 2484 1293 2533 (sic
1315 2483 1415 2520 enim
1438 2482 1570 2532 legen-

109 2553 202 2591 dum
229 2560 315 2591 est:
344 2566 434 2590 nam
465 2565 666 2602 nunquam
686 2552 895 2603 Pompeius
916 2549 1257 2601 Amphitheatrum
1278 2546 1430 2594 edidit,)
1455 2546 1570 2584 toties

107 2617 365 2668 multiplicata
386 2617 502 2661 Urbe,
522 2623 710 2667 tantoque
732 2617 875 2667 majore
897 2615 1057 2666 populo,
1084 2613 1253 2651 sufficiat
1272 2612 1378 2661 large
1401 2610 1571 2660 quadra-

109 2682 218 2732 ginta
238 2680 357 2718 millia
378 2680 525 2718 sedere.
586 2680 670 2717 Nisi
692 2681 813 2718 mavis
836 2693 993 2718 caveam
1015 2678 1192 2728 accipere
1217 2689 1285 2726 pro
1308 2682 1390 2713 tota
1413 2674 1569 2710 Theatri

109 2745 338 2796 capacitate,
367 2751 409 2781 ut
442 2745 559 2782 etiam
593 2758 748 2782 scenam
779 2746 902 2796 ipsam
934 2741 1271 2794 comprehendas;
1303 2738 1409 2790 quod
1439 2745 1567 2775 tamen
